{"gold_per_floor":[109,128,46,46,46,75,75,110,110,141,141,65,81,81,81,186,186,203,223,31,31,31,31,65,65,116,127,139,149,149,74,74,170,170,188,288,305,204,204,239,270,282,317,329,360,389,401],"floor_reached":47,"playtime":4307,"items_purged":["Strike_G"],"score":669,"play_id":"fd507fec-9196-4f6c-9afb-5fd9d50da963","local_time":"20181106231401","is_ascension_mode":true,"campfire_choices":[{"floor":7,"key":"REST"},{"data":"Backstab","floor":11,"key":"SMITH"},{"data":"Dash","floor":15,"key":"SMITH"},{"data":"Apotheosis","floor":23,"key":"SMITH"},{"data":"Noxious Fumes","floor":30,"key":"SMITH"},{"data":"Backstab","floor":32,"key":"SMITH"},{"data":"Strike_G","floor":44,"key":"SMITH"}],"neow_cost":"TEN_PERCENT_HP_LOSS","seed_source_timestamp":205824572144227,"circlet_count":0,"master_deck":["Defend_G","Defend_G","Defend_G","Defend_G","Defend_G","Strike_G+1","Survivor","Neutralize","Malaise","Night Terror+1","Poisoned Stab","Backstab+1","Footwork","Dash","Dash+1","PiercingWail","Noxious Fumes+1","Blur","Blade Dance","Madness","Die Die Die","Cloak And Dagger","Backstab+1","Apotheosis+1","Catalyst+1","Deflect+1","Envenom","Bane","Dagger Throw+1","Dodge and Roll","Dodge and Roll","Writhe","Well Laid Plans+1","Crippling Poison+1","Pain","Backflip+1"],"relics":["Ring of the Snake","Singing Bowl","Art of War","Darkstone Periapt","Regal Pillow","Coffee Dripper","Anchor","Dream Catcher","Cursed Key","Tingsha","MawBank","Centennial Puzzle"],"potions_floor_usage":[16,24,45,47],"damage_taken":[{"damage":4,"enemies":"2 Louse","floor":1,"turns":3},{"damage":0,"enemies":"Cultist","floor":2,"turns":3},{"damage":22,"enemies":"Lagavulin","floor":6,"turns":6},{"damage":8,"enemies":"Gremlin Nob","floor":8,"turns":3},{"damage":5,"enemies":"3 Sentries","floor":10,"turns":12},{"damage":0,"enemies":"Small Slimes","floor":13,"turns":3},{"damage":11,"enemies":"Hexaghost","floor":16,"turns":12},{"damage":21,"enemies":"Chosen","floor":18,"turns":7},{"damage":25,"enemies":"2 Thieves","floor":19,"turns":4},{"damage":18,"enemies":"Slavers","floor":24,"turns":8},{"damage":0,"enemies":"Snake Plant","floor":27,"turns":3},{"damage":10,"enemies":"Snecko","floor":28,"turns":4},{"damage":0,"enemies":"3 Cultists","floor":29,"turns":5},{"damage":12,"enemies":"Champ","floor":33,"turns":15},{"damage":0,"enemies":"Orb Walker","floor":35,"turns":3},{"damage":14,"enemies":"Mind Bloom Boss Battle","floor":36,"turns":8},{"damage":27,"enemies":"3 Darklings","floor":37,"turns":7},{"damage":29,"enemies":"Giant Head","floor":40,"turns":9},{"damage":7,"enemies":"Maw","floor":41,"turns":7},{"damage":20,"enemies":"Sphere and 2 Shapes","floor":45,"turns":5},{"damage":1,"enemies":"4 Shapes","floor":46,"turns":6},{"damage":17,"enemies":"2 Orb Walkers","floor":47,"turns":3}],"seed_played":"583306227640190647","potions_obtained":[{"floor":1,"key":"Ancient Potion"},{"floor":6,"key":"AttackPotion"},{"floor":8,"key":"GhostInAJar"},{"floor":16,"key":"GamblersBrew"},{"floor":19,"key":"SneckoOil"},{"floor":33,"key":"GamblersBrew"},{"floor":36,"key":"SteroidPotion"},{"floor":40,"key":"AttackPotion"}],"is_trial":false,"path_per_floor":["M","M","$","?","?","E","R","E","T","E","R","$","M","?","R","B",null,"M","M","$","?","$","R","E","?","T","M","M","M","R","?","R","B",null,"M","?","M","$","?","E","M","?","T","R","M","M","?"],"character_chosen":"THE_SILENT","items_purchased":["Footwork","Noxious Fumes","Apotheosis","Dodge and Roll"],"campfire_rested":1,"item_purchase_floors":[3,12,20,38],"current_hp_per_floor":[59,59,59,59,59,37,55,47,47,42,42,42,42,48,48,37,69,48,23,23,46,46,46,28,28,28,28,20,22,22,22,22,10,73,73,59,32,32,56,27,20,22,28,28,8,9,0],"gold":401,"neow_bonus":"TRANSFORM_TWO_CARDS","is_prod":false,"is_daily":false,"chose_seed":false,"campfire_upgraded":6,"win_rate":0,"timestamp":1541564041,"path_taken":["M","M","$","?","?","E","R","E","T","E","R","$","M","?","R","BOSS","M","M","$","?","$","R","E","?","T","M","M","?","R","?","R","BOSS","M","?","M","$","?","E","M","?","T","R","M","M","?"],"build_version":"2018-11-01","purchased_purges":1,"victory":false,"max_hp_per_floor":[63,63,63,63,63,63,63,63,63,63,63,63,63,69,69,69,69,69,69,69,69,69,69,69,69,69,69,71,73,73,73,73,73,73,73,73,73,73,79,79,79,81,87,87,87,89,89],"card_choices":[{"not_picked":["All Out Attack","Predator"],"picked":"Poisoned Stab","floor":1},{"not_picked":["Reflex","Backflip"],"picked":"Backstab","floor":2},{"not_picked":["Catalyst","Flying Knee"],"picked":"Dash","floor":6},{"not_picked":["Blur","Heel Hook"],"picked":"Dash","floor":8},{"not_picked":["Flying Knee","Outmaneuver"],"picked":"PiercingWail","floor":10},{"not_picked":["Masterful Stab","Poisoned Stab"],"picked":"Blur","floor":13},{"not_picked":["Envenom","Corpse Explosion"],"picked":"Die Die Die","floor":16},{"not_picked":["Slice","Underhanded Strike+1"],"picked":"Cloak And Dagger","floor":18},{"not_picked":["Outmaneuver","Dagger Spray"],"picked":"Backstab","floor":19},{"not_picked":["Acrobatics","Backflip+1"],"picked":"Catalyst+1","floor":24},{"not_picked":["Bane","Flying Knee+1"],"picked":"Deflect+1","floor":27},{"not_picked":["Heel Hook","Eviscerate","Deflect+1"],"picked":"Singing Bowl","floor":28},{"not_picked":["Calculated Gamble","Choke","Expertise"],"picked":"Singing Bowl","floor":29},{"not_picked":["Grand Finale","Unload"],"picked":"Envenom","floor":33},{"not_picked":["Deflect","Acrobatics+1"],"picked":"Bane","floor":35},{"not_picked":["Prepared+1","Deflect"],"picked":"Dagger Throw+1","floor":36},{"not_picked":["Deadly Poison","Blade Dance+1"],"picked":"Dodge and Roll","floor":37},{"not_picked":["Crippling Poison","Flying Knee"],"picked":"Well Laid Plans+1","floor":40},{"not_picked":["Predator+1","Glass Knife"],"picked":"Crippling Poison+1","floor":41},{"not_picked":["Trip","Madness","Swift Strike"],"picked":"Singing Bowl","floor":42},{"not_picked":["Acrobatics","Reflex+1"],"picked":"Backflip+1","floor":45},{"not_picked":["Sucker Punch","Outmaneuver+1","Bane+1"],"picked":"Singing Bowl","floor":46}],"player_experience":184988,"relics_obtained":[{"floor":6,"key":"Singing Bowl"},{"floor":8,"key":"Art of War"},{"floor":9,"key":"Darkstone Periapt"},{"floor":10,"key":"Regal Pillow"},{"floor":24,"key":"Anchor"},{"floor":26,"key":"Dream Catcher"},{"floor":36,"key":"Tingsha"},{"floor":40,"key":"MawBank"},{"floor":43,"key":"Centennial Puzzle"}],"event_choices":[{"damage_healed":0,"gold_gain":0,"player_choice":"Grow","damage_taken":0,"max_hp_gain":0,"max_hp_loss":0,"event_name":"Living Wall","floor":4,"gold_loss":0,"cards_upgraded":["Night Terror"]},{"damage_healed":0,"gold_gain":0,"player_choice":"Ignored","damage_taken":0,"max_hp_gain":0,"max_hp_loss":0,"event_name":"Liars Game","floor":5,"gold_loss":0},{"damage_healed":0,"gold_gain":0,"player_choice":"3 cards matched","damage_taken":0,"max_hp_gain":0,"max_hp_loss":0,"event_name":"Match and Keep!","floor":14,"gold_loss":0,"cards_obtained":["Shame","Blade Dance","Madness"]},{"damage_healed":23,"gold_gain":0,"player_choice":"Heal","damage_taken":0,"max_hp_gain":0,"max_hp_loss":0,"event_name":"The Library","floor":21,"gold_loss":0},{"cards_removed":["Shame"],"damage_healed":0,"gold_gain":0,"player_choice":"Removed Curses","damage_taken":0,"max_hp_gain":0,"max_hp_loss":0,"event_name":"Fountain of Cleansing","floor":25,"gold_loss":0},{"cards_removed":["Strike_G"],"damage_healed":0,"gold_gain":0,"player_choice":"Gave Gold","damage_taken":0,"max_hp_gain":0,"max_hp_loss":0,"event_name":"Beggar","floor":31,"gold_loss":75},{"damage_healed":0,"gold_gain":0,"player_choice":"Fight","damage_taken":0,"max_hp_gain":0,"max_hp_loss":0,"event_name":"MindBloom","floor":36,"gold_loss":0},{"damage_healed":18,"gold_gain":0,"player_choice":"Writhe","damage_taken":0,"max_hp_gain":0,"max_hp_loss":0,"event_name":"Winding Halls","floor":39,"gold_loss":0,"cards_obtained":["Writhe"]},{"damage_healed":0,"gold_gain":0,"player_choice":"Memory 1","damage_taken":0,"max_hp_gain":0,"max_hp_loss":0,"event_name":"SensoryStone","floor":42,"gold_loss":0},{"damage_healed":0,"gold_gain":0,"player_choice":"Fight","damage_taken":0,"max_hp_gain":0,"max_hp_loss":0,"event_name":"Mysterious Sphere","floor":47,"gold_loss":0}],"is_beta":false,"boss_relics":[{"not_picked":["White Beast Statue","Snecko Eye"],"picked":"Coffee Dripper"},{"not_picked":["Lizard Tail","Eternal Feather"],"picked":"Cursed Key"}],"items_purged_floors":[38],"is_endless":false,"potions_floor_spawned":[1,6,8,16,19,33,36,37,40],"killed_by":"2 Orb Walkers","ascension_level":4}