{"gold_per_floor":[115,37,212,230,129,129,140,140,140,140,153,175,193,211,211,316,316,327,426,53,0,12,68,68,87,87,87,87,102,102,117,117,117],"floor_reached":33,"playtime":2748,"items_purged":["Doubt","Strike_B"],"score":411,"play_id":"a928616f-2b34-40b8-9514-585482b7f27b","local_time":"20180919054405","is_ascension_mode":true,"campfire_choices":[{"data":"Static Discharge","floor":6,"key":"SMITH"},{"data":"Dualcast","floor":8,"key":"SMITH"},{"floor":15,"key":"REST"},{"floor":24,"key":"REST"},{"floor":28,"key":"REST"},{"floor":30,"key":"REST"},{"floor":32,"key":"REST"}],"neow_cost":"NONE","seed_source_timestamp":318205501440810,"circlet_count":0,"master_deck":["Strike_B","Strike_B","Strike_B","Defend_B","Defend_B","Defend_B+1","Defend_B","Zap+1","Dualcast+1","AscendersBane","Streamline","Static Discharge+1","Hologram","Compile Driver","Compile Driver","Reinforced Body","White Noise","Doom and Gloom","Go for the Eyes","Seek","Static Discharge+1","Melter","Streamline","Hologram","Steam","Static Discharge","Beam Cell"],"relics":["Cracked Core","War Paint","Odd Mushroom","Black Star","DollysMirror","Tiny Chest","Bronze Scales","Orichalcum"],"potions_floor_usage":[12,12,16,22,23,25],"damage_taken":[{"damage":0,"enemies":"Small Slimes","floor":1,"turns":3},{"damage":2,"enemies":"Jaw Worm","floor":4,"turns":3},{"damage":4,"enemies":"2 Louse","floor":7,"turns":2},{"damage":22,"enemies":"Large Slime","floor":11,"turns":4},{"damage":13,"enemies":"The Mushroom Lair","floor":12,"turns":2},{"damage":6,"enemies":"Looter","floor":13,"turns":2},{"damage":6,"enemies":"Exordium Wildlife","floor":14,"turns":2},{"damage":40,"enemies":"Hexaghost","floor":16,"turns":8},{"damage":22,"enemies":"Spheric Guardian","floor":18,"turns":4},{"damage":12,"enemies":"Chosen","floor":22,"turns":4},{"damage":33,"enemies":"Slavers","floor":23,"turns":2},{"damage":20,"enemies":"Snake Plant","floor":25,"turns":4},{"damage":20,"enemies":"Shelled Parasite and Fungi","floor":29,"turns":3},{"damage":33,"enemies":"Centurion and Healer","floor":31,"turns":4},{"damage":71,"enemies":"Automaton","floor":33,"turns":6}],"seed_played":"1731496749281607954","potions_obtained":[{"floor":4,"key":"FocusPotion"},{"floor":11,"key":"GamblersBrew"},{"floor":14,"key":"Regen Potion"},{"floor":16,"key":"FearPotion"},{"floor":22,"key":"PowerPotion"},{"floor":23,"key":"AttackPotion"},{"floor":31,"key":"SpeedPotion"}],"is_trial":false,"path_per_floor":["M","$","?","M","$","R","M","R","T","?","M","?","M","M","R","B",null,"M","?","$","?","M","E","R","M","T","?","R","M","R","M","R"],"character_chosen":"DEFECT","items_purchased":["Static Discharge","Compile Driver","DollysMirror","Melter"],"campfire_rested":5,"item_purchase_floors":[2,5,20,20],"current_hp_per_floor":[75,75,75,73,73,73,69,69,69,74,52,39,33,27,53,28,72,50,50,50,50,38,5,31,11,11,40,66,46,72,39,65,0],"gold":117,"neow_bonus":"TEN_PERCENT_HP_BONUS","is_prod":false,"is_daily":false,"chose_seed":false,"campfire_upgraded":2,"win_rate":0,"timestamp":1537328645,"path_taken":["M","$","?","M","$","R","M","R","T","?","M","?","?","M","R","BOSS","M","?","$","?","M","E","R","M","T","?","R","M","R","M","R","BOSS"],"build_version":"2018-09-06","purchased_purges":2,"victory":false,"max_hp_per_floor":[82,82,82,82,82,82,82,82,82,87,87,87,87,87,87,87,87,87,87,87,87,87,87,87,87,87,87,87,87,87,87,87,87],"card_choices":[{"not_picked":["Stack","Redo"],"picked":"Streamline","floor":1},{"not_picked":["Beam Cell","Rebound"],"picked":"Hologram","floor":4},{"not_picked":["Cold Snap","Blizzard"],"picked":"Compile Driver","floor":7},{"not_picked":["Consume","Compile Driver"],"picked":"Reinforced Body","floor":11},{"not_picked":["Redo","Go for the Eyes"],"picked":"White Noise","floor":12},{"not_picked":["Undo","Hologram"],"picked":"Doom and Gloom","floor":13},{"not_picked":["Hyperbeam","Cold Snap"],"picked":"Go for the Eyes","floor":14},{"not_picked":["Machine Learning","Hyperbeam"],"picked":"Seek","floor":16},{"not_picked":["Genetic Algorithm","Steam","Cold Snap"],"picked":"SKIP","floor":18},{"not_picked":["Beam Cell","Tempest"],"picked":"Streamline","floor":22},{"not_picked":["Compile Driver","Coolheaded"],"picked":"Hologram","floor":23},{"not_picked":["Darkness","Ball Lightning"],"picked":"Steam","floor":25},{"not_picked":["Doom and Gloom","Darkness"],"picked":"Static Discharge","floor":29},{"not_picked":["Cold Snap","Stack"],"picked":"Beam Cell","floor":31}],"player_experience":391216,"relics_obtained":[{"floor":9,"key":"War Paint"},{"floor":12,"key":"Odd Mushroom"},{"floor":23,"key":"Tiny Chest"},{"floor":23,"key":"Bronze Scales"},{"floor":26,"key":"Orichalcum"}],"event_choices":[{"event_name":"Liars Game","player_choice":"agreed","floor":3,"damage_taken":0},{"event_name":"Big Fish","player_choice":"Donut","floor":10,"damage_taken":0},{"event_name":"Mushrooms","player_choice":"Fought Mushrooms","floor":12,"damage_taken":0},{"event_name":"Nest","player_choice":"Stole From Cult","floor":19,"damage_taken":0},{"event_name":"Masked Bandits","player_choice":"Paid Fearfully","floor":21,"damage_taken":0},{"event_name":"The Library","player_choice":"Heal","floor":27,"damage_taken":0}],"is_beta":false,"boss_relics":[{"not_picked":["Velvet Choker","Runic Pyramid"],"picked":"Black Star"}],"items_purged_floors":[5,20],"is_endless":false,"potions_floor_spawned":[4,11,14,16,22,23,31],"killed_by":"Automaton","ascension_level":12}