{"gold_per_floor":[119,131,151,161,172,172,206,206,233,249,260,260,279,295,295,395,395,406,0,20,20,38,38,51,51,51,78,78,78],"floor_reached":29,"playtime":1780,"items_purged":["Strike_R"],"score":289,"play_id":"30dfa338-dab0-465d-bbb6-0fad6b25c53c","local_time":"20181109025952","is_ascension_mode":true,"campfire_choices":[{"data":"Combust","floor":6,"key":"SMITH"},{"floor":12,"key":"REST"},{"floor":15,"key":"REST"},{"floor":23,"key":"REST"},{"floor":25,"key":"REST"}],"neow_cost":"PERCENT_DAMAGE","seed_source_timestamp":20614317429566,"circlet_count":0,"master_deck":["Strike_R","Strike_R","Strike_R","Defend_R","Defend_R","Defend_R","Defend_R","Bash","Brutality","Heavy Blade","Uppercut","Cleave","Pommel Strike","Combust+1","Juggernaut","Pommel Strike","Cleave","Armaments","Offering","The Bomb","Metallicize","Uppercut+1","Juggernaut","Heavy Blade+1","J.A.X."],"relics":["Burning Blood","Ornamental Fan","Blood Vial","Lizard Tail","Bag of Marbles","The Courier","Smiling Mask"],"potions_floor_usage":[16,16,22,24,27],"damage_taken":[{"damage":3,"enemies":"2 Louse","floor":1,"turns":3},{"damage":2,"enemies":"Cultist","floor":2,"turns":4},{"damage":8,"enemies":"Jaw Worm","floor":3,"turns":3},{"damage":9,"enemies":"2 Fungi Beasts","floor":4,"turns":4},{"damage":13,"enemies":"Looter","floor":5,"turns":3},{"damage":26,"enemies":"Gremlin Nob","floor":7,"turns":4},{"damage":21,"enemies":"Blue Slaver","floor":10,"turns":4},{"damage":4,"enemies":"2 Fungi Beasts","floor":11,"turns":2},{"damage":8,"enemies":"Looter","floor":13,"turns":4},{"damage":10,"enemies":"Exordium Wildlife","floor":14,"turns":3},{"damage":36,"enemies":"Slime Boss","floor":16,"turns":7},{"damage":36,"enemies":"3 Byrds","floor":18,"turns":5},{"damage":41,"enemies":"Spheric Guardian","floor":20,"turns":5},{"damage":41,"enemies":"Chosen and Byrds","floor":22,"turns":6},{"damage":20,"enemies":"Centurion and Healer","floor":24,"turns":4},{"damage":58,"enemies":"Slavers","floor":27,"turns":5},{"damage":27,"enemies":"Snake Plant","floor":29,"turns":2}],"seed_played":"-3675506856537943334","potions_obtained":[{"floor":7,"key":"FearPotion"},{"floor":10,"key":"FearPotion"},{"floor":11,"key":"Energy Potion"},{"floor":18,"key":"AttackPotion"},{"floor":24,"key":"SpeedPotion"},{"floor":27,"key":"Explosive Potion"}],"is_trial":false,"path_per_floor":["M","M","M","M","M","R","E","?","T","M","M","R","M","M","R","B",null,"M","$","M","$","M","R","M","R","T","E","?","M"],"character_chosen":"IRONCLAD","items_purchased":["The Bomb","Bag of Marbles"],"campfire_rested":4,"item_purchase_floors":[19,19],"current_hp_per_floor":[59,63,61,58,51,51,31,31,31,18,22,46,46,44,68,40,80,50,50,17,17,36,60,48,72,72,22,22,0],"gold":78,"neow_bonus":"THREE_RARE_CARDS","is_prod":false,"is_daily":false,"chose_seed":false,"campfire_upgraded":1,"win_rate":0,"timestamp":1541728792,"path_taken":["M","M","M","M","M","R","E","?","T","M","?","R","M","M","R","BOSS","M","$","M","?","?","R","M","R","T","E","?","M"],"build_version":"2018-11-01","purchased_purges":1,"victory":false,"max_hp_per_floor":[80,80,80,80,80,80,80,80,80,80,80,80,80,80,80,80,80,80,80,80,80,80,80,80,80,80,80,80,80],"card_choices":[{"not_picked":["Feed","Reaper"],"picked":"Brutality","floor":0},{"not_picked":["Clash","Havoc"],"picked":"Heavy Blade","floor":1},{"not_picked":["Sword Boomerang","Iron Wave"],"picked":"Uppercut","floor":2},{"not_picked":["Headbutt","Bloodletting"],"picked":"Cleave","floor":3},{"not_picked":["Sentinel","Rage"],"picked":"Pommel Strike","floor":4},{"not_picked":["Twin Strike","Wild Strike"],"picked":"Combust","floor":5},{"not_picked":["Thunderclap","Bloodletting"],"picked":"Juggernaut","floor":7},{"not_picked":["Perfected Strike","Clothesline"],"picked":"Pommel Strike","floor":10},{"not_picked":["Body Slam","Perfected Strike"],"picked":"Cleave","floor":11},{"not_picked":["Wild Strike","Iron Wave"],"picked":"Armaments","floor":13},{"not_picked":["Cleave","Dark Embrace","True Grit"],"picked":"SKIP","floor":14},{"not_picked":["Feed","Fiend Fire"],"picked":"Offering","floor":16},{"not_picked":["Corruption","Pommel Strike","Flame Barrier"],"picked":"SKIP","floor":18},{"not_picked":["Anger+1","Perfected Strike"],"picked":"Metallicize","floor":20},{"not_picked":["Flame Barrier","Perfected Strike"],"picked":"Uppercut+1","floor":22},{"not_picked":["Uppercut","Burning Pact+1"],"picked":"Juggernaut","floor":24},{"not_picked":["Sentinel","Sever Soul"],"picked":"Heavy Blade+1","floor":27}],"player_experience":755252,"relics_obtained":[{"floor":7,"key":"Ornamental Fan"},{"floor":9,"key":"Blood Vial"},{"floor":26,"key":"The Courier"},{"floor":27,"key":"Smiling Mask"}],"event_choices":[{"cards_removed":["Strike_R"],"damage_healed":0,"gold_gain":0,"player_choice":"Offered Basic","damage_taken":0,"max_hp_gain":0,"max_hp_loss":0,"event_name":"Bonfire Elementals","floor":8,"gold_loss":0},{"damage_healed":0,"gold_gain":0,"player_choice":"Obtain J.A.X.","damage_taken":0,"max_hp_gain":0,"max_hp_loss":0,"event_name":"Drug Dealer","floor":28,"gold_loss":0,"cards_obtained":["J.A.X."]}],"is_beta":false,"boss_relics":[{"not_picked":["Snecko Eye","Eternal Feather"],"picked":"Lizard Tail"}],"items_purged_floors":[19],"is_endless":false,"potions_floor_spawned":[7,10,11,13,14,18,24,27],"killed_by":"Snake Plant","ascension_level":3}