{"gold_per_floor":[116,116,116,132,152,152,183,183,261,261,284,34,52,71,71,190,190,203,90,90,115,115],"floor_reached":22,"playtime":19263,"items_purged":["Strike_B"],"score":279,"play_id":"34e36cde-5f42-4d83-b852-7f287baed316","local_time":"20180917191127","is_ascension_mode":true,"campfire_choices":[{"data":"Zap","floor":6,"key":"SMITH"},{"floor":8,"key":"REST"},{"floor":10,"key":"REST"},{"floor":15,"key":"REST"}],"neow_cost":"TEN_PERCENT_HP_LOSS","seed_source_timestamp":177340828720785,"circlet_count":0,"master_deck":["Strike_B","Strike_B","Strike_B","Defend_B","Defend_B","Defend_B","Defend_B","Zap+1","Dualcast","AscendersBane","Electrodynamics","Reinforced Body","Self Repair","Loop","Doom and Gloom","Buffer","Defragment","Self Repair"],"relics":["Cracked Core","Golden Idol","Lantern","Symbiotic Virus","Bottled Tornado","Inserter","MutagenicStrength"],"potions_floor_usage":[14,14],"damage_taken":[{"damage":0,"enemies":"2 Louse","floor":1,"turns":2},{"damage":8,"enemies":"Small Slimes","floor":4,"turns":3},{"damage":1,"enemies":"Cultist","floor":5,"turns":4},{"damage":30,"enemies":"Gremlin Nob","floor":7,"turns":5},{"damage":0,"enemies":"Looter","floor":11,"turns":2},{"damage":22,"enemies":"Exordium Thugs","floor":13,"turns":3},{"damage":12,"enemies":"Exordium Wildlife","floor":14,"turns":4},{"damage":51,"enemies":"Hexaghost","floor":16,"turns":11},{"damage":17,"enemies":"3 Byrds","floor":18,"turns":3},{"damage":38,"enemies":"Spheric Guardian","floor":21,"turns":6},{"damage":20,"enemies":"Centurion and Healer","floor":22,"turns":6}],"seed_played":"-2373781229229159099","potions_obtained":[{"floor":5,"key":"Ancient Potion"},{"floor":11,"key":"Weak Potion"},{"floor":13,"key":"Ancient Potion"},{"floor":18,"key":"Energy Potion"},{"floor":21,"key":"FocusPotion"}],"is_trial":false,"path_per_floor":["M","?","$","M","M","R","E","R","T","R","M","$","M","M","R","B",null,"M","$","?","M"],"character_chosen":"DEFECT","items_purchased":["Bottled Tornado","Defragment"],"campfire_rested":3,"item_purchase_floors":[12,19],"current_hp_per_floor":[68,63,63,55,54,54,24,42,42,60,63,63,48,43,61,17,52,42,42,42,11,0],"gold":115,"neow_bonus":"THREE_RARE_CARDS","is_prod":false,"is_daily":false,"chose_seed":false,"campfire_upgraded":1,"win_rate":0,"timestamp":1537204287,"path_taken":["M","?","$","M","M","R","E","R","T","R","M","$","M","M","R","BOSS","M","$","?","M","M"],"build_version":"2018-09-06","purchased_purges":1,"victory":false,"max_hp_per_floor":[68,63,63,63,63,63,63,63,63,63,63,63,63,63,63,63,63,63,63,63,63,63],"card_choices":[{"not_picked":["All For One","Hyperbeam"],"picked":"Electrodynamics","floor":0},{"not_picked":["Rebound","Glacier","Go for the Eyes"],"picked":"SKIP","floor":1},{"not_picked":["Beam Cell","Conserve Battery"],"picked":"Reinforced Body","floor":4},{"not_picked":["Barrage","Turbo","Redo"],"picked":"SKIP","floor":5},{"not_picked":["Scrape","Amplify"],"picked":"Self Repair","floor":7},{"not_picked":["Scrape","Streamline"],"picked":"Loop","floor":11},{"not_picked":["Coolheaded","Skim","Compile Driver"],"picked":"SKIP","floor":13},{"not_picked":["Hologram","Ball Lightning"],"picked":"Doom and Gloom","floor":14},{"not_picked":["Thunder Strike","Machine Learning"],"picked":"Buffer","floor":16},{"not_picked":["Rip and Tear+1","Go for the Eyes","Gash"],"picked":"SKIP","floor":18},{"not_picked":["Melter","Barrage"],"picked":"Self Repair","floor":21}],"player_experience":278259,"relics_obtained":[{"floor":7,"key":"Lantern"},{"floor":9,"key":"Symbiotic Virus"}],"event_choices":[{"event_name":"Golden Idol","player_choice":"Lose Max HP","floor":2,"damage_taken":0},{"event_name":"Drug Dealer","player_choice":"Inject Mutagens","floor":20,"damage_taken":0}],"is_beta":false,"boss_relics":[{"not_picked":["Philosopher\u0027s Stone","Tiny House"],"picked":"Inserter"}],"items_purged_floors":[19],"is_endless":false,"potions_floor_spawned":[5,11,13,18,21],"killed_by":"Centurion and Healer","ascension_level":10}