{"gold_per_floor":[116,126,126,126,126,159,178,208,208,220,220,195,221,221,221,221],"floor_reached":16,"playtime":510,"items_purged":[],"score":250,"play_id":"b02e17a7-f856-4902-92e0-c92101540598","local_time":"20180719174740","is_ascension_mode":true,"campfire_choices":[{"floor":11,"key":"REST"},{"floor":15,"key":"REST"}],"neow_cost":"NONE","seed_source_timestamp":602315400553576,"circlet_count":0,"master_deck":["Defend_G+1","Defend_G","Defend_G","Defend_G","Defend_G","Strike_G","Strike_G","Strike_G","Strike_G","Survivor+1","Neutralize","AscendersBane","Sucker Punch","Flying Knee","Slice","Dagger Spray","Prepared","Flying Knee","Sucker Punch"],"relics":["Ring of the Snake","NeowsBlessing","Centennial Puzzle","Pear","War Paint","Potion Belt","Dodecahedron"],"potions_floor_usage":[8,10],"damage_taken":[{"damage":0,"enemies":"Cultist","floor":1,"turns":1},{"damage":0,"enemies":"Small Slimes","floor":2,"turns":1},{"damage":0,"enemies":"Gremlin Nob","floor":6,"turns":1},{"damage":1,"enemies":"Jaw Worm","floor":7,"turns":3},{"damage":35,"enemies":"Lagavulin","floor":8,"turns":10},{"damage":0,"enemies":"3 Louse","floor":10,"turns":1},{"damage":30,"enemies":"Gremlin Nob","floor":13,"turns":5},{"damage":55,"enemies":"The Guardian","floor":16,"turns":13}],"seed_played":"2934727874847805760","potions_obtained":[{"floor":1,"key":"Explosive Potion"},{"floor":3,"key":"Weak Potion"}],"is_trial":false,"path_per_floor":["M","M","?","?","$","E","M","E","T","M","R","$","E","?","R"],"character_chosen":"THE_SILENT","items_purchased":["Flying Knee"],"campfire_rested":2,"item_purchase_floors":[12],"current_hp_per_floor":[59,59,59,52,52,52,51,26,26,26,48,48,18,13,35,0],"gold":221,"neow_bonus":"THREE_ENEMY_KILL","is_prod":false,"is_daily":false,"chose_seed":false,"campfire_upgraded":0,"win_rate":0,"timestamp":1532047660,"path_taken":["M","?","?","?","$","E","M","E","T","M","R","$","E","?","R","BOSS"],"build_version":"2018-07-12","purchased_purges":0,"victory":false,"max_hp_per_floor":[66,66,66,66,66,66,66,76,76,76,76,76,76,76,76,76],"card_choices":[{"not_picked":["Masterful Stab","Crippling Poison"],"picked":"Sucker Punch","floor":1},{"not_picked":["Catalyst","Distraction"],"picked":"Flying Knee","floor":2},{"not_picked":["Riddle With Holes","Flechettes"],"picked":"Slice","floor":6},{"not_picked":["Catalyst","Deflect"],"picked":"Dagger Spray","floor":7},{"not_picked":["Distraction","Bane","Deflect"],"picked":"SKIP","floor":8},{"not_picked":["Underhanded Strike","Slice"],"picked":"Prepared","floor":10},{"not_picked":["Flechettes","Accuracy"],"picked":"Sucker Punch","floor":13}],"player_experience":369181,"relics_obtained":[{"floor":6,"key":"Centennial Puzzle"},{"floor":8,"key":"Pear"},{"floor":9,"key":"War Paint"},{"floor":13,"key":"Potion Belt"}],"event_choices":[{"event_name":"The Lab","player_choice":"Got Potions","floor":3,"damage_taken":0},{"event_name":"Golden Wing","player_choice":"Card Removal","floor":4,"damage_taken":0},{"event_name":"Scrap Ooze","player_choice":"success","floor":14,"damage_taken":5}],"boss_relics":[],"items_purged_floors":[],"is_endless":false,"potions_floor_spawned":[1,6],"killed_by":"The Guardian","ascension_level":15}