{"path_per_floor":["M","?","M","T","M","E","R","M","T","R","?","?","R","M","R","B",null,"M","M","M","M"],"character_chosen":"IRONCLAD","items_purchased":[],"gold_per_floor":[110,110,127,127,142,170,170,181,181,181,181,181,181,195,195,299,299,318,328,342,358],"floor_reached":22,"campfire_rested":0,"playtime":2019,"current_hp_per_floor":[88,88,85,85,88,58,58,64,64,64,57,57,57,62,62,29,70,57,45,27,23],"items_purged":[],"gold":358,"play_id":"60d0aec7-47ba-4c3d-bfb6-aa374f11d69e","is_prod":false,"is_daily":false,"campfire_rituals":0,"campfire_upgraded":4,"is_hardmode":false,"path_taken":["M","?","M","?","M","E","R","M","T","R","?","?","R","M","R","BOSS","M","M","M","?","M"],"build_version":"2018-01-11-PROD2","purchased_purges":0,"victory":false,"master_deck":["Strike_R","Strike_R","Strike_R","Strike_R","Defend_R","Defend_R","Defend_R","Defend_R","Bash","Shrug It Off","Power Through","Seeing Red","Dropkick","Battle Trance","Inflame","Limit Break","Flex","Sword Boomerang","Body Slam","Limit Break"],"max_hp_per_floor":[88,88,88,88,88,88,88,88,88,88,88,88,88,88,88,88,70,70,70,70,70],"relics":["Burning Blood","Champion Belt","Smiling Mask","Regal Pillow","Happy Flower","Runic Cube"],"campfire_meditates":0,"card_choices":[{"not_picked":["Dual Wield","Feel No Pain"],"picked":"Shrug It Off"},{"not_picked":["Fire Breathing","Rupture"],"picked":"Power Through"},{"not_picked":["Iron Wave","Intimidate"],"picked":"Seeing Red"},{"not_picked":["Warcry","Clash"],"picked":"Dropkick"},{"not_picked":["Iron Wave","Rampage"],"picked":"Battle Trance"},{"not_picked":["Fire Breathing","Heavy Blade"],"picked":"Inflame"},{"not_picked":["Berserk","Double Tap"],"picked":"Limit Break"},{"not_picked":["Second Wind","Burning Pact"],"picked":"Flex"},{"not_picked":["Iron Wave","Heavy Blade"],"picked":"Sword Boomerang"},{"not_picked":["Uppercut","Feel No Pain"],"picked":"Body Slam"},{"not_picked":["Heavy Blade","Corruption"],"picked":"Limit Break"}],"player_experience":51544,"potions_floor_usage":[20,20],"damage_taken":[{"damage":5,"enemies":"Cultist","floor":1,"turns":4},{"damage":9,"enemies":"Blue Slaver","floor":3,"turns":5},{"damage":0,"enemies":"Jaw Worm","floor":5,"turns":3},{"damage":36,"enemies":"Lagavulin","floor":6,"turns":9},{"damage":0,"enemies":"Looter","floor":8,"turns":3},{"damage":1,"enemies":"2 Fungi Beasts","floor":14,"turns":4},{"damage":39,"enemies":"Slime Boss","floor":16,"turns":19},{"damage":19,"enemies":"Chosen","floor":18,"turns":6},{"damage":18,"enemies":"2 Thieves","floor":19,"turns":4},{"damage":30,"enemies":"3 Cultists","floor":20,"turns":6},{"damage":10,"enemies":"Snake Plant","floor":21,"turns":3},{"damage":29,"enemies":"Centurion and Healer","floor":22,"turns":2}],"event_choices":[{"event_name":"The Woman in Blue","player_choice":"Bought 0 Potions","floor":2,"damage_taken":0},{"event_name":"Scrap Ooze","player_choice":"success","floor":11,"damage_taken":7},{"event_name":"Bonfire Elementals","player_choice":"BASIC","floor":12,"damage_taken":0}],"boss_relics":[{"not_picked":["Runic Pyramid","Ectoplasm"],"picked":"Runic Cube"}],"potions_floor_spawned":[5,6,8,16,18,19],"seed_played":"4431339669235801413","killed_by":"Centurion and Healer","is_trial":false}