{"path_per_floor":["M","M","?","M","$","E","?","E","T","R","$","M","M","M","R","B",null,"M","?","?","?","M","E","R","M","T","R","$","M","R","?","R"],"character_chosen":"DEFECT","items_purchased":["Bandage Up","Conserve Battery"],"gold_per_floor":[110,130,130,145,70,104,104,137,211,211,111,124,142,160,160,255,255,273,273,273,273,285,317,317,333,333,333,160,175,175,175,175,175],"floor_reached":33,"campfire_rested":4,"playtime":1747,"current_hp_per_floor":[74,73,73,73,73,46,46,24,24,46,46,52,49,49,49,28,75,75,75,75,75,59,9,31,27,27,49,49,45,45,45,67,0],"items_purged":["Strike_B","Strike_B"],"gold":175,"score":275,"play_id":"4d456543-192a-4cf0-ae98-1644166a66cb","local_time":"20180518181729","is_prod":false,"is_daily":false,"chose_seed":false,"is_ascension_mode":false,"campfire_upgraded":2,"timestamp":1526692649,"campfire_choices":[{"floor":10,"key":"REST"},{"data":"Chaos","floor":15,"key":"SMITH"},{"floor":24,"key":"REST"},{"floor":27,"key":"REST"},{"data":"Electrodynamics","floor":30,"key":"SMITH"},{"floor":32,"key":"REST"}],"path_taken":["M","M","?","M","$","E","?","E","T","R","$","M","M","M","R","BOSS","M","?","?","?","M","E","R","?","T","R","$","M","R","?","R","BOSS"],"build_version":"2018-05-17","seed_source_timestamp":426334570794346,"purchased_purges":3,"victory":false,"master_deck":["Defend_B","Defend_B","Defend_B","Zap","Dualcast","Leap","Tempest","Chaos+1","Fission","Chill","Self Repair","Ball Lightning","Ball Lightning","Axe Kick","Electrodynamics+1","Loop","Reinforced Body","Aggregate","Barrage","Leap","Steam+1","Go for the Eyes","Bandage Up","Conserve Battery","Steam"],"max_hp_per_floor":[75,75,75,75,75,75,75,75,75,75,75,75,75,75,75,75,75,75,75,75,75,75,75,75,75,75,75,75,75,75,75,75,75],"relics":["Cracked Core","Bronze Scales","Unceasing Top","Art of War","Orrery","Nloth\u0027s Gift","Omamori","Shuriken","Juzu Bracelet"],"card_choices":[{"not_picked":["Beam Cell","Self Repair"],"picked":"Leap","floor":1},{"not_picked":["Cold Snap","Gash"],"picked":"Tempest","floor":2},{"not_picked":["Rebound","Blizzard"],"picked":"Chaos","floor":4},{"not_picked":["Capacitor","Axe Kick"],"picked":"Fission","floor":6},{"not_picked":["Capacitor","Hologram"],"picked":"Self Repair","floor":8},{"not_picked":["Beam Cell","FTL"],"picked":"Ball Lightning","floor":12},{"not_picked":["Scrape","Cold Snap"],"picked":"Ball Lightning","floor":13},{"not_picked":["Cold Snap","Amplify"],"picked":"Axe Kick","floor":14},{"not_picked":["Reboot","Echo Form"],"picked":"Electrodynamics","floor":16},{"not_picked":["Skim","Chill"],"picked":"Loop","floor":17},{"not_picked":["Skim","Darkness"],"picked":"Reinforced Body","floor":17},{"not_picked":["Steam","Genetic Algorithm"],"picked":"Aggregate","floor":17},{"not_picked":["Steam","Axe Kick"],"picked":"Barrage","floor":17},{"not_picked":["Go for the Eyes","Genetic Algorithm"],"picked":"Leap","floor":18},{"not_picked":["Axe Kick","Capacitor","Go for the Eyes"],"picked":"SKIP","floor":22},{"not_picked":["Turbo+1","Meteor Strike"],"picked":"Steam+1","floor":23},{"not_picked":["Sweeping Beam","Stack"],"picked":"Go for the Eyes","floor":25},{"not_picked":["Rebound","Hello World+1"],"picked":"Steam","floor":29}],"player_experience":106716,"potions_floor_usage":[16,16,16,33],"damage_taken":[{"damage":1,"enemies":"Cultist","floor":1,"turns":3},{"damage":1,"enemies":"Jaw Worm","floor":2,"turns":3},{"damage":0,"enemies":"Small Slimes","floor":4,"turns":2},{"damage":27,"enemies":"Gremlin Nob","floor":6,"turns":4},{"damage":22,"enemies":"Lagavulin","floor":8,"turns":7},{"damage":1,"enemies":"Gremlin Gang","floor":12,"turns":4},{"damage":3,"enemies":"Looter","floor":13,"turns":2},{"damage":0,"enemies":"2 Fungi Beasts","floor":14,"turns":2},{"damage":28,"enemies":"Hexaghost","floor":16,"turns":6},{"damage":5,"enemies":"Shell Parasite","floor":18,"turns":5},{"damage":16,"enemies":"2 Thieves","floor":22,"turns":4},{"damage":57,"enemies":"Book of Stabbing","floor":23,"turns":7},{"damage":11,"enemies":"Snake Plant","floor":25,"turns":4},{"damage":15,"enemies":"Sentry and Sphere","floor":29,"turns":8},{"damage":86,"enemies":"Champ","floor":33,"turns":12}],"relics_obtained":[{"floor":6,"key":"Unceasing Top"},{"floor":8,"key":"Art of War"},{"floor":9,"key":"Dodecahedron"},{"floor":23,"key":"Omamori"},{"floor":26,"key":"Shuriken"}],"event_choices":[{"event_name":"Purifier","player_choice":"One Purge","floor":3,"damage_taken":0},{"event_name":"Transmorgrifier","player_choice":"Transform","floor":7,"damage_taken":0},{"event_name":"Drug Dealer","player_choice":"Ignored","floor":19,"damage_taken":0},{"event_name":"Back to Basics","player_choice":"Elegance","floor":20,"damage_taken":0},{"event_name":"N\u0027loth","player_choice":"Traded a Dodecahedron","floor":21,"damage_taken":0},{"event_name":"The Mausoleum","player_choice":"Yes","floor":31,"damage_taken":0}],"boss_relics":[{"not_picked":["Runic Pyramid","Snecko Eye"],"picked":"Orrery"}],"potions_floor_spawned":[2,8,13,25],"seed_played":"-8981481391743636866","killed_by":"Champ","ascension_level":0,"potions_obtained":[{"floor":2,"key":"Poison Potion"},{"floor":8,"key":"GamblersBrew"},{"floor":13,"key":"LiquidBronze"},{"floor":25,"key":"Swift Potion"}],"is_trial":false}