{"path_per_floor":["M","?","M","M","?","R","M","E","T","E","$","R","M"],"character_chosen":"THE_SILENT","items_purchased":["Noxious Fumes"],"gold_per_floor":[20,20,40,54,4,4,18,51,107,138,59,59,78,78],"floor_reached":14,"campfire_rested":0,"playtime":677,"current_hp_per_floor":[77,77,74,74,74,74,74,53,53,36,36,36,35,0],"items_purged":[],"gold":78,"score":158,"play_id":"c78da4dc-b2dd-4f40-abc2-2e95205c20ad","local_time":"20180413092847","is_prod":false,"is_daily":false,"chose_seed":false,"is_ascension_mode":true,"campfire_upgraded":3,"timestamp":1523604527,"path_taken":["M","?","M","M","?","R","?","E","T","E","$","R","M","?","R","BOSS"],"build_version":"2018-04-12","seed_source_timestamp":0,"purchased_purges":0,"victory":false,"master_deck":["Defend_G","Defend_G","Defend_G","Defend_G","Strike_G","Strike_G","Strike_G","Strike_G","Survivor","Neutralize+1","AscendersBane","Backflip","Quick Slash","Skewer+1","PiercingWail","After Image+1","PiercingWail","Malaise","Noxious Fumes","Cloak And Dagger","Parasite"],"max_hp_per_floor":[84,84,84,84,84,84,84,84,84,84,84,84,84,84],"relics":["Ring of the Snake","Mango","Prayer Wheel","Tiny Chest","Question Card"],"card_choices":[{"not_picked":["Dagger Throw","Blade Dance"],"picked":"Backflip","floor":1.0},{"not_picked":["Deadly Poison","Outmaneuver"],"picked":"Quick Slash","floor":3.0},{"not_picked":["Flying Knee","Dodge and Roll"],"picked":"Skewer","floor":4.0},{"not_picked":["Deflect","Quick Slash"],"picked":"PiercingWail","floor":7.0},{"not_picked":["Bane","Quick Slash"],"picked":"After Image","floor":8.0},{"not_picked":["Bane","Prepared"],"picked":"PiercingWail","floor":9.0},{"not_picked":["Footwork","Backflip"],"picked":"Malaise","floor":10.0},{"not_picked":["Deadly Poison","Tactician","Deflect"],"picked":"Cloak And Dagger","floor":13.0}],"player_experience":301591,"potions_floor_usage":[14],"damage_taken":[{"damage":0.0,"enemies":"Small Slimes","floor":1.0,"turns":4.0},{"damage":3.0,"enemies":"Cultist","floor":3.0,"turns":6.0},{"damage":0.0,"enemies":"2 Louse","floor":4.0,"turns":3.0},{"damage":0.0,"enemies":"Large Slime","floor":7.0,"turns":4.0},{"damage":21.0,"enemies":"Gremlin Nob","floor":8.0,"turns":4.0},{"damage":17.0,"enemies":"Lagavulin","floor":10.0,"turns":9.0},{"damage":1.0,"enemies":"3 Louse","floor":13.0,"turns":6.0},{"damage":11.0,"enemies":"Gremlin Gang","floor":14.0,"turns":5.0},{"damage":47,"enemies":"Slime Boss","floor":14,"turns":9}],"event_choices":[{"event_name":"Purifier","player_choice":"One Purge","floor":2.0,"damage_taken":0.0},{"event_name":"The Cleric","player_choice":"Card Removal","floor":5.0,"damage_taken":0.0},{"event_name":"Mushrooms","player_choice":"Healed and dodged fight","floor":14,"damage_taken":0}],"boss_relics":[],"potions_floor_spawned":[1,8,10],"seed_played":"4335921025034488963","killed_by":"Slime Boss","ascension_level":11,"is_trial":false}