{"gold_per_floor":[119,119,138,138,149,180,191,205,258,258,271,446,469,374,374,472,472,491,491,441,441,460,485,485,498,498,498,498,508,508],"floor_reached":30,"playtime":938,"items_purged":["Doubt","Strike_B"],"score":399,"play_id":"d3820e9d-8db0-4aea-81d3-d1e365d4db57","local_time":"20190103174426","is_ascension_mode":true,"campfire_choices":[{"data":"Blizzard","floor":10,"key":"SMITH"},{"floor":15,"key":"REST"},{"floor":24,"key":"REST"}],"neow_cost":"NONE","seed_source_timestamp":1132607202453751,"circlet_count":0,"master_deck":["Strike_B","Strike_B","Strike_B","Defend_B","Defend_B","Defend_B","Zap","Dualcast","Ball Lightning","Chill","Good Instincts","Skim","Blizzard+1","Seek","Consume","Cold Snap","Blizzard","Redo","Core Surge","Cold Snap","Writhe","Cold Snap","Capacitor+1","Conserve Battery+1","Necronomicurse","Loop"],"relics":["Cracked Core","Boot","Dodecahedron","DataDisk","Smiling Mask","Sozu","Bronze Scales","Centennial Puzzle","Bottled Lightning","Necronomicon","MutagenicStrength"],"potions_floor_usage":[6,16,22],"damage_taken":[{"damage":0,"enemies":"2 Louse","floor":1,"turns":1},{"damage":0,"enemies":"Cultist","floor":3,"turns":2},{"damage":5,"enemies":"Jaw Worm","floor":5,"turns":3},{"damage":9,"enemies":"3 Sentries","floor":6,"turns":8},{"damage":0,"enemies":"Large Slime","floor":7,"turns":4},{"damage":9,"enemies":"Blue Slaver","floor":8,"turns":3},{"damage":0,"enemies":"3 Louse","floor":11,"turns":2},{"damage":39,"enemies":"The Guardian","floor":16,"turns":9},{"damage":17,"enemies":"3 Byrds","floor":18,"turns":4},{"damage":3,"enemies":"Spheric Guardian","floor":22,"turns":4},{"damage":0,"enemies":"Gremlin Leader","floor":23,"turns":6},{"damage":30,"enemies":"Snake Plant","floor":25,"turns":3},{"damage":14,"enemies":"Cultist and Chosen","floor":29,"turns":7},{"damage":12,"enemies":"Shelled Parasite and Fungi","floor":30,"turns":3}],"seed_played":"8682196949677141766","potions_obtained":[{"floor":3,"key":"SteroidPotion"},{"floor":6,"key":"EssenceOfSteel"},{"floor":7,"key":"SkillPotion"}],"is_trial":false,"path_per_floor":["M","?","M","?","M","E","M","M","T","R","M","?","T","$","R","B",null,"M","?","$","?","M","E","R","M","T","?","?","M","M"],"character_chosen":"DEFECT","items_purchased":["Redo"],"campfire_rested":2,"item_purchase_floors":[14],"current_hp_per_floor":[68,61,61,61,56,47,47,38,38,38,38,38,38,38,60,21,62,45,70,70,70,67,67,75,45,45,29,29,15,3],"gold":508,"neow_bonus":"REMOVE_CARD","is_prod":false,"is_daily":false,"chose_seed":false,"campfire_upgraded":1,"win_rate":0,"timestamp":1546533866,"path_taken":["M","?","M","?","M","E","M","?","T","R","?","?","?","$","R","BOSS","M","?","$","?","M","E","R","M","T","?","?","?","M"],"build_version":"2018-12-20","purchased_purges":2,"victory":false,"max_hp_per_floor":[75,75,75,75,75,75,75,75,75,75,75,75,75,75,75,75,75,75,75,75,75,75,75,75,75,75,75,75,75,75],"card_choices":[{"not_picked":["Conserve Battery","Barrage"],"picked":"Ball Lightning","floor":1},{"not_picked":["Turbo","Recycle"],"picked":"Chill","floor":3},{"not_picked":["Stack","Doom and Gloom"],"picked":"Blizzard","floor":5},{"not_picked":["Static Discharge","Stack"],"picked":"Seek","floor":6},{"not_picked":["Conserve Battery","Redo"],"picked":"Consume","floor":7},{"not_picked":["Sweeping Beam","Force Field"],"picked":"Cold Snap","floor":8},{"not_picked":["Hologram","Conserve Battery"],"picked":"Blizzard","floor":11},{"not_picked":["Meteor Strike","Reboot"],"picked":"Core Surge","floor":16},{"not_picked":["Redo","Stack"],"picked":"Cold Snap","floor":18},{"not_picked":["Streamline+1","Coolheaded+1"],"picked":"Cold Snap","floor":22},{"not_picked":["Go for the Eyes","Chaos+1"],"picked":"Capacitor+1","floor":23},{"not_picked":["Skim+1","Doom and Gloom"],"picked":"Conserve Battery+1","floor":25},{"not_picked":["Machine Learning","Conserve Battery"],"picked":"Loop","floor":29}],"player_experience":500878,"relics_obtained":[{"floor":6,"key":"Dodecahedron"},{"floor":9,"key":"DataDisk"},{"floor":13,"key":"Smiling Mask"},{"floor":23,"key":"Centennial Puzzle"},{"floor":26,"key":"Bottled Lightning"},{"floor":27,"key":"Necronomicon"}],"event_choices":[{"damage_healed":0,"gold_gain":0,"player_choice":"Success","damage_taken":7,"relics_obtained":["Boot"],"max_hp_gain":0,"max_hp_loss":0,"event_name":"Scrap Ooze","floor":2,"gold_loss":0},{"damage_healed":0,"gold_gain":0,"player_choice":"2 cards matched","damage_taken":0,"max_hp_gain":0,"max_hp_loss":0,"event_name":"Match and Keep!","floor":4,"gold_loss":0,"cards_obtained":["Good Instincts","Skim"]},{"damage_healed":0,"gold_gain":175,"player_choice":"AGREE","damage_taken":0,"max_hp_gain":0,"max_hp_loss":0,"event_name":"Liars Game","floor":12,"gold_loss":0,"cards_obtained":["Doubt"]},{"damage_healed":25,"gold_gain":0,"player_choice":"Heal","damage_taken":0,"max_hp_gain":0,"max_hp_loss":0,"event_name":"The Library","floor":19,"gold_loss":0},{"damage_healed":0,"gold_gain":0,"player_choice":"Opened","damage_taken":0,"relics_obtained":["Bronze Scales"],"max_hp_gain":0,"max_hp_loss":0,"event_name":"The Mausoleum","floor":21,"gold_loss":0,"cards_obtained":["Writhe"]},{"damage_healed":0,"gold_gain":0,"player_choice":"Obtained Book","damage_taken":16,"max_hp_gain":0,"max_hp_loss":0,"event_name":"Cursed Tome","floor":27,"gold_loss":0},{"damage_healed":0,"gold_gain":0,"player_choice":"Inject Mutagens","damage_taken":0,"relics_obtained":["MutagenicStrength"],"max_hp_gain":0,"max_hp_loss":0,"event_name":"Drug Dealer","floor":28,"gold_loss":0}],"is_beta":false,"boss_relics":[{"not_picked":["White Beast Statue","Lizard Tail"],"picked":"Sozu"}],"items_purged_floors":[14,20],"is_endless":false,"potions_floor_spawned":[3,6,7,18,29],"killed_by":"Shelled Parasite and Fungi","ascension_level":9}