{"gold_per_floor":[114,114,129,76,76,91,121,121,121,296,326,341,371,386,386,486,486,501,222,222,237,87,87,117,117,117,117,132,147,147,177,177,277,277,292,307,7,22,37,367,382,382,382,397,397,397,397,72,72,72],"floor_reached":51,"playtime":2724,"items_purged":["Strike_B","Dualcast","Armaments+1"],"score":885,"play_id":"f9a22e4a-2318-47f4-9ec1-4fc6aeac6c12","local_time":"20180827205701","daily_mods":["Diverse","Time Dilation","Terminal"],"is_ascension_mode":false,"campfire_choices":[{"data":"Metallicize","floor":8,"key":"SMITH"},{"data":"Doubt","floor":15,"key":"PURGE"},{"data":"Strike_B","floor":23,"key":"PURGE"},{"data":"Strike_B","floor":27,"key":"PURGE"},{"data":"Strike_B","floor":30,"key":"PURGE"},{"data":"Flex","floor":32,"key":"SMITH"},{"floor":42,"key":"REST"},{"data":"Shame","floor":47,"key":"PURGE"},{"data":"Zap+1","floor":49,"key":"PURGE"}],"neow_cost":"","seed_source_timestamp":0,"circlet_count":0,"master_deck":["Defend_B+1","Defend_B+1","Defend_B+1","Defend_B+1","Sword Boomerang+1","Footwork+1","Metallicize+1","Escape Plan+1","Beam Cell+1","Glass Knife+1","Thunderclap+1","Blade Dance+1","Sucker Punch+1","Escape Plan+1","Cloak And Dagger+1","Cloak And Dagger+1","Cloak And Dagger+1","Tools of the Trade+1","Flex+1","Demon Form+1","Quick Slash+1","Clothesline+1","Clothesline+1","Dash+1","Flex+1"],"special_seed":17771,"relics":["Cracked Core","Question Card","Bag of Preparation","Blood Vial","Peace Pipe","Boot","Pen Nib","Sozu","Strawberry","Oddly Smooth Stone","Vajra","MutagenicStrength","War Paint","Centennial Puzzle","Cursed Key","Lee\u0027s Waffle","Old Coin","Cables","Mark of the Bloom","Toolbox"],"potions_floor_usage":[16,24,24],"damage_taken":[{"damage":1,"enemies":"Jaw Worm","floor":1,"turns":3},{"damage":0,"enemies":"Small Slimes","floor":3,"turns":2},{"damage":0,"enemies":"Cultist","floor":6,"turns":2},{"damage":0,"enemies":"Lagavulin","floor":7,"turns":7},{"damage":9,"enemies":"Gremlin Nob","floor":11,"turns":5},{"damage":0,"enemies":"3 Louse","floor":12,"turns":2},{"damage":0,"enemies":"Lagavulin","floor":13,"turns":7},{"damage":0,"enemies":"2 Fungi Beasts","floor":14,"turns":3},{"damage":0,"enemies":"The Guardian","floor":16,"turns":5},{"damage":0,"enemies":"3 Byrds","floor":18,"turns":4},{"damage":0,"enemies":"Shell Parasite","floor":21,"turns":2},{"damage":0,"enemies":"Slavers","floor":24,"turns":3},{"damage":0,"enemies":"Centurion and Healer","floor":28,"turns":2},{"damage":0,"enemies":"Snecko","floor":29,"turns":3},{"damage":0,"enemies":"Book of Stabbing","floor":31,"turns":3},{"damage":13,"enemies":"Automaton","floor":33,"turns":9},{"damage":0,"enemies":"Orb Walker","floor":35,"turns":1},{"damage":0,"enemies":"3 Darklings","floor":36,"turns":4},{"damage":1,"enemies":"4 Shapes","floor":38,"turns":4},{"damage":15,"enemies":"Maw","floor":39,"turns":4},{"damage":12,"enemies":"2 Orb Walkers","floor":40,"turns":3},{"damage":0,"enemies":"Flame Bruiser 2 Orb","floor":41,"turns":1},{"damage":0,"enemies":"Sphere and 2 Shapes","floor":44,"turns":2},{"damage":4,"enemies":"Time Eater","floor":50,"turns":6}],"seed_played":"-1305355615776414321","potions_obtained":[{"floor":6,"key":"Fire Potion"},{"floor":11,"key":"Explosive Potion"},{"floor":12,"key":"Strength Potion"}],"is_trial":false,"path_per_floor":["M","?","M","?","?","M","E","R","T","?","E","M","E","M","R","B",null,"M","$","?","M","$","R","E","?","T","R","M","M","R","E","R","B",null,"M","M","$","M","M","E","M","R","T","M","?","$","R","$","R","B"],"character_chosen":"DEFECT","items_purchased":["Strawberry","Sucker Punch","Oddly Smooth Stone","Lee\u0027s Waffle","Toolbox"],"campfire_rested":1,"item_purchase_floors":[19,19,22,37,48],"current_hp_per_floor":[73,61,61,61,61,61,61,61,61,61,54,56,58,60,59,58,57,56,62,61,60,59,58,57,56,55,54,53,52,51,50,49,36,47,46,45,51,50,35,25,27,41,41,43,43,42,41,40,39,35],"gold":72,"neow_bonus":"","is_prod":false,"is_daily":true,"chose_seed":false,"campfire_upgraded":2,"win_rate":0,"timestamp":1535428621,"path_taken":["M","?","M","?","?","M","E","R","T","?","E","?","E","M","R","BOSS","M","$","?","M","$","R","E","?","T","R","?","M","R","E","R","BOSS","M","M","$","M","M","E","M","R","T","M","?","?","R","$","R","BOSS"],"build_version":"2018-08-23v2","purchased_purges":3,"victory":true,"max_hp_per_floor":[73,72,71,70,69,68,67,66,65,64,63,62,61,60,59,58,57,56,62,61,60,59,58,57,56,55,54,53,52,51,50,49,48,47,46,45,51,50,49,48,47,46,45,44,43,42,41,40,39,38],"card_choices":[{"not_picked":["Anger","Sunder"],"picked":"Sword Boomerang","floor":1},{"not_picked":["Darkness","Rampage","Acrobatics"],"picked":"Armaments","floor":3},{"not_picked":["Chaos","Outmaneuver","Dagger Throw"],"picked":"Footwork","floor":6},{"not_picked":["Capacitor","Storm","Infinite Blades"],"picked":"Metallicize","floor":7},{"not_picked":["Sentinel","Headbutt","Metallicize"],"picked":"Escape Plan","floor":11},{"not_picked":["Clash","Sword Boomerang","Loop"],"picked":"Beam Cell","floor":12},{"not_picked":["Infernal Blade","Prepared","Dropkick"],"picked":"Glass Knife","floor":13},{"not_picked":["Backstab","Calculated Gamble","Coolheaded"],"picked":"Thunderclap","floor":14},{"not_picked":["Anger","True Grit","Sword Boomerang"],"picked":"Blade Dance","floor":18},{"not_picked":["Combust","Turbo","Sword Boomerang"],"picked":"Cloak And Dagger","floor":21},{"not_picked":["Acrobatics","Thunderclap","Blizzard"],"picked":"Cloak And Dagger","floor":24},{"not_picked":["Gash","Auto Shields","Conserve Battery"],"picked":"Cloak And Dagger+1","floor":28},{"not_picked":["Skewer","Dodge and Roll+1","Deadly Poison"],"picked":"Tools of the Trade","floor":29},{"not_picked":["Dodge and Roll","Scrape","Poisoned Stab"],"picked":"Flex","floor":31},{"not_picked":["Unload","Corpse Explosion","Electrodynamics"],"picked":"Demon Form","floor":33},{"not_picked":["Deadly Poison+1","Headbutt","Rebound+1"],"picked":"Quick Slash+1","floor":35},{"not_picked":["Sucker Punch","Heavy Blade","Fusion"],"picked":"Clothesline+1","floor":36},{"not_picked":["Stack","Coolheaded+1","Rip and Tear+1"],"picked":"Clothesline+1","floor":38},{"not_picked":["Undo","Warcry","Dropkick+1","Slice"],"picked":"SKIP","floor":39},{"not_picked":["Heavy Blade+1","Gash","Bloodletting+1"],"picked":"Dash+1","floor":40},{"not_picked":["Terror+1","Twin Strike+1","Clash","Headbutt+1"],"picked":"SKIP","floor":41},{"not_picked":["Exhume","Rebound+1","Cold Snap+1"],"picked":"Flex+1","floor":44}],"player_experience":442683,"relics_obtained":[{"floor":7,"key":"Blood Vial"},{"floor":9,"key":"Peace Pipe"},{"floor":11,"key":"Boot"},{"floor":13,"key":"Pen Nib"},{"floor":24,"key":"Vajra"},{"floor":26,"key":"War Paint"},{"floor":31,"key":"Centennial Puzzle"},{"floor":40,"key":"Old Coin"},{"floor":43,"key":"Cables"}],"event_choices":[{"event_name":"Scrap Ooze","player_choice":"success","floor":2,"damage_taken":12},{"event_name":"WeMeetAgain","player_choice":"Gold","floor":4,"damage_taken":0},{"event_name":"Living Wall","player_choice":"Grow","floor":5,"damage_taken":0},{"event_name":"Liars Game","player_choice":"agreed","floor":10,"damage_taken":0},{"event_name":"The Library","player_choice":"Read","floor":20,"damage_taken":0},{"event_name":"Drug Dealer","player_choice":"Inject Mutagens","floor":25,"damage_taken":0},{"event_name":"MindBloom","player_choice":"Upgrade","floor":45,"damage_taken":0}],"is_beta":false,"boss_relics":[{"not_picked":["White Beast Statue","Velvet Choker"],"picked":"Sozu"},{"not_picked":["Empty Cage","Calling Bell"],"picked":"Cursed Key"}],"items_purged_floors":[19,37,48],"is_endless":false,"potions_floor_spawned":[6,11,12,14,21,24,36,38,44],"ascension_level":0}