{"gold_per_floor":[111,111,135,65,65,99,99,130,130,143,143,143,143,167,167,260,260,276,276,53,68,89,89,89,89,115,135,160,173,173,198,198,198],"floor_reached":33,"playtime":3502,"items_purged":["Strike_B"],"score":481,"play_id":"0403c721-a9ac-4767-a364-6d368265e3c9","local_time":"20180923145546","is_ascension_mode":true,"campfire_choices":[{"floor":7,"key":"REST"},{"floor":11,"key":"REST"},{"floor":15,"key":"REST"},{"data":"Self Repair","floor":23,"key":"SMITH"},{"floor":25,"key":"REST"},{"floor":32,"key":"REST"}],"neow_cost":"","seed_source_timestamp":696155518616583,"circlet_count":0,"master_deck":["Strike_B","Strike_B","Strike_B","Defend_B","Defend_B","Defend_B","Zap","Dualcast","AscendersBane","BootSequence","Defragment","Electrodynamics","Consume+1","Cold Snap","Rainbow+1","Ball Lightning","Self Repair+1","Pain","Ball Lightning"],"relics":["Cracked Core","Bloody Idol","Bottled Lightning","Toxic Egg 2","Potion Belt","Ornamental Fan","Cursed Key","MutagenicStrength","Bronze Scales","Strawberry","Smiling Mask"],"potions_floor_usage":[6,6,8,16,22,22,31,33],"damage_taken":[{"damage":0,"enemies":"2 Louse","floor":1,"turns":2},{"damage":3,"enemies":"Jaw Worm","floor":3,"turns":4},{"damage":30,"enemies":"Lagavulin","floor":6,"turns":6},{"damage":16,"enemies":"Gremlin Nob","floor":8,"turns":3},{"damage":6,"enemies":"Cultist","floor":10,"turns":4},{"damage":4,"enemies":"Red Slaver","floor":14,"turns":3},{"damage":42,"enemies":"Hexaghost","floor":16,"turns":10},{"damage":3,"enemies":"Chosen","floor":18,"turns":4},{"damage":3,"enemies":"Spheric Guardian","floor":21,"turns":3},{"damage":0,"enemies":"Snecko","floor":22,"turns":3},{"damage":7,"enemies":"Chosen and Byrds","floor":27,"turns":4},{"damage":19,"enemies":"3 Cultists","floor":28,"turns":4},{"damage":15,"enemies":"Cultist and Chosen","floor":29,"turns":5},{"damage":19,"enemies":"Gremlin Leader","floor":31,"turns":5},{"damage":79,"enemies":"Collector","floor":33,"turns":7}],"seed_played":"4494148933237198291","potions_obtained":[{"floor":1,"key":"Ancient Potion"},{"floor":5,"key":"Ancient Potion"},{"floor":5,"key":"Poison Potion"},{"floor":6,"key":"Fire Potion"},{"floor":14,"key":"FocusPotion"},{"floor":16,"key":"SpeedPotion"},{"floor":21,"key":"Strength Potion"},{"floor":22,"key":"Weak Potion"},{"floor":31,"key":"Regen Potion"}],"is_trial":false,"path_per_floor":["M","?","M","$","?","E","R","E","T","M","R","T","?","M","R","B",null,"M","?","$","M","M","R","?","R","T","M","M","M","?","E","R"],"character_chosen":"DEFECT","items_purchased":["Defragment","Bronze Scales"],"campfire_rested":5,"item_purchase_floors":[4,20],"current_hp_per_floor":[64,64,61,61,61,31,50,34,34,28,47,47,47,43,62,20,53,50,50,50,47,47,47,47,64,71,71,62,47,47,43,64,0],"gold":198,"neow_bonus":"","is_prod":false,"is_daily":false,"chose_seed":false,"campfire_upgraded":1,"win_rate":0,"timestamp":1537707346,"path_taken":["M","?","?","?","?","E","R","E","T","M","R","?","?","?","R","BOSS","M","?","$","M","M","R","?","R","T","M","M","?","?","E","R","BOSS"],"build_version":"2018-09-20","purchased_purges":1,"victory":false,"max_hp_per_floor":[71,64,64,64,64,64,64,64,64,64,64,64,64,64,64,64,64,64,64,64,64,64,64,64,64,71,71,71,71,71,71,71,71],"card_choices":[{"not_picked":["Rebound","Barrage"],"picked":"BootSequence","floor":1},{"not_picked":["Beam Cell","Steam","Tempest"],"picked":"SKIP","floor":3},{"not_picked":["Steam","Redo","Sweeping Beam"],"picked":"SKIP","floor":6},{"not_picked":["Ball Lightning","Sweeping Beam"],"picked":"Electrodynamics","floor":8},{"not_picked":["Steam+1","Ball Lightning"],"picked":"Consume+1","floor":10},{"not_picked":["Conserve Battery+1","Stack+1"],"picked":"Cold Snap","floor":14},{"not_picked":["Thunder Strike","Hyperbeam"],"picked":"Rainbow+1","floor":16},{"not_picked":["Sweeping Beam","Hello World","Streamline"],"picked":"SKIP","floor":18},{"not_picked":["BootSequence+1","Redo+1"],"picked":"Ball Lightning","floor":21},{"not_picked":["Streamline","Auto Shields+1"],"picked":"Self Repair","floor":22},{"not_picked":["Stack+1","Undo+1","Steam Power+1"],"picked":"SKIP","floor":27},{"not_picked":["Genetic Algorithm+1","Streamline","Hyperbeam"],"picked":"SKIP","floor":28},{"not_picked":["Hologram+1","Streamline","Beam Cell"],"picked":"SKIP","floor":29},{"not_picked":["Heatsinks","Compile Driver"],"picked":"Ball Lightning","floor":31}],"player_experience":569274,"relics_obtained":[{"floor":6,"key":"Bottled Lightning"},{"floor":8,"key":"Toxic Egg 2"},{"floor":9,"key":"Potion Belt"},{"floor":12,"key":"Ornamental Fan"},{"floor":26,"key":"Strawberry"},{"floor":31,"key":"Smiling Mask"}],"event_choices":[{"event_name":"Golden Idol","player_choice":"Lose Max HP","floor":2,"damage_taken":0},{"event_name":"The Lab","player_choice":"Got Potions","floor":5,"damage_taken":0},{"event_name":"Dead Adventurer","player_choice":"Searched \u00270\u0027 times","floor":13,"damage_taken":0},{"event_name":"Drug Dealer","player_choice":"Inject Mutagens","floor":19,"damage_taken":0},{"event_name":"Back to Basics","player_choice":"Elegance","floor":24,"damage_taken":0},{"event_name":"Forgotten Altar","player_choice":"Gave Idol","floor":30,"damage_taken":0}],"is_beta":false,"boss_relics":[{"not_picked":["Coffee Dripper","Snecko Eye"],"picked":"Cursed Key"}],"items_purged_floors":[20],"is_endless":false,"potions_floor_spawned":[1,6,14,16,21,22,31],"killed_by":"Collector","ascension_level":15}