{"gold_per_floor":[112,112,128,128,149,149,162,183,255,255],"floor_reached":10,"playtime":692,"items_purged":[],"score":117,"play_id":"6cbda544-a048-45ef-8f19-792141b4cf0a","local_time":"20190325191611","is_ascension_mode":true,"campfire_choices":[{"data":"Consume","floor":6,"key":"SMITH"}],"neow_cost":"NONE","seed_source_timestamp":66627716169451,"circlet_count":0,"master_deck":["AscendersBane","Strike_B","Strike_B","Strike_B","Strike_B","Defend_B","Defend_B","Defend_B","Defend_B","Zap","Dualcast","Consume+1","Ball Lightning","Echo Form"],"relics":["Cracked Core","Golden Idol","Bottled Flame"],"potions_floor_usage":[7,10],"damage_taken":[{"damage":6,"enemies":"Small Slimes","floor":1,"turns":4},{"damage":3,"enemies":"2 Louse","floor":3,"turns":3},{"damage":1,"enemies":"Cultist","floor":5,"turns":3},{"damage":12,"enemies":"Looter","floor":7,"turns":3},{"damage":18,"enemies":"3 Louse","floor":8,"turns":4},{"damage":34,"enemies":"Large Slime","floor":10,"turns":5}],"seed_played":"8344776114217670609","potions_obtained":[{"floor":3,"key":"GamblersBrew"},{"floor":5,"key":"Strength Potion"}],"is_trial":false,"path_per_floor":["M","?","M","?","M","R","M","M","T","M"],"character_chosen":"DEFECT","items_purchased":[],"campfire_rested":0,"item_purchase_floors":[],"current_hp_per_floor":[65,65,62,62,61,61,49,31,31,0],"gold":255,"neow_bonus":"TEN_PERCENT_HP_BONUS","is_prod":false,"is_daily":false,"chose_seed":false,"campfire_upgraded":1,"win_rate":0,"timestamp":1553537771,"path_taken":["M","?","M","?","M","R","M","?","T","M"],"build_version":"2019-01-23","purchased_purges":0,"victory":false,"max_hp_per_floor":[78,78,78,78,78,78,78,78,78,78],"card_choices":[{"not_picked":["Coolheaded","Barrage","Sweeping Beam"],"picked":"SKIP","floor":1},{"not_picked":["Reinforced Body","Tempest"],"picked":"Consume","floor":3},{"not_picked":["Hologram","Barrage","Sweeping Beam"],"picked":"SKIP","floor":5},{"not_picked":["Streamline","Go for the Eyes"],"picked":"Ball Lightning","floor":7},{"not_picked":["Turbo","Consume"],"picked":"Echo Form","floor":8}],"player_experience":779906,"relics_obtained":[{"floor":9,"key":"Bottled Flame"}],"event_choices":[{"damage_healed":0,"gold_gain":0,"player_choice":"Take Wound","damage_taken":0,"relics_obtained":["Golden Idol"],"max_hp_gain":0,"max_hp_loss":0,"event_name":"Golden Idol","floor":2,"gold_loss":0,"cards_obtained":["Injury"]},{"cards_removed":["Injury"],"damage_healed":0,"gold_gain":0,"player_choice":"Removed Curses","damage_taken":0,"max_hp_gain":0,"max_hp_loss":0,"event_name":"Fountain of Cleansing","floor":4,"gold_loss":0}],"is_beta":false,"boss_relics":[],"items_purged_floors":[],"is_endless":false,"potions_floor_spawned":[3,5],"killed_by":"Large Slime","ascension_level":19}