{"path_per_floor":["M","M","$","M","M","R","E","R","T","?","M","R","?","?","R"],"character_chosen":"THE_SILENT","items_purchased":[],"gold_per_floor":[10,20,20,30,43,43,71,71,71,71,84,84,84,114,114,114],"floor_reached":16,"campfire_rested":2,"playtime":645,"current_hp_per_floor":[49,44,44,43,32,53,33,33,33,33,35,35,35,35,56,0],"items_purged":[],"gold":114,"score":150,"play_id":"18e6608c-4228-4fb7-bfb8-6fa5e3aa97b2","local_time":"20180508214326","is_prod":false,"is_daily":false,"chose_seed":false,"is_ascension_mode":true,"campfire_upgraded":2,"timestamp":1525841006,"path_taken":["M","M","?","M","M","R","E","R","T","?","?","R","?","?","R","BOSS"],"build_version":"2018-05-03","seed_source_timestamp":357051089802382,"purchased_purges":0,"victory":false,"master_deck":["Defend_G","Defend_G","Defend_G","Defend_G","Defend_G","Strike_G","Strike_G","Strike_G","Strike_G","Strike_G","Survivor","Neutralize","AscendersBane","Envenom+1","Escape Plan","Dagger Spray","Caltrops","Prepared","Envenom+1","Injury"],"max_hp_per_floor":[70,70,70,70,70,70,70,70,70,70,72,72,72,72,72,72],"relics":["Ring of the Snake","Singing Bowl","Pen Nib","Golden Idol"],"card_choices":[{"not_picked":["Adrenaline","Grand Finale"],"picked":"Envenom","floor":0},{"not_picked":["Choke","Prepared"],"picked":"Escape Plan","floor":1},{"not_picked":["Endless Agony","Deadly Poison"],"picked":"Dagger Spray","floor":2},{"not_picked":["Dodge and Roll","Skewer"],"picked":"Caltrops","floor":4},{"not_picked":["Crippling Poison","Bane"],"picked":"Prepared","floor":5},{"not_picked":["Accuracy","Deadly Poison"],"picked":"Envenom","floor":7}],"player_experience":269071,"potions_floor_usage":[7,7,11,11],"damage_taken":[{"damage":14,"enemies":"Cultist","floor":1,"turns":5},{"damage":5,"enemies":"2 Louse","floor":2,"turns":5},{"damage":1,"enemies":"Jaw Worm","floor":4,"turns":4},{"damage":11,"enemies":"Exordium Wildlife","floor":5,"turns":6},{"damage":20,"enemies":"Lagavulin","floor":7,"turns":7},{"damage":0,"enemies":"Red Slaver","floor":11,"turns":6},{"damage":59,"enemies":"Slime Boss","floor":16,"turns":8}],"event_choices":[{"event_name":"Golden Idol","player_choice":"Take Wound","floor":10,"damage_taken":0},{"event_name":"Liars Game","player_choice":"disagreed","floor":13,"damage_taken":0},{"event_name":"Dead Adventurer","player_choice":"Searched \u00271\u0027 times","floor":14,"damage_taken":0}],"boss_relics":[],"potions_floor_spawned":[1,2,4,7],"seed_played":"5654951339712980938","killed_by":"Slime Boss","ascension_level":10,"is_trial":false}