{"gold_per_floor":[109,284,298,298,31,31,46,60,60,10,10,40,53,64,64,165,165,184,202,301,4,4,4,4,21,21,21,32,32],"floor_reached":29,"playtime":763,"items_purged":["Doubt","Strike_B","Strike_B"],"score":225,"play_id":"24f3cda2-f452-42fb-943d-ffe1759e8bec","local_time":"20190124023000","is_ascension_mode":false,"campfire_choices":[{"data":"Zap","floor":6,"key":"SMITH"},{"data":"Self Repair","floor":11,"key":"SMITH"},{"data":"Consume","floor":15,"key":"SMITH"},{"floor":23,"key":"RECALL"}],"neow_cost":"TEN_PERCENT_HP_LOSS","seed_source_timestamp":1749003772810,"circlet_count":0,"master_deck":["Strike_B","Strike_B","Defend_B","Defend_B","Defend_B","Defend_B","Zap+1","Dualcast","Conserve Battery","Doom and Gloom+1","Self Repair+1","Static Discharge","Meteor Strike","Self Repair","Consume+1","Meteor Strike","Double Energy+1","Decay"],"relics":["Cracked Core","StoneCalendar","Bronze Scales","Smiling Mask","Blue Candle","White Beast Statue","Symbiotic Virus","Mango","Frozen Egg 2"],"potions_floor_usage":[12,16,19,25,28,29,29],"damage_taken":[{"damage":0,"enemies":"Cultist","floor":1,"turns":3},{"damage":0,"enemies":"2 Louse","floor":3,"turns":2},{"damage":1,"enemies":"Jaw Worm","floor":7,"turns":3},{"damage":3,"enemies":"Exordium Wildlife","floor":8,"turns":3},{"damage":26,"enemies":"3 Sentries","floor":12,"turns":6},{"damage":10,"enemies":"Large Slime","floor":13,"turns":4},{"damage":8,"enemies":"Exordium Thugs","floor":14,"turns":5},{"damage":39,"enemies":"Slime Boss","floor":16,"turns":7},{"damage":14,"enemies":"3 Byrds","floor":18,"turns":3},{"damage":30,"enemies":"2 Thieves","floor":19,"turns":3},{"damage":10,"enemies":"Snake Plant","floor":25,"turns":4},{"damage":14,"enemies":"Cultist and Chosen","floor":28,"turns":5},{"damage":66,"enemies":"Gremlin Leader","floor":29,"turns":4}],"seed_played":"-2654405485338567748","potions_obtained":[{"floor":3,"key":"Ancient Potion"},{"floor":7,"key":"GamblersBrew"},{"floor":8,"key":"PowerPotion"},{"floor":13,"key":"SpeedPotion"},{"floor":14,"key":"AttackPotion"},{"floor":18,"key":"Weak Potion"},{"floor":19,"key":"Swift Potion"},{"floor":25,"key":"SkillPotion"},{"floor":28,"key":"FocusPotion"}],"is_trial":false,"path_per_floor":["M","?","M","?","$","R","M","M","T","$","R","E","M","M","R","B",null,"M","M","?","$","?","R","?","M","T","?","M","E"],"character_chosen":"DEFECT","items_purchased":["Self Repair","Bronze Scales","Symbiotic Virus"],"campfire_rested":0,"item_purchase_floors":[5,5,21],"current_hp_per_floor":[68,68,68,68,68,68,68,68,68,68,68,52,52,61,61,39,68,64,44,44,44,32,32,46,53,53,53,56,0],"gold":32,"neow_bonus":"ONE_RARE_RELIC","is_prod":false,"is_daily":false,"chose_seed":false,"campfire_upgraded":3,"win_rate":0,"timestamp":1548315000,"path_taken":["M","?","M","?","$","R","M","M","T","$","R","E","M","M","R","BOSS","M","M","?","$","?","R","?","?","T","?","M","E"],"build_version":"2019-01-23","purchased_purges":3,"victory":false,"max_hp_per_floor":[68,68,68,68,68,68,68,68,68,68,68,68,68,68,68,68,68,68,68,68,68,73,73,87,87,87,87,87,87],"card_choices":[{"not_picked":["Ball Lightning","Rebound"],"picked":"Conserve Battery","floor":1},{"not_picked":["Cold Snap","Rebound"],"picked":"Doom and Gloom","floor":3},{"not_picked":["Rebound","Hologram","Scrape"],"picked":"SKIP","floor":7},{"not_picked":["Lockon","Aggregate"],"picked":"Static Discharge","floor":8},{"not_picked":["Scrape","Go for the Eyes"],"picked":"Meteor Strike","floor":12},{"not_picked":["Sunder","Heatsinks"],"picked":"Self Repair","floor":13},{"not_picked":["Sunder","Sweeping Beam"],"picked":"Consume","floor":14},{"not_picked":["All For One","Buffer"],"picked":"Meteor Strike","floor":16},{"not_picked":["Defragment","Coolheaded"],"picked":"Double Energy+1","floor":18},{"not_picked":["Steam","Beam Cell","Ball Lightning+1"],"picked":"SKIP","floor":19},{"not_picked":["Coolheaded","Redo","Hologram"],"picked":"SKIP","floor":25},{"not_picked":["Steam+1","Redo","Go for the Eyes"],"picked":"SKIP","floor":28}],"player_experience":577114,"relics_obtained":[{"floor":9,"key":"Smiling Mask"},{"floor":12,"key":"Blue Candle"},{"floor":26,"key":"Frozen Egg 2"}],"event_choices":[{"damage_healed":0,"gold_gain":175,"player_choice":"AGREE","damage_taken":0,"max_hp_gain":0,"max_hp_loss":0,"event_name":"Liars Game","floor":2,"gold_loss":0,"cards_obtained":["Doubt"]},{"damage_healed":0,"gold_gain":0,"player_choice":"Grow","damage_taken":0,"max_hp_gain":0,"max_hp_loss":0,"event_name":"Living Wall","floor":4,"gold_loss":0,"cards_upgraded":["Doom and Gloom"]},{"damage_healed":0,"gold_gain":99,"player_choice":"Stole From Cult","damage_taken":0,"max_hp_gain":0,"max_hp_loss":0,"event_name":"Nest","floor":20,"gold_loss":0},{"damage_healed":0,"gold_gain":0,"player_choice":"Shed Blood","damage_taken":17,"max_hp_gain":5,"max_hp_loss":0,"event_name":"Forgotten Altar","floor":22,"gold_loss":0},{"damage_healed":0,"gold_gain":0,"player_choice":"Gave Potion","damage_taken":0,"relics_obtained":["Mango"],"max_hp_gain":0,"max_hp_loss":0,"event_name":"WeMeetAgain","floor":24,"gold_loss":0},{"damage_healed":0,"gold_gain":0,"player_choice":"Cursed","damage_taken":0,"max_hp_gain":0,"max_hp_loss":0,"event_name":"Wheel of Change","floor":27,"gold_loss":0,"cards_obtained":["Decay"]}],"is_beta":false,"boss_relics":[{"not_picked":["Calling Bell","Lizard Tail"],"picked":"White Beast Statue"}],"items_purged_floors":[5,10,21],"is_endless":false,"potions_floor_spawned":[3,7,8,13,14,18,19,25,28],"killed_by":"Gremlin Leader","ascension_level":0}