{"path_per_floor":["M","?","M","M","M","R","E","R","T","R","M","?","$","M","R","B",null,"M","M","$","?","M","E","R","E","T","M","R","E","R","?","R","B",null,"M","M","$","T","?","E","R","E","T","?","M","?","R","M","R"],"character_chosen":"DEFECT","items_purchased":["Trip","Gash","Weak Potion","Panacea"],"gold_per_floor":[119,69,84,98,117,117,144,144,169,169,183,212,35,50,50,145,145,119,135,16,16,35,60,60,85,133,153,153,181,181,96,96,201,201,220,237,45,45,45,80,80,110,156,136,152,152,152,162,162,162],"floor_reached":50,"campfire_rested":0,"playtime":2929,"current_hp_per_floor":[75,75,68,68,65,65,56,56,56,56,58,60,60,60,60,53,75,69,71,71,55,58,67,67,33,40,49,49,52,52,52,52,42,82,82,82,82,82,82,65,65,74,74,74,62,82,82,82,82,0],"items_purged":["Defend_B","Strike_B"],"gold":162,"score":694,"play_id":"5bc75160-6e70-4888-a5c8-8af0a1e04614","local_time":"20180504180638","is_prod":false,"is_daily":false,"chose_seed":false,"is_ascension_mode":true,"campfire_upgraded":8,"timestamp":1525449998,"path_taken":["M","?","M","M","M","R","E","R","T","R","M","?","$","M","R","BOSS","M","M","$","?","M","E","R","E","T","?","R","E","R","?","R","BOSS","M","M","$","?","?","E","R","E","T","?","M","?","R","M","R","BOSS"],"build_version":"2018-05-03","seed_source_timestamp":20530873071464,"purchased_purges":3,"victory":false,"master_deck":["Strike_B","Strike_B+1","Defend_B","Defend_B","Defend_B","Zap","Dualcast","Sweeping Beam+1","Streamline+1","Leap","Buffer+1","Buffer+1","Buffer","Darkness+1","Trip+1","Go for the Eyes","Reboot","Streamline+1","Gash+1","Self Repair","Axe Kick","Streamline+1","Gash+1","Trip","Buffer+1","Leap","Go for the Eyes+1","All For One","Reinforced Body+1","Reinforced Body+1","Panacea+1","Scrape+1","Steam Power","Writhe"],"max_hp_per_floor":[75,75,75,75,75,75,75,75,75,75,75,75,75,75,75,75,75,75,75,75,75,75,75,75,75,82,82,82,82,82,82,82,82,82,82,82,82,82,82,82,82,82,82,82,82,82,82,82,82,82],"relics":["Nuclear Battery","Blood Vial","Ancient Tea Set","Odd Mushroom","Orrery","DataDisk","Meat on the Bone","Strawberry","Happy Flower","Girya","White Beast Statue","Mummified Hand","Whetstone","Unceasing Top","War Paint"],"card_choices":[{"not_picked":["Static Discharge","Streamline"],"picked":"Sweeping Beam","floor":1},{"not_picked":["Turbo","Axe Kick"],"picked":"Streamline","floor":3},{"not_picked":["Impulse","Melter"],"picked":"Leap","floor":4},{"not_picked":["Skim","Storm"],"picked":"Buffer","floor":5},{"not_picked":["Barrage","Stack"],"picked":"Buffer","floor":7},{"not_picked":["Streamline","Leap"],"picked":"Buffer","floor":11},{"not_picked":["Hologram","Sunder"],"picked":"Darkness","floor":12},{"not_picked":["Stack","Leap"],"picked":"Go for the Eyes","floor":14},{"not_picked":["Creative AI","Biased Cognition"],"picked":"Reboot","floor":16},{"not_picked":["Storm","Tempest"],"picked":"Streamline","floor":17},{"not_picked":["Rebound","Streamline"],"picked":"Gash","floor":17},{"not_picked":["Darkness","Defragment"],"picked":"Self Repair","floor":17},{"not_picked":["Barrage","Leap"],"picked":"Axe Kick","floor":17},{"not_picked":["Conserve Battery","Stack"],"picked":"Leap","floor":17},{"not_picked":["Ball Lightning","Leap"],"picked":"Streamline","floor":18},{"not_picked":["Rip and Tear","Barrage"],"picked":"Buffer","floor":22},{"not_picked":["Barrage","Impulse"],"picked":"Leap","floor":23},{"not_picked":["Biased Cognition","Barrage"],"picked":"Go for the Eyes","floor":29},{"not_picked":["Redo","Rainbow"],"picked":"All For One","floor":33},{"not_picked":["Capacitor","Tempest"],"picked":"Reinforced Body","floor":35},{"not_picked":["Leap","Ball Lightning"],"picked":"Reinforced Body","floor":36},{"not_picked":["Turbo","Capacitor"],"picked":"Scrape","floor":42},{"not_picked":["Static Discharge","Ball Lightning"],"picked":"Steam Power","floor":45}],"player_experience":39912,"potions_floor_usage":[19,19,22,23,25,29,33,33,40,50,50,50],"damage_taken":[{"damage":0,"enemies":"2 Louse","floor":1,"turns":3},{"damage":7,"enemies":"Small Slimes","floor":3,"turns":4},{"damage":0,"enemies":"Cultist","floor":4,"turns":3},{"damage":3,"enemies":"Blue Slaver","floor":5,"turns":4},{"damage":9,"enemies":"3 Sentries","floor":7,"turns":7},{"damage":0,"enemies":"Gremlin Gang","floor":11,"turns":5},{"damage":0,"enemies":"The Mushroom Lair","floor":12,"turns":5},{"damage":2,"enemies":"2 Fungi Beasts","floor":14,"turns":4},{"damage":9,"enemies":"The Guardian","floor":16,"turns":9},{"damage":13,"enemies":"2 Thieves","floor":18,"turns":5},{"damage":0,"enemies":"Spheric Guardian","floor":19,"turns":4},{"damage":6,"enemies":"Snake Plant","floor":22,"turns":4},{"damage":0,"enemies":"Gremlin Leader","floor":23,"turns":8},{"damage":36,"enemies":"Slavers","floor":25,"turns":6},{"damage":0,"enemies":"Centurion and Healer","floor":27,"turns":7},{"damage":18,"enemies":"Gremlin Leader","floor":29,"turns":10},{"damage":31,"enemies":"Collector","floor":33,"turns":10},{"damage":0,"enemies":"Flame Bruiser 1 Orb","floor":35,"turns":6},{"damage":2,"enemies":"3 Shapes","floor":36,"turns":7},{"damage":24,"enemies":"2 Orb Walkers","floor":40,"turns":5},{"damage":0,"enemies":"Giant Head","floor":42,"turns":7},{"damage":14,"enemies":"3 Darklings","floor":45,"turns":4},{"damage":0,"enemies":"Maw","floor":48,"turns":8},{"damage":89,"enemies":"Donu and Deca","floor":50,"turns":8}],"event_choices":[{"event_name":"The Cleric","player_choice":"Card Removal","floor":2,"damage_taken":0},{"event_name":"Mushrooms","player_choice":"Fought Mushrooms","floor":12,"damage_taken":0},{"event_name":"Knowing Skull","player_choice":"CARD ","floor":21,"damage_taken":0},{"event_name":"Addict","player_choice":"Obtained Relic","floor":31,"damage_taken":0},{"event_name":"The Woman in Blue","player_choice":"Bought 1 Potion","floor":44,"damage_taken":0},{"event_name":"Winding Halls","player_choice":"Writhe","floor":46,"damage_taken":0}],"boss_relics":[{"not_picked":["Lizard Tail","Tiny House"],"picked":"Orrery"},{"not_picked":["Runic Pyramid","Snecko Eye"],"picked":"White Beast Statue"}],"potions_floor_spawned":[4,7,12,19,22,25,29,35,36,40,42,45,48],"seed_played":"420821004650980132","killed_by":"Donu and Deca","ascension_level":2,"is_trial":false}