{"gold_per_floor":[111,123,140,156,58,58,71,81,107,107,119,119],"floor_reached":12,"playtime":549,"items_purged":["Strike_B"],"score":126,"play_id":"4609afd5-9ad8-4bd4-883c-a857fd1d140b","local_time":"20190101163507","is_ascension_mode":true,"campfire_choices":[{"floor":6,"key":"REST"},{"floor":10,"key":"REST"}],"neow_cost":"NONE","seed_source_timestamp":771561983595320,"circlet_count":0,"master_deck":["AscendersBane","Strike_B","Strike_B","Strike_B","Defend_B","Defend_B","Defend_B","Defend_B","Zap","Dualcast","Cold Snap","Loop","Streamline","Leap","Coolheaded","Beam Cell"],"relics":["Cracked Core","Blood Vial"],"potions_floor_usage":[8,12],"damage_taken":[{"damage":1,"enemies":"Cultist","floor":1,"turns":3},{"damage":19,"enemies":"Small Slimes","floor":2,"turns":3},{"damage":8,"enemies":"2 Louse","floor":3,"turns":2},{"damage":26,"enemies":"Lots of Slimes","floor":4,"turns":6},{"damage":8,"enemies":"Exordium Wildlife","floor":7,"turns":4},{"damage":12,"enemies":"Large Slime","floor":8,"turns":4},{"damage":16,"enemies":"Lots of Slimes","floor":11,"turns":7},{"damage":40,"enemies":"3 Sentries","floor":12,"turns":6}],"seed_played":"-3931769365962476083","potions_obtained":[{"floor":1,"key":"SteroidPotion"},{"floor":4,"key":"Fire Potion"},{"floor":8,"key":"FearPotion"},{"floor":11,"key":"Strength Potion"}],"is_trial":false,"path_per_floor":["M","M","M","M","$","R","M","M","T","R","M","E"],"character_chosen":"DEFECT","items_purchased":["Streamline"],"campfire_rested":2,"item_purchase_floors":[5],"current_hp_per_floor":[70,51,43,17,17,40,32,20,20,43,29,0],"gold":119,"neow_bonus":"TEN_PERCENT_HP_BONUS","is_prod":false,"is_daily":false,"chose_seed":false,"campfire_upgraded":0,"win_rate":0,"timestamp":1546382107,"path_taken":["M","M","M","M","?","R","M","M","T","R","?","E"],"build_version":"2018-12-20","purchased_purges":1,"victory":false,"max_hp_per_floor":[78,78,78,78,78,78,78,78,78,78,78,78],"card_choices":[{"not_picked":["Aggregate","Consume","Turbo"],"picked":"SKIP","floor":1},{"not_picked":["White Noise","Streamline"],"picked":"Cold Snap","floor":2},{"not_picked":["Consume","Hello World","Stack"],"picked":"SKIP","floor":3},{"not_picked":["Consume","Hologram"],"picked":"Loop","floor":4},{"not_picked":["Hologram","Ball Lightning"],"picked":"Leap","floor":7},{"not_picked":["Redo","Go for the Eyes"],"picked":"Coolheaded","floor":8},{"not_picked":["Scrape","Force Field"],"picked":"Beam Cell","floor":11}],"player_experience":356311,"relics_obtained":[{"floor":9,"key":"Blood Vial"}],"event_choices":[],"is_beta":false,"boss_relics":[],"items_purged_floors":[5],"is_endless":false,"potions_floor_spawned":[1,4,7,8,11],"killed_by":"3 Sentries","ascension_level":14}