{"gold_per_floor":[116,66,29,39,13,13,33,33,87,97,97,125,135,135,135,236,236,247,162,0,0,0,0,11,11,38,49,49,49,64,64,64,64],"floor_reached":33,"playtime":1096,"items_purged":[],"score":293,"play_id":"768ee26e-ade6-4f0c-99c7-f9220ec62181","local_time":"20190121003411","is_ascension_mode":false,"campfire_choices":[{"data":"Zap","floor":6,"key":"SMITH"},{"data":"Go for the Eyes","floor":8,"key":"SMITH"},{"data":"Go for the Eyes","floor":15,"key":"SMITH"},{"data":"Dualcast","floor":23,"key":"SMITH"},{"data":"Coolheaded","floor":32,"key":"SMITH"}],"neow_cost":"NONE","seed_source_timestamp":7065075975226,"circlet_count":0,"master_deck":["Strike_B+1","Strike_B","Strike_B","Defend_B","Defend_B","Defend_B","Defend_B","Zap+1","Dualcast+1","Go for the Eyes+1","Hologram","Cold Snap+1","Conserve Battery","Go for the Eyes+1","Gash+1","Coolheaded+1","Ghostly","Ghostly","Ghostly","Ghostly","Ghostly"],"relics":["Cracked Core","Whetstone","Juzu Bracelet","Cables","Inserter","Pear","Pantograph","Centennial Puzzle","MutagenicStrength","Bottled Flame"],"potions_floor_usage":[12,24,24,24,33],"damage_taken":[{"damage":4,"enemies":"Small Slimes","floor":1,"turns":3},{"damage":5,"enemies":"Jaw Worm","floor":4,"turns":4},{"damage":0,"enemies":"Cultist","floor":7,"turns":3},{"damage":12,"enemies":"3 Louse","floor":10,"turns":3},{"damage":1,"enemies":"3 Sentries","floor":12,"turns":3},{"damage":2,"enemies":"Exordium Wildlife","floor":13,"turns":3},{"damage":9,"enemies":"The Guardian","floor":16,"turns":13},{"damage":0,"enemies":"Shell Parasite","floor":18,"turns":10},{"damage":0,"enemies":"3 Byrds","floor":24,"turns":5},{"damage":21,"enemies":"3 Cultists","floor":27,"turns":6},{"damage":9,"enemies":"Snake Plant","floor":30,"turns":6},{"damage":48,"enemies":"Automaton","floor":33,"turns":12}],"seed_played":"-9188214057098340143","potions_obtained":[{"floor":7,"key":"GamblersBrew"},{"floor":10,"key":"PowerPotion"},{"floor":16,"key":"EssenceOfSteel"},{"floor":18,"key":"Poison Potion"},{"floor":27,"key":"EssenceOfSteel"}],"is_trial":false,"path_per_floor":["M","?","?","M","$","R","M","R","T","M","?","E","M","?","R","B",null,"M","?","?","$","T","R","M","?","T","M","?","T","M","?","R","B"],"character_chosen":"DEFECT","items_purchased":["Cold Snap"],"campfire_rested":0,"item_purchase_floors":[5],"current_hp_per_floor":[71,71,71,66,66,66,66,66,66,54,54,53,51,51,51,42,75,75,85,85,85,85,85,85,85,85,64,64,64,55,42,42,0],"gold":64,"neow_bonus":"THREE_CARDS","is_prod":false,"is_daily":false,"chose_seed":false,"campfire_upgraded":5,"win_rate":0,"timestamp":1548048851,"path_taken":["M","?","?","M","$","R","M","R","T","M","?","E","M","?","R","BOSS","M","?","?","$","?","R","M","?","T","M","?","?","M","?","R","BOSS"],"build_version":"2019-01-17v2","purchased_purges":0,"victory":false,"max_hp_per_floor":[75,75,75,75,75,75,75,75,75,75,75,75,75,75,75,75,75,75,85,85,85,85,85,85,85,85,85,85,85,85,42,42,42],"card_choices":[{"not_picked":["Force Field","Sweeping Beam"],"picked":"Go for the Eyes","floor":0},{"not_picked":["Cold Snap","Loop"],"picked":"Hologram","floor":1},{"not_picked":["Sweeping Beam","Compile Driver","Rip and Tear"],"picked":"SKIP","floor":4},{"not_picked":["Melter","Rip and Tear","Darkness"],"picked":"SKIP","floor":7},{"not_picked":["Go for the Eyes","Turbo"],"picked":"Conserve Battery","floor":10},{"not_picked":["Streamline","Tempest","Chill"],"picked":"SKIP","floor":12},{"not_picked":["Stack","Reinforced Body"],"picked":"Go for the Eyes","floor":13},{"not_picked":["Redo","Stack"],"picked":"Gash+1","floor":18},{"not_picked":["Scrape","Streamline"],"picked":"Coolheaded","floor":24},{"not_picked":["Steam","Rebound","Hologram"],"picked":"SKIP","floor":27},{"not_picked":["Leap","Hologram","Lockon"],"picked":"SKIP","floor":30}],"player_experience":553876,"relics_obtained":[{"floor":9,"key":"Whetstone"},{"floor":12,"key":"Cables"},{"floor":22,"key":"Pantograph"},{"floor":26,"key":"Centennial Puzzle"},{"floor":29,"key":"Bottled Flame"}],"event_choices":[{"cards_removed":["Strike_B"],"damage_healed":0,"gold_gain":0,"player_choice":"Card Removal","damage_taken":0,"max_hp_gain":0,"max_hp_loss":0,"event_name":"The Cleric","floor":2,"gold_loss":50},{"damage_healed":0,"gold_gain":0,"player_choice":"Left Gold","damage_taken":0,"max_hp_gain":0,"max_hp_loss":0,"event_name":"World of Goop","floor":3,"gold_loss":37},{"damage_healed":0,"gold_gain":0,"player_choice":"Box","damage_taken":0,"relics_obtained":["Juzu Bracelet"],"max_hp_gain":0,"max_hp_loss":0,"event_name":"Big Fish","floor":11,"gold_loss":0,"cards_obtained":["Regret"]},{"cards_removed":["Regret"],"damage_healed":0,"gold_gain":0,"player_choice":"Removed Curses","damage_taken":0,"max_hp_gain":0,"max_hp_loss":0,"event_name":"Fountain of Cleansing","floor":14,"gold_loss":0},{"damage_healed":0,"gold_gain":0,"player_choice":"Obtained Relic","damage_taken":0,"relics_obtained":["Pear"],"max_hp_gain":0,"max_hp_loss":0,"event_name":"Addict","floor":19,"gold_loss":85},{"damage_healed":0,"gold_gain":0,"player_choice":"Paid Fearfully","damage_taken":0,"max_hp_gain":0,"max_hp_loss":0,"event_name":"Masked Bandits","floor":20,"gold_loss":162},{"damage_healed":0,"gold_gain":0,"player_choice":"Ignored","damage_taken":0,"max_hp_gain":0,"max_hp_loss":0,"event_name":"Beggar","floor":25,"gold_loss":0},{"damage_healed":0,"gold_gain":0,"player_choice":"Inject Mutagens","damage_taken":0,"relics_obtained":["MutagenicStrength"],"max_hp_gain":0,"max_hp_loss":0,"event_name":"Drug Dealer","floor":28,"gold_loss":0},{"damage_healed":0,"gold_gain":0,"player_choice":"Became a Ghost","damage_taken":0,"max_hp_gain":0,"max_hp_loss":43,"event_name":"Ghosts","floor":31,"gold_loss":0,"cards_obtained":["Ghostly","Ghostly","Ghostly","Ghostly","Ghostly"]}],"is_beta":false,"boss_relics":[{"not_picked":["Tiny House","Fusion Hammer"],"picked":"Inserter"}],"items_purged_floors":[],"is_endless":false,"potions_floor_spawned":[7,10,16,18,27],"killed_by":"Automaton","ascension_level":0}