{"path_per_floor":["M","?","?","M","M","E","M","R","T","E","M","R","E","$","R","B",null,"M","$","?","M","M","R"],"character_chosen":"DEFECT","items_purchased":["Apotheosis","Ancient Tea Set","Go for the Eyes"],"gold_per_floor":[115,190,190,205,221,250,265,265,265,291,306,306,340,142,142,246,246,256,10,10,26,39,39,39],"floor_reached":24,"campfire_rested":2,"playtime":846,"item_purchase_floors":[14,19,19],"current_hp_per_floor":[75,64,64,57,54,40,34,34,34,15,7,29,10,10,32,14,75,59,59,59,48,52,52,0],"items_purged":["Defend_B"],"gold":39,"score":238,"play_id":"818fe323-a79b-4fe9-942c-33647a7cf252","local_time":"20180530223126","is_prod":false,"is_daily":false,"chose_seed":false,"is_ascension_mode":true,"campfire_upgraded":2,"win_rate":0,"timestamp":1527733886,"campfire_choices":[{"data":"White Noise","floor":8,"key":"SMITH"},{"floor":12,"key":"REST"},{"floor":15,"key":"REST"},{"data":"Apotheosis","floor":23,"key":"SMITH"}],"path_taken":["M","?","?","M","M","E","M","R","T","E","M","R","E","$","R","BOSS","M","$","?","M","M","R","E"],"build_version":"2018-05-30","seed_source_timestamp":204724340533767,"purchased_purges":1,"victory":false,"master_deck":["Strike_B","Strike_B","Strike_B","Defend_B","Defend_B","Defend_B","Zap","Dualcast","White Noise+1","Rebound","Beam Cell","Lockon","Genetic Algorithm","Skim","Creative AI","Rip and Tear","Steam","Apotheosis+1","Thunder Strike","Self Repair","Go for the Eyes","Writhe","Redo+1"],"max_hp_per_floor":[75,75,75,75,75,75,75,75,75,75,75,75,75,75,75,75,75,75,75,75,75,75,75,75],"relics":["Cracked Core","Blue Candle","Girya","Ice Cream","Du-Vu Doll","Black Star","Ancient Tea Set","Thread and Needle"],"card_choices":[{"not_picked":["Self Repair","Beam Cell"],"picked":"White Noise","floor":1},{"not_picked":["Hologram","Sweeping Beam"],"picked":"Beam Cell","floor":4},{"not_picked":["Compile Driver","Chaos"],"picked":"Lockon","floor":5},{"not_picked":["Barrage","Hologram"],"picked":"Genetic Algorithm","floor":6},{"not_picked":["Chaos","Ball Lightning"],"picked":"Skim","floor":7},{"not_picked":["Stack","Beam Cell"],"picked":"Creative AI","floor":10},{"not_picked":["Chaos","Beam Cell"],"picked":"Rip and Tear","floor":11},{"not_picked":["Melter","Aggregate"],"picked":"Steam","floor":13},{"not_picked":["Echo Form","Multi-Cast"],"picked":"Thunder Strike","floor":16},{"not_picked":["Fusion","Glacier"],"picked":"Self Repair","floor":18},{"not_picked":["Coolheaded","Doom and Gloom"],"picked":"Redo+1","floor":21},{"not_picked":["Hologram","Compile Driver","Gash"],"picked":"SKIP","floor":22}],"player_experience":214117,"potions_floor_usage":[6,22],"damage_taken":[{"damage":0,"enemies":"2 Louse","floor":1,"turns":2},{"damage":7,"enemies":"Jaw Worm","floor":4,"turns":4},{"damage":3,"enemies":"Small Slimes","floor":5,"turns":2},{"damage":14,"enemies":"Lagavulin","floor":6,"turns":6},{"damage":13,"enemies":"Exordium Thugs","floor":7,"turns":4},{"damage":19,"enemies":"3 Sentries","floor":10,"turns":6},{"damage":8,"enemies":"Blue Slaver","floor":11,"turns":3},{"damage":19,"enemies":"Lagavulin","floor":13,"turns":4},{"damage":18,"enemies":"Hexaghost","floor":16,"turns":7},{"damage":16,"enemies":"Shell Parasite","floor":18,"turns":4},{"damage":11,"enemies":"Spheric Guardian","floor":21,"turns":5},{"damage":6,"enemies":"Snecko","floor":22,"turns":4},{"damage":55,"enemies":"Gremlin Leader","floor":24,"turns":4}],"relics_obtained":[{"floor":6,"key":"Blue Candle"},{"floor":9,"key":"Girya"},{"floor":10,"key":"Ice Cream"},{"floor":13,"key":"Du-Vu Doll"}],"event_choices":[{"event_name":"World of Goop","player_choice":"Gather Gold","floor":2,"damage_taken":0},{"event_name":"Transmorgrifier","player_choice":"Transform","floor":3,"damage_taken":0},{"event_name":"The Mausoleum","player_choice":"Yes","floor":20,"damage_taken":0}],"boss_relics":[{"not_picked":["Philosopher\u0027s Stone","Snecko Eye"],"picked":"Black Star"}],"items_purged_floors":[19],"potions_floor_spawned":[1,13,21],"seed_played":"-8217598059749367087","killed_by":"Gremlin Leader","ascension_level":2,"potions_obtained":[{"floor":1,"key":"Block Potion"},{"floor":13,"key":"SteroidPotion"},{"floor":21,"key":"SneckoOil"}],"is_trial":false}