{"path_per_floor":["M","?","M","M","M","R","M","R","T","R","M","$","?","M","R","B",null,"M","$","?","M","M","E","R","M","T","E","R","M","M","E","R","B",null,"M","$","M","M","?","E","M","?","T","M","E","R","E","M","R","B"],"character_chosen":"IRONCLAD","items_purchased":["Self Forming Clay","Body Slam","Pen Nib","Flash of Steel"],"gold_per_floor":[114,289,302,319,330,330,347,347,347,347,361,32,32,53,53,179,179,195,72,72,67,81,114,114,135,135,178,178,194,207,248,248,378,378,393,9,24,42,42,86,101,101,178,193,234,234,275,298,298,298],"floor_reached":51,"campfire_rested":1,"playtime":7430,"current_hp_per_floor":[80,80,80,70,74,74,75,75,75,75,80,80,64,69,69,45,80,74,74,74,65,46,50,50,56,70,43,71,77,78,66,66,72,94,94,94,94,94,94,94,94,94,94,94,94,94,94,94,94,94],"items_purged":["Strike_R","Bash","Strike_R"],"gold":298,"play_id":"f7b2a588-5374-4795-85b2-12c35eaf95a1","is_prod":false,"is_daily":false,"campfire_rituals":0,"campfire_upgraded":8,"is_hardmode":false,"path_taken":["M","?","M","M","M","R","M","R","T","R","M","$","?","M","R","BOSS","M","$","?","M","?","E","R","M","T","E","R","M","M","E","R","BOSS","M","$","M","M","?","E","M","?","T","M","E","R","E","M","R","BOSS"],"build_version":"2018-01-04-PROD1","purchased_purges":5,"victory":true,"master_deck":["Strike_R","Strike_R","Defend_R","Defend_R","Defend_R","Defend_R","Body Slam","Power Through","Battle Trance","Barricade","Dual Wield","Battle Trance","Juggernaut","Dual Wield","Body Slam","Power Through","Rage","Body Slam","Shrug It Off","Armaments","Intimidate","Shrug It Off","Flash of Steel","Burning Pact","Battle Trance","Shrug It Off"],"max_hp_per_floor":[80,80,80,80,80,80,80,80,80,80,80,80,80,80,80,80,80,80,80,80,80,80,80,80,80,94,94,94,94,94,94,94,94,94,94,94,94,94,94,94,94,94,94,94,94,94,94,94,94,94],"relics":["Burning Blood","Omamori","Kunai","Self Forming Clay","Golden Idol","Sozu","Whetstone","Mango","Dream Catcher","Bag of Preparation","Mark of Pain","Pen Nib","Mummified Hand","Vajra","Mercury Hourglass","Meat on the Bone","Regal Pillow"],"campfire_meditates":0,"card_choices":[{"not_picked":["Headbutt","Second Wind"],"picked":"Body Slam"},{"not_picked":["Pommel Strike","Dual Wield"],"picked":"Power Through"},{"not_picked":["Sword Boomerang","Heavy Blade"],"picked":"Battle Trance"},{"not_picked":["Rupture","Twin Strike"],"picked":"Barricade"},{"not_picked":["Rupture","Anger"],"picked":"Dual Wield"},{"not_picked":["Twin Strike","Uppercut"],"picked":"Battle Trance"},{"not_picked":["Barricade","Brutality"],"picked":"Juggernaut"},{"not_picked":["Pummel","Reckless Charge"],"picked":"Dual Wield"},{"not_picked":["Dual Wield","Bloodletting"],"picked":"Power Through"},{"not_picked":["Bloodletting","Twin Strike"],"picked":"Rage"},{"not_picked":["Sword Boomerang","Shrug It Off"],"picked":"Body Slam"},{"not_picked":["Fire Breathing","Cleave"],"picked":"Shrug It Off"},{"not_picked":["Feel No Pain","Inflame"],"picked":"Armaments"},{"not_picked":["Shockwave","Berserk"],"picked":"Intimidate"},{"not_picked":["Whirlwind","Corruption"],"picked":"Shrug It Off"},{"not_picked":["Headbutt","Searing Blow"],"picked":"Burning Pact"},{"not_picked":["Iron Wave","Rupture"],"picked":"Battle Trance"},{"not_picked":["Impervious","Twin Strike"],"picked":"Shrug It Off"}],"player_experience":35320,"potions_floor_usage":[11,14],"damage_taken":[{"damage":0,"enemies":"Small Slimes","floor":1,"turns":4},{"damage":2,"enemies":"2 Louse","floor":3,"turns":3},{"damage":16,"enemies":"Blue Slaver","floor":4,"turns":5},{"damage":2,"enemies":"3 Louse","floor":5,"turns":4},{"damage":5,"enemies":"Looter","floor":7,"turns":3},{"damage":0,"enemies":"Red Slaver","floor":11,"turns":4},{"damage":16,"enemies":"Large Slime","floor":14,"turns":10},{"damage":30,"enemies":"Slime Boss","floor":16,"turns":12},{"damage":12,"enemies":"3 Byrds","floor":18,"turns":7},{"damage":15,"enemies":"2 Thieves","floor":21,"turns":4},{"damage":25,"enemies":"Snake Plant","floor":22,"turns":5},{"damage":2,"enemies":"Gremlin Leader","floor":23,"turns":8},{"damage":0,"enemies":"Slaver and Parasite","floor":25,"turns":6},{"damage":33,"enemies":"Slavers","floor":27,"turns":6},{"damage":0,"enemies":"3 Cultists","floor":29,"turns":5},{"damage":5,"enemies":"Chosen and Byrds","floor":30,"turns":3},{"damage":18,"enemies":"Book of Stabbing","floor":31,"turns":3},{"damage":0,"enemies":"Champ","floor":33,"turns":7},{"damage":0,"enemies":"3 Darklings","floor":35,"turns":1},{"damage":0,"enemies":"3 Shapes","floor":37,"turns":4},{"damage":0,"enemies":"Sphere and 2 Shapes","floor":38,"turns":4},{"damage":0,"enemies":"Nemesis","floor":40,"turns":7},{"damage":0,"enemies":"3 Darklings","floor":41,"turns":2},{"damage":0,"enemies":"Maw","floor":44,"turns":5},{"damage":0,"enemies":"Giant Head","floor":45,"turns":3},{"damage":5,"enemies":"Nemesis","floor":47,"turns":14},{"damage":0,"enemies":"Sphere and 2 Shapes","floor":48,"turns":3},{"damage":0,"enemies":"Time Eater","floor":50,"turns":5}],"event_choices":[{"event_name":"Liars Game","player_choice":"agreed","floor":2,"damage_taken":0},{"event_name":"Golden Idol","player_choice":"Take Damage","floor":13,"damage_taken":0},{"event_name":"Vampires","player_choice":"Ignored","floor":20,"damage_taken":0},{"event_name":"Accursed Blacksmith","player_choice":"Rummage","floor":39,"damage_taken":0},{"event_name":"Purifier","player_choice":"One Purge","floor":42,"damage_taken":0}],"boss_relics":[{"not_picked":["Eternal Feather","Cursed Key"],"picked":"Sozu"},{"not_picked":["Philosopher\u0027s Stone","White Beast Statue"],"picked":"Mark of Pain"}],"potions_floor_spawned":[3,7,14,16,18,27,29,30,37,40,41,44,47],"seed_played":"46994316956803538","is_trial":false}