{"path_per_floor":["M","?","M","?","$","R","M","E","T","M","R","?","R","T","R","B",null,"M","M","?","$","M","R","M","?","T","M","?","?","E","M","R","B",null,"M","?","M","M","R","T","E","M"],"character_chosen":"THE_SILENT","items_purchased":["Noxious Fumes","Heel Hook"],"gold_per_floor":[119,119,131,131,16,16,34,59,59,69,69,69,69,93,93,193,193,204,224,224,48,59,59,75,75,159,176,176,176,204,217,217,317,317,329,329,342,245,245,317,344,362,362],"floor_reached":43,"campfire_rested":2,"playtime":2145,"current_hp_per_floor":[62,62,62,55,55,55,55,50,50,45,45,45,45,45,45,29,55,55,55,55,55,38,38,26,47,47,47,47,47,23,17,35,33,56,55,55,51,41,41,41,15,2,0],"items_purged":["Strike_G","Strike_G","Pain"],"gold":362,"score":617,"play_id":"82c0c3c6-afc8-4b3f-9cc1-0e4e6251b1cf","local_time":"20180403182533","is_prod":false,"is_daily":false,"is_ascension_mode":true,"campfire_upgraded":6,"timestamp":1522772733,"path_taken":["M","?","?","?","?","R","M","E","T","?","R","?","R","?","R","BOSS","M","M","?","$","M","R","?","?","T","M","?","?","E","M","R","BOSS","M","?","M","?","?","R","M","R","T","E","M","?"],"build_version":"2018-03-29v2","purchased_purges":4,"victory":false,"master_deck":["Defend_G+1","Defend_G+1","Defend_G+1","Defend_G+1","Strike_G+1","Survivor","Neutralize+1","Crippling Poison+1","Dagger Spray+1","Noxious Fumes+1","Dash+1","Noxious Fumes","Backflip+1","Flying Knee","Heel Hook","Bouncing Flask","Deflect+1","Clumsy","Tools of the Trade","Footwork+1","Adrenaline","PiercingWail","Heel Hook+1","Regret","Dodge and Roll+1","Malaise"],"max_hp_per_floor":[63,63,63,63,63,63,63,63,63,63,63,63,63,63,63,63,63,63,63,63,63,63,63,63,63,63,63,63,63,63,63,63,63,63,63,63,63,77,77,77,77,77,77],"relics":["Ring of the Snake","Pen Nib","Shuriken","Cursed Key","Tiny Chest","Nloth\u0027s Gift","Centennial Puzzle","The Specimen","Mango","Letter Opener","Question Card"],"card_choices":[{"not_picked":["Outmaneuver","Dodge and Roll"],"picked":"Crippling Poison","floor":1.0},{"not_picked":["Poisoned Stab","Backstab"],"picked":"Dagger Spray","floor":3.0},{"not_picked":["Slice","Outmaneuver"],"picked":"Dash","floor":7.0},{"not_picked":["Bouncing Flask","Prepared"],"picked":"Noxious Fumes","floor":10.0},{"not_picked":["Slice","Eviscerate"],"picked":"Backflip","floor":18.0},{"not_picked":["Slice","Concentrate"],"picked":"Flying Knee","floor":19.0},{"not_picked":["Deadly Poison","Choke"],"picked":"Bouncing Flask","floor":22.0},{"not_picked":["Dagger Spray","Underhanded Strike"],"picked":"Deflect","floor":24.0},{"not_picked":["Outmaneuver","Reflex"],"picked":"Tools of the Trade","floor":27.0},{"not_picked":["Deadly Poison","Slice"],"picked":"Footwork","floor":31.0},{"not_picked":["Corpse Explosion","Tactician"],"picked":"Adrenaline","floor":33.0},{"not_picked":["Acrobatics","Distraction"],"picked":"PiercingWail","floor":37.0},{"not_picked":["Backstab","Deadly Poison"],"picked":"Heel Hook","floor":38},{"not_picked":["Expertise","Slice"],"picked":"Dodge and Roll","floor":41},{"not_picked":["Masterful Stab","PiercingWail","Grand Finale"],"picked":"Malaise","floor":42}],"player_experience":211927,"potions_floor_usage":[41,41,43],"damage_taken":[{"damage":1.0,"enemies":"Cultist","floor":1.0,"turns":4.0},{"damage":0.0,"enemies":"Small Slimes","floor":3.0,"turns":5.0},{"damage":0.0,"enemies":"2 Louse","floor":7.0,"turns":3.0},{"damage":5.0,"enemies":"3 Sentries","floor":8.0,"turns":6.0},{"damage":5.0,"enemies":"Exordium Thugs","floor":10.0,"turns":3.0},{"damage":16.0,"enemies":"The Guardian","floor":16.0,"turns":9.0},{"damage":0.0,"enemies":"3 Byrds","floor":18.0,"turns":3.0},{"damage":0.0,"enemies":"2 Thieves","floor":19.0,"turns":3.0},{"damage":17.0,"enemies":"Snake Plant","floor":22.0,"turns":5.0},{"damage":12.0,"enemies":"Centurion and Healer","floor":24.0,"turns":4.0},{"damage":0.0,"enemies":"3 Cultists","floor":27.0,"turns":5.0},{"damage":24.0,"enemies":"Book of Stabbing","floor":30.0,"turns":6.0},{"damage":6.0,"enemies":"Snake Plant","floor":31.0,"turns":4.0},{"damage":2.0,"enemies":"Automaton","floor":33.0,"turns":8.0},{"damage":1.0,"enemies":"3 Shapes","floor":35.0,"turns":3.0},{"damage":4.0,"enemies":"Orb Walker","floor":37.0,"turns":5.0},{"damage":42.0,"enemies":"Sphere and 2 Shapes","floor":38.0,"turns":6.0},{"damage":5,"enemies":"Maw","floor":38,"turns":8},{"damage":26,"enemies":"Giant Head","floor":41,"turns":10},{"damage":13,"enemies":"4 Shapes","floor":42,"turns":5},{"damage":4,"enemies":"3 Darklings","floor":43,"turns":2}],"event_choices":[{"event_name":"The Lab","player_choice":"Got Potions","floor":2.0,"damage_taken":0.0},{"event_name":"Golden Wing","player_choice":"Card Removal","floor":4.0,"damage_taken":0.0},{"event_name":"Liars Game","player_choice":"disagreed","floor":12.0,"damage_taken":0.0},{"event_name":"The Mausoleum","player_choice":"No","floor":20.0,"damage_taken":0.0},{"event_name":"The Library","player_choice":"Heal","floor":25.0,"damage_taken":0.0},{"event_name":"N\u0027loth","player_choice":"Traded a Bag of Marbles","floor":28.0,"damage_taken":0.0},{"event_name":"Back to Basics","player_choice":"Simplicity","floor":29.0,"damage_taken":0.0},{"event_name":"Tomb of Lord Red Mask","player_choice":"Ignored","floor":36.0,"damage_taken":0.0}],"boss_relics":[],"potions_floor_spawned":[8,10,22,24,35,38,42],"seed_played":"7210128858710042616","killed_by":"3 Darklings","ascension_level":6,"is_trial":false}