{"gold_per_floor":[115,115,115,129,149,149,175,175,175,209,209,220,4,4,4,104,104,120,120,145,156,176,176,204,204,204,204,204,223,223,237,237,342,342,355,755,755,755,769,769,428,428,428,150,150,150,165,165,165,165],"floor_reached":50,"playtime":3829,"items_purged":["Strike_G"],"score":710,"play_id":"6555d5f9-901f-4614-8a33-8ac8359cb69b","local_time":"20190107154802","is_ascension_mode":true,"campfire_choices":[{"data":"Neutralize","floor":6.0,"key":"SMITH"},{"floor":8.0,"key":"REST"},{"data":"Cloak And Dagger","floor":15.0,"key":"SMITH"},{"data":"Footwork","floor":23,"key":"SMITH"},{"floor":25,"key":"REST"},{"floor":27,"key":"REST"},{"data":"Night Terror","floor":30,"key":"SMITH"},{"data":"Catalyst","floor":32,"key":"SMITH"},{"floor":40,"key":"RECALL"},{"data":"Cloak And Dagger","floor":42,"key":"SMITH"},{"data":"Storm of Steel","floor":45,"key":"SMITH"},{"floor":49,"key":"REST"}],"neow_cost":"NONE","seed_source_timestamp":0,"circlet_count":0,"master_deck":["Defend_G","Defend_G","Defend_G","Defend_G","Strike_G","Strike_G","Strike_G","Survivor","Neutralize+1","Footwork+1","Slice","Adrenaline","Caltrops+1","Cloak And Dagger+1","Noxious Fumes+1","Night Terror+1","Blur+1","Necronomicurse","Backflip","Accuracy+1","Catalyst+1","Sucker Punch+1","Storm of Steel+1","Cloak And Dagger+1","Deflect+1","Swift Strike+1","Footwork+1","Skewer+1","Bane+1","Infinite Blades+1","Purity","Backflip","Bane+1"],"special_seed":0,"relics":["Ring of the Snake","Frozen Egg 2","Molten Egg 2","Happy Flower","PreservedInsect","Pen Nib","Runic Pyramid","Necronomicon","Centennial Puzzle","Vajra","The Courier","HoveringKite","Old Coin","Pantograph"],"potions_floor_usage":[33,50,50,50,50],"damage_taken":[{"damage":8.0,"enemies":"Small Slimes","floor":1.0,"turns":5.0},{"damage":1.0,"enemies":"2 Louse","floor":4.0,"turns":4.0},{"damage":0.0,"enemies":"Jaw Worm","floor":5.0,"turns":6.0},{"damage":32.0,"enemies":"3 Sentries","floor":7.0,"turns":18.0},{"damage":9.0,"enemies":"Lagavulin","floor":10.0,"turns":15.0},{"damage":10.0,"enemies":"Exordium Thugs","floor":12.0,"turns":6.0},{"damage":5.0,"enemies":"Slime Boss","floor":16.0,"turns":11.0},{"damage":10,"enemies":"Chosen","floor":18,"turns":5},{"damage":1,"enemies":"Shell Parasite","floor":21,"turns":6},{"damage":11,"enemies":"Centurion and Healer","floor":22,"turns":8},{"damage":33,"enemies":"Slavers","floor":24,"turns":6},{"damage":16,"enemies":"Snecko","floor":29,"turns":7},{"damage":7,"enemies":"Sentry and Sphere","floor":31,"turns":7},{"damage":18,"enemies":"Automaton","floor":33,"turns":12},{"damage":0,"enemies":"Orb Walker","floor":35,"turns":6},{"damage":11,"enemies":"Mind Bloom Boss Battle","floor":36,"turns":4},{"damage":2,"enemies":"3 Shapes","floor":39,"turns":7},{"damage":6,"enemies":"Maw","floor":47,"turns":7},{"damage":101,"enemies":"Awakened One","floor":50,"turns":16}],"seed_played":"8411724052858926217","potions_obtained":[{"floor":4.0,"key":"Ancient Potion"},{"floor":5.0,"key":"Fire Potion"},{"floor":10.0,"key":"Regen Potion"},{"floor":16.0,"key":"GhostInAJar"},{"floor":21,"key":"FairyPotion"},{"floor":22,"key":"AttackPotion"},{"floor":33,"key":"FearPotion"},{"floor":46,"key":"EntropicBrew"}],"is_trial":false,"path_per_floor":["M","?","?","M","M","R","E","R","T","E","?","M","$","?","R","B",null,"M","?","T","M","M","R","E","R","T","R","?","M","R","M","R","B",null,"M","?","?","?","M","R","$","R","T","$","R","?","M","?","R","B"],"character_chosen":"THE_SILENT","items_purchased":["Noxious Fumes+1","Pen Nib","Footwork+1","Skewer+1","Bane+1","Infinite Blades+1","Purity","Backflip","Pantograph","Bane+1"],"campfire_rested":4,"item_purchase_floors":[13,13,41,41,41,41,41,44,44,44],"current_hp_per_floor":[62,59,52,51,51,51,19,42,42,33,33,38,38,63,63,58,72,62,46,46,45,34,34,1,24,24,47,72,56,56,49,49,31,66,66,55,55,55,53,53,53,53,53,53,53,53,47,47,70,0],"gold":165,"neow_bonus":"TEN_PERCENT_HP_BONUS","is_prod":false,"is_daily":false,"chose_seed":false,"campfire_upgraded":7,"win_rate":0,"timestamp":1546897682,"path_taken":["M","?","?","M","M","R","E","R","T","E","?","M","$","?","R","BOSS","M","?","?","?","M","R","E","R","T","R","?","M","R","M","R","BOSS","M","?","?","?","M","R","$","R","T","?","R","?","?","?","R","BOSS"],"build_version":"2019-01-03v4","purchased_purges":1,"victory":false,"max_hp_per_floor":[77,77,77,77,77,77,77,77,77,77,77,77,77,77,77,77,77,77,77,77,77,77,77,77,77,77,77,77,77,77,77,77,77,77,77,77,77,77,77,77,77,77,77,77,77,77,77,77,77,77],"card_choices":[{"not_picked":["Sucker Punch","Dagger Spray"],"picked":"Footwork","floor":1.0},{"not_picked":["Deadly Poison","Blade Dance"],"picked":"Slice","floor":4.0},{"not_picked":["Underhanded Strike","Deflect","Concentrate"],"picked":"SKIP","floor":5.0},{"not_picked":["Quick Slash","Caltrops+1"],"picked":"Adrenaline","floor":7.0},{"not_picked":["PiercingWail","Underhanded Strike+1"],"picked":"Caltrops+1","floor":10.0},{"not_picked":["Distraction","Outmaneuver"],"picked":"Cloak And Dagger","floor":12.0},{"not_picked":["Doppelganger","Wraith Form v2+1"],"picked":"Night Terror","floor":16.0},{"not_picked":["Deadly Poison","Outmaneuver+1"],"picked":"Blur+1","floor":18},{"not_picked":["Infinite Blades+1","Outmaneuver"],"picked":"Backflip","floor":21},{"not_picked":["Eviscerate+1","Infinite Blades+1"],"picked":"Accuracy+1","floor":22},{"not_picked":["Finisher+1","Dash+1"],"picked":"Catalyst","floor":24},{"not_picked":["Expertise","Quick Slash+1"],"picked":"Sucker Punch+1","floor":29},{"not_picked":["Deflect","Backflip","Underhanded Strike+1"],"picked":"SKIP","floor":31},{"not_picked":["Grand Finale+1","Phantasmal Killer"],"picked":"Storm of Steel","floor":33},{"not_picked":["Deflect+1","Well Laid Plans+1"],"picked":"Cloak And Dagger","floor":35},{"not_picked":["Acrobatics+1","Dagger Throw+1"],"picked":"Deflect+1","floor":36},{"not_picked":["Secret Weapon","Dramatic Entrance+1"],"picked":"Swift Strike+1","floor":37},{"not_picked":["Slice+1","Flying Knee+1","Dagger Spray+1"],"picked":"SKIP","floor":39},{"not_picked":["Setup+1","Sucker Punch+1","Flying Knee+1"],"picked":"SKIP","floor":47}],"player_experience":425385,"relics_obtained":[{"floor":7.0,"key":"Molten Egg 2"},{"floor":9.0,"key":"Happy Flower"},{"floor":10.0,"key":"PreservedInsect"},{"floor":19,"key":"Necronomicon"},{"floor":20,"key":"Centennial Puzzle"},{"floor":24,"key":"Vajra"},{"floor":26,"key":"The Courier"},{"floor":36,"key":"Old Coin"}],"event_choices":[{"damage_healed":0.0,"max_hp_gain":0.0,"max_hp_loss":0.0,"gold_gain":0.0,"event_name":"Scrap Ooze","player_choice":"Success","floor":2.0,"gold_loss":0.0,"damage_taken":3.0,"relics_obtained":["Frozen Egg 2"]},{"cards_removed":["Strike_G"],"damage_healed":0.0,"max_hp_gain":0.0,"max_hp_loss":0.0,"gold_gain":0.0,"event_name":"Golden Wing","player_choice":"Card Removal","floor":3.0,"gold_loss":0.0,"damage_taken":7.0},{"damage_healed":0.0,"max_hp_gain":0.0,"max_hp_loss":0.0,"gold_gain":0.0,"event_name":"Shining Light","player_choice":"Ignored","floor":11.0,"gold_loss":0.0,"damage_taken":0.0},{"damage_healed":25.0,"max_hp_gain":0.0,"max_hp_loss":0.0,"gold_gain":0.0,"event_name":"Big Fish","player_choice":"Banana","floor":14.0,"gold_loss":0.0,"damage_taken":0.0},{"damage_healed":0,"gold_gain":0,"player_choice":"Obtained Book","damage_taken":16,"max_hp_gain":0,"max_hp_loss":0,"event_name":"Cursed Tome","floor":19,"gold_loss":0},{"damage_healed":25,"gold_gain":0,"player_choice":"Heal","damage_taken":0,"max_hp_gain":0,"max_hp_loss":0,"event_name":"The Library","floor":28,"gold_loss":0},{"damage_healed":0,"gold_gain":0,"player_choice":"Fight","damage_taken":0,"max_hp_gain":0,"max_hp_loss":0,"event_name":"MindBloom","floor":36,"gold_loss":0},{"damage_healed":0,"gold_gain":0,"player_choice":"Memory 1","damage_taken":0,"max_hp_gain":0,"max_hp_loss":0,"event_name":"SensoryStone","floor":37,"gold_loss":0},{"damage_healed":0,"gold_gain":0,"player_choice":"Ignored","damage_taken":0,"max_hp_gain":0,"max_hp_loss":0,"event_name":"Mysterious Sphere","floor":38,"gold_loss":0},{"damage_healed":0,"gold_gain":0,"player_choice":"Got Potions","damage_taken":0,"max_hp_gain":0,"max_hp_loss":0,"event_name":"Lab","floor":46,"gold_loss":0},{"cards_removed":["Defend_G"],"damage_healed":0,"gold_gain":0,"player_choice":"Removed Skill","damage_taken":0,"max_hp_gain":0,"max_hp_loss":0,"event_name":"Falling","floor":48,"gold_loss":0}],"is_beta":false,"boss_relics":[{"not_picked":["Eternal Feather","Pandora\u0027s Box"],"picked":"Runic Pyramid"},{"not_picked":["Tiny House","Busted Crown"],"picked":"HoveringKite"}],"items_purged_floors":[41],"is_endless":false,"potions_floor_spawned":[4,5,10,16,21,22,33,47],"killed_by":"Awakened One","ascension_level":8}