{"gold_per_floor":[114,39,39,57,69,69,84,1,1,1,14,14,28,28,28,121,121,146,169,169],"floor_reached":20,"playtime":1012,"items_purged":[],"score":307,"play_id":"220b8f38-3d2e-4dad-b271-527f2ada0d25","local_time":"20180924142610","is_ascension_mode":true,"campfire_choices":[{"floor":6,"key":"REST"},{"data":"Static Discharge","floor":10,"key":"SMITH"},{"floor":12,"key":"REST"},{"data":"Darkness","floor":15,"key":"SMITH"}],"neow_cost":"NONE","seed_source_timestamp":783272828705662,"circlet_count":0,"master_deck":["Strike_B","Strike_B","Strike_B","Defend_B","Defend_B","Defend_B","Zap","Dualcast","AscendersBane","Darkness+1","Static Discharge+1","Hologram","Sunder","Streamline+1","Doom and Gloom+1","Buffer","Redo+1","Leap"],"relics":["Cracked Core","Molten Egg 2","Golden Idol","Cursed Key"],"potions_floor_usage":[11,19],"damage_taken":[{"damage":2,"enemies":"Jaw Worm","floor":1,"turns":3},{"damage":7,"enemies":"Small Slimes","floor":4,"turns":3},{"damage":14,"enemies":"2 Louse","floor":5,"turns":3},{"damage":2,"enemies":"Exordium Thugs","floor":7,"turns":4},{"damage":17,"enemies":"Gremlin Gang","floor":11,"turns":3},{"damage":0,"enemies":"3 Louse","floor":13,"turns":2},{"damage":47,"enemies":"Hexaghost","floor":16,"turns":6},{"damage":22,"enemies":"Shell Parasite","floor":18,"turns":3},{"damage":24,"enemies":"2 Thieves","floor":19,"turns":4},{"damage":31,"enemies":"Shelled Parasite and Fungi","floor":20,"turns":1}],"seed_played":"-2897014734520863230","potions_obtained":[{"floor":5,"key":"FocusPotion"},{"floor":7,"key":"LiquidBronze"},{"floor":16,"key":"SpeedPotion"},{"floor":19,"key":"SteroidPotion"}],"is_trial":false,"path_per_floor":["M","?","?","M","M","R","M","$","T","R","M","R","M","?","R","B",null,"M","M"],"character_chosen":"DEFECT","items_purchased":["Sunder"],"campfire_rested":2,"item_purchase_floors":[8],"current_hp_per_floor":[62,62,67,60,46,68,66,66,66,66,49,71,71,69,69,22,57,35,11,0],"gold":169,"neow_bonus":"REMOVE_CARD","is_prod":false,"is_daily":false,"chose_seed":false,"campfire_upgraded":2,"win_rate":0,"timestamp":1537791970,"path_taken":["M","?","?","?","M","R","M","$","T","R","M","R","M","?","R","BOSS","M","M","M"],"build_version":"2018-09-20","purchased_purges":0,"victory":false,"max_hp_per_floor":[71,71,76,76,76,76,76,76,76,76,76,76,76,69,69,69,69,69,69,69],"card_choices":[{"not_picked":["Streamline","Beam Cell"],"picked":"Darkness","floor":1},{"not_picked":["Beam Cell","Tempest"],"picked":"Static Discharge","floor":4},{"not_picked":["Cold Snap","Chaos"],"picked":"Hologram","floor":5},{"not_picked":["Chill","Storm","Scrape"],"picked":"SKIP","floor":7},{"not_picked":["Chill","Darkness"],"picked":"Streamline+1","floor":11},{"not_picked":["Darkness","Loop"],"picked":"Doom and Gloom+1","floor":13},{"not_picked":["Amplify","Reboot"],"picked":"Buffer","floor":16},{"not_picked":["Steam Power","Cold Snap+1"],"picked":"Redo+1","floor":18},{"not_picked":["Rebound+1","Ball Lightning+1"],"picked":"Leap","floor":19}],"player_experience":619080,"relics_obtained":[{"floor":9,"key":"Molten Egg 2"}],"event_choices":[{"event_name":"The Cleric","player_choice":"Card Removal","floor":2,"damage_taken":0},{"event_name":"Big Fish","player_choice":"Donut","floor":3,"damage_taken":0},{"event_name":"Golden Idol","player_choice":"Lose Max HP","floor":14,"damage_taken":0}],"is_beta":false,"boss_relics":[{"not_picked":["Pandora\u0027s Box","White Beast Statue"],"picked":"Cursed Key"}],"items_purged_floors":[],"is_endless":false,"potions_floor_spawned":[5,7,16,18,19],"killed_by":"Shelled Parasite and Fungi","ascension_level":17}