{"gold_per_floor":[113,113,131,131,32,32,32,51,51,51,126,141,141,141,141,269,269,269,269,269,224,224,224,224,224,224,224,37,37],"floor_reached":29,"playtime":519,"items_purged":["Injury"],"score":274,"play_id":"fa74f05c-6193-4553-b9f0-09c9863119ed","local_time":"20181209232434","is_ascension_mode":true,"campfire_choices":[{"data":"Zap","floor":6,"key":"SMITH"},{"data":"Doom and Gloom","floor":10,"key":"SMITH"},{"floor":15,"key":"REST"},{"floor":23,"key":"REST"},{"floor":27,"key":"REST"}],"neow_cost":"NONE","seed_source_timestamp":2013782563122254,"circlet_count":0,"master_deck":["Strike_B","Strike_B","Strike_B","Strike_B+1","Defend_B","Defend_B","Defend_B","Zap+1","Dualcast","Dramatic Entrance+1","FTL","Doom and Gloom+1","Beam Cell","Ball Lightning","White Noise+1","Echo Form","Compile Driver","Go for the Eyes","Go for the Eyes+1","Creative AI","Defragment"],"relics":["Cracked Core","Golden Idol","Bottled Lightning","Gremlin Horn","Ectoplasm","Turnip","Lantern","Whetstone"],"potions_floor_usage":[12,25,29],"damage_taken":[{"damage":10,"enemies":"Small Slimes","floor":1,"turns":2},{"damage":7,"enemies":"Jaw Worm","floor":3,"turns":2},{"damage":0,"enemies":"Cultist","floor":8,"turns":2},{"damage":9,"enemies":"Looter","floor":12,"turns":2},{"damage":27,"enemies":"Hexaghost","floor":16,"turns":6},{"damage":1,"enemies":"3 Byrds","floor":18,"turns":3},{"damage":28,"enemies":"2 Thieves","floor":21,"turns":4},{"damage":18,"enemies":"3 Cultists","floor":22,"turns":3},{"damage":19,"enemies":"Centurion and Healer","floor":25,"turns":3},{"damage":30,"enemies":"Shelled Parasite and Fungi","floor":29,"turns":3}],"seed_played":"-8315394255057562755","potions_obtained":[{"floor":3,"key":"AttackPotion"},{"floor":16,"key":"Ancient Potion"},{"floor":21,"key":"Swift Potion"},{"floor":22,"key":"Ancient Potion"}],"is_trial":false,"path_per_floor":["M","?","M","?","$","R","?","M","T","R","?","M","?","?","R","B",null,"M","?","$","M","M","R","?","M","T","R","$","M"],"character_chosen":"DEFECT","items_purchased":["Beam Cell","Defragment","Whetstone"],"campfire_rested":3,"item_purchase_floors":[5,28,28],"current_hp_per_floor":[58,58,51,51,51,51,51,51,51,51,40,31,24,24,46,19,61,60,60,60,32,14,36,36,17,17,39,39,9],"gold":37,"neow_bonus":"RANDOM_COLORLESS","is_prod":false,"is_daily":false,"chose_seed":false,"campfire_upgraded":2,"win_rate":0,"timestamp":1544394274,"path_taken":["M","?","M","?","$","R","?","?","T","R","?","M","?","?","R","BOSS","M","?","$","M","?","R","?","M","T","R","$","M"],"build_version":"2018-12-06","purchased_purges":1,"victory":false,"max_hp_per_floor":[75,75,75,75,75,75,75,75,75,75,75,75,75,75,75,75,75,75,75,75,75,75,75,75,75,75,75,75,75],"card_choices":[{"not_picked":["Chaos","Conserve Battery"],"picked":"FTL","floor":1},{"not_picked":["Fusion","Gash"],"picked":"Doom and Gloom","floor":3},{"not_picked":["Conserve Battery","Chaos"],"picked":"Ball Lightning","floor":8},{"not_picked":["Ball Lightning","Go for the Eyes"],"picked":"White Noise","floor":12},{"not_picked":["Hyperbeam","Electrodynamics"],"picked":"Echo Form","floor":16},{"not_picked":["Sweeping Beam","Ball Lightning"],"picked":"Compile Driver","floor":18},{"not_picked":["Recycle+1","Beam Cell"],"picked":"Go for the Eyes","floor":21},{"not_picked":["Rebound","FTL"],"picked":"Go for the Eyes+1","floor":22},{"not_picked":["Gash","Barrage"],"picked":"Creative AI","floor":25}],"player_experience":415552,"relics_obtained":[{"floor":9,"key":"Bottled Lightning"},{"floor":26,"key":"Lantern"}],"event_choices":[{"damage_healed":0,"gold_gain":0,"player_choice":"Ignored","damage_taken":0,"max_hp_gain":0,"max_hp_loss":0,"event_name":"Golden Wing","floor":2,"gold_loss":0},{"damage_healed":0,"gold_gain":0,"player_choice":"Take Wound","damage_taken":0,"relics_obtained":["Golden Idol"],"max_hp_gain":0,"max_hp_loss":0,"event_name":"Golden Idol","floor":4,"gold_loss":0,"cards_obtained":["Injury"]},{"cards_removed":["Defend_B"],"damage_healed":0,"gold_gain":0,"player_choice":"Offered Basic","damage_taken":0,"max_hp_gain":0,"max_hp_loss":0,"event_name":"Bonfire Elementals","floor":7,"gold_loss":0},{"damage_healed":0,"gold_gain":75,"player_choice":"Gather Gold","damage_taken":11,"max_hp_gain":0,"max_hp_loss":0,"event_name":"World of Goop","floor":11,"gold_loss":0},{"damage_healed":0,"gold_gain":0,"player_choice":"Success","damage_taken":7,"relics_obtained":["Gremlin Horn"],"max_hp_gain":0,"max_hp_loss":0,"event_name":"Scrap Ooze","floor":13,"gold_loss":0},{"damage_healed":0,"gold_gain":0,"player_choice":"Grow","damage_taken":0,"max_hp_gain":0,"max_hp_loss":0,"event_name":"Living Wall","floor":14,"gold_loss":0,"cards_upgraded":["White Noise"]},{"damage_healed":0,"gold_gain":0,"player_choice":"Gave Potion","damage_taken":0,"relics_obtained":["Turnip"],"max_hp_gain":0,"max_hp_loss":0,"event_name":"WeMeetAgain","floor":19,"gold_loss":0},{"damage_healed":0,"gold_gain":0,"player_choice":"Ignored","damage_taken":0,"max_hp_gain":0,"max_hp_loss":0,"event_name":"Vampires","floor":24,"gold_loss":0}],"is_beta":false,"boss_relics":[{"not_picked":["Calling Bell","Snecko Eye"],"picked":"Ectoplasm"}],"items_purged_floors":[5],"is_endless":false,"potions_floor_spawned":[3,16,21,22],"killed_by":"Shelled Parasite and Fungi","ascension_level":6}