{"gold_per_floor":[119,194,194,42,52,52,109,12,67,92,122,72,72,90,90,188,188,206,11,11,111,121,121,148,163,244,244,96,96],"floor_reached":29,"playtime":1633,"items_purged":["Strike_R"],"score":247,"play_id":"b4170832-1f96-442c-9275-d7757230507d","local_time":"20190324205946","is_ascension_mode":false,"campfire_choices":[{"data":"Bash","floor":6,"key":"SMITH"},{"floor":13,"key":"REST"},{"data":"Juggernaut","floor":15,"key":"SMITH"},{"data":"Demon Form","floor":23,"key":"SMITH"}],"neow_cost":"NONE","seed_source_timestamp":775068752561023,"circlet_count":0,"master_deck":["Strike_R+1","Defend_R","Defend_R","Defend_R","Defend_R","Bash+1","Carnage+1","Wild Strike","Good Instincts","Iron Wave","Iron Wave","Dramatic Entrance","Twin Strike","Juggernaut+1","Demon Form","Shockwave+1","Demon Form+1","Dropkick","Intimidate","Bash","Wild Strike","Evolve"],"relics":["Burning Blood","Tiny Chest","Whetstone","Lantern","Busted Crown","DollysMirror","Bronze Scales","Dodecahedron"],"potions_floor_usage":[16],"damage_taken":[{"damage":2,"enemies":"2 Louse","floor":1,"turns":5},{"damage":0,"enemies":"Small Slimes","floor":5,"turns":3},{"damage":27,"enemies":"Lagavulin","floor":7,"turns":6},{"damage":23,"enemies":"Gremlin Nob","floor":10,"turns":4},{"damage":0,"enemies":"Cultist","floor":14,"turns":2},{"damage":51,"enemies":"The Guardian","floor":16,"turns":8},{"damage":0,"enemies":"Chosen","floor":18,"turns":3},{"damage":15,"enemies":"3 Byrds","floor":22,"turns":4},{"damage":49,"enemies":"Slavers","floor":24,"turns":6},{"damage":17,"enemies":"Snake Plant","floor":25,"turns":4},{"damage":22,"enemies":"Sentry and Sphere","floor":29,"turns":4}],"seed_played":"-5906298811762505479","potions_obtained":[{"floor":5,"key":"Explosive Potion"},{"floor":22,"key":"GamblersBrew"},{"floor":24,"key":"GamblersBrew"}],"is_trial":false,"path_per_floor":["M","?","?","$","M","R","E","$","T","E","?","?","R","M","R","B",null,"M","$","?","?","M","R","E","M","T","?","$","M"],"character_chosen":"IRONCLAD","items_purchased":["Wild Strike","Good Instincts","Dramatic Entrance","DollysMirror","Evolve"],"campfire_rested":1,"item_purchase_floors":[4,4,8,19,28],"current_hp_per_floor":[80,69,69,69,75,75,54,54,54,37,37,37,61,67,67,22,80,80,80,80,80,71,71,28,17,17,17,17,0],"gold":96,"neow_bonus":"REMOVE_CARD","is_prod":false,"is_daily":false,"chose_seed":false,"campfire_upgraded":3,"win_rate":0.0,"timestamp":1553457586,"path_taken":["M","?","?","$","?","R","E","$","T","E","?","?","R","M","R","BOSS","M","$","?","?","?","R","E","M","T","?","$","M"],"build_version":"2019-01-23","purchased_purges":1,"victory":false,"max_hp_per_floor":[80,80,80,80,80,80,80,80,80,80,80,80,80,80,80,80,80,80,80,80,80,80,80,80,80,80,80,80,80],"card_choices":[{"not_picked":["Anger","Searing Blow"],"picked":"Carnage","floor":1},{"not_picked":["Perfected Strike","Pommel Strike"],"picked":"Iron Wave","floor":5},{"not_picked":["Rage","Fire Breathing"],"picked":"Iron Wave","floor":7},{"not_picked":["Wild Strike","Headbutt"],"picked":"Twin Strike","floor":10},{"not_picked":["Headbutt","Sword Boomerang"],"picked":"Juggernaut","floor":14},{"not_picked":["Reaper","Bludgeon"],"picked":"Demon Form","floor":16},{"not_picked":[],"picked":"Shockwave+1","floor":18},{"not_picked":[],"picked":"Dropkick","floor":22},{"not_picked":[],"picked":"Intimidate","floor":24},{"not_picked":["Sword Boomerang"],"picked":"SKIP","floor":25}],"player_experience":101665,"relics_obtained":[{"floor":7,"key":"Tiny Chest"},{"floor":9,"key":"Whetstone"},{"floor":10,"key":"Lantern"},{"floor":24,"key":"Bronze Scales"},{"floor":26,"key":"Dodecahedron"}],"event_choices":[{"damage_healed":0,"gold_gain":75,"player_choice":"Gather Gold","damage_taken":11,"max_hp_gain":0,"max_hp_loss":0,"event_name":"World of Goop","floor":2,"gold_loss":0},{"cards_removed":["Strike_R"],"damage_healed":0,"gold_gain":0,"player_choice":"Offered Basic","damage_taken":0,"max_hp_gain":0,"max_hp_loss":0,"event_name":"Bonfire Elementals","floor":3,"gold_loss":0},{"damage_healed":0,"gold_gain":30,"player_choice":"Searched \u00271\u0027 times","damage_taken":0,"max_hp_gain":0,"max_hp_loss":0,"event_name":"Dead Adventurer","floor":11,"gold_loss":0},{"cards_removed":["Strike_R"],"damage_healed":0,"gold_gain":0,"player_choice":"Card Removal","damage_taken":0,"max_hp_gain":0,"max_hp_loss":0,"event_name":"The Cleric","floor":12,"gold_loss":50},{"damage_healed":0,"gold_gain":0,"player_choice":"Ignored","damage_taken":0,"max_hp_gain":0,"max_hp_loss":0,"event_name":"The Mausoleum","floor":20,"gold_loss":0},{"damage_healed":0,"gold_gain":100,"player_choice":"Pray","damage_taken":0,"max_hp_gain":0,"max_hp_loss":0,"event_name":"Golden Shrine","floor":21,"gold_loss":0},{"damage_healed":0,"gold_gain":0,"player_choice":"2 cards matched","damage_taken":0,"max_hp_gain":0,"max_hp_loss":0,"event_name":"Match and Keep!","floor":27,"gold_loss":0,"cards_obtained":["Bash","Wild Strike"]}],"is_beta":false,"boss_relics":[{"not_picked":["Black Blood","Runic Pyramid"],"picked":"Busted Crown"}],"items_purged_floors":[28],"is_endless":false,"potions_floor_spawned":[5,22,24],"killed_by":"Sentry and Sphere","ascension_level":0}