{"gold_per_floor":[119,119,119,136,136,136,165,185,212,226,226,241,241,241,241,341,341,351,351,370,470,484,484,484,511,511,65,75,106,106,117,117,117],"floor_reached":33,"playtime":1469,"items_purged":[],"score":428,"play_id":"a7e321d1-fc2b-457e-ba71-420ec5e10e70","local_time":"20180913215525","is_ascension_mode":true,"campfire_choices":[{"data":"Armaments","floor":6,"key":"SMITH"},{"data":"Reaper","floor":13,"key":"SMITH"},{"data":"Iron Wave","floor":15,"key":"SMITH"},{"floor":23,"key":"REST"},{"data":"Barricade","floor":30,"key":"SMITH"},{"data":"Pommel Strike","floor":32,"key":"SMITH"}],"neow_cost":"CURSE","seed_source_timestamp":0,"circlet_count":0,"master_deck":["Strike_R+1","Strike_R+1","Strike_R+1","Strike_R+1","Strike_R+1","Defend_R+1","Defend_R+1","Defend_R+1","Defend_R+1","Bash+1","AscendersBane","Cleave","Decay","Armaments+1","Reaper+1","Iron Wave+1","Barricade+1","Fire Breathing+1","Writhe","Shrug It Off+1","Reaper","Clothesline+1","Fire Breathing+1","Pommel Strike+1","Violence","Clothesline+1","Iron Wave+1"],"special_seed":0,"relics":["Black Blood","FossilizedHelix","Happy Flower","Bronze Scales","Du-Vu Doll","Torii","Frozen Egg 2","Oddly Smooth Stone","MawBank","Lantern","StoneCalendar"],"potions_floor_usage":[12,16,21,21],"damage_taken":[{"damage":0.0,"enemies":"Jaw Worm","floor":1.0,"turns":3.0},{"damage":5,"enemies":"Cultist","floor":4,"turns":4},{"damage":32,"enemies":"Lagavulin","floor":7,"turns":7},{"damage":0,"enemies":"Small Slimes","floor":8,"turns":6},{"damage":0,"enemies":"2 Fungi Beasts","floor":10,"turns":3},{"damage":0,"enemies":"Blue Slaver","floor":12,"turns":2},{"damage":23,"enemies":"Slime Boss","floor":16,"turns":9},{"damage":14,"enemies":"Spheric Guardian","floor":18,"turns":4},{"damage":17,"enemies":"Shell Parasite","floor":20,"turns":5},{"damage":9,"enemies":"Colosseum Slavers","floor":21,"turns":3},{"damage":51,"enemies":"Colosseum Nobs","floor":21,"turns":6},{"damage":30,"enemies":"Shelled Parasite and Fungi","floor":22,"turns":5},{"damage":36,"enemies":"Book of Stabbing","floor":25,"turns":6},{"damage":11,"enemies":"3 Cultists","floor":28,"turns":4},{"damage":20,"enemies":"Slavers","floor":29,"turns":6},{"damage":24,"enemies":"Snake Plant","floor":31,"turns":3},{"damage":172,"enemies":"Automaton","floor":33,"turns":12}],"seed_played":"5683293106230325253","potions_obtained":[{"floor":5,"key":"LiquidBronze"},{"floor":5,"key":"SteroidPotion"},{"floor":5,"key":"AttackPotion"},{"floor":18,"key":"Swift Potion"},{"floor":20,"key":"AttackPotion"},{"floor":22,"key":"FairyPotion"}],"is_trial":false,"path_per_floor":["M","?","?","M","?","R","E","M","T","M","?","M","R","?","R","B",null,"M","?","M","?","M","R","?","E","T","$","M","E","R","M","R"],"character_chosen":"IRONCLAD","items_purchased":["Fire Breathing+1","Pommel Strike","Lantern","Violence"],"campfire_rested":1,"item_purchase_floors":[27,27,27,27],"current_hp_per_floor":[78,78,78,79,79,79,53,63,63,73,57,76,76,81,81,70,81,77,77,82,44,40,65,65,55,55,55,78,71,71,69,69,0],"gold":117,"neow_bonus":"ONE_RARE_RELIC","is_prod":false,"is_daily":false,"chose_seed":false,"campfire_upgraded":5,"win_rate":0,"timestamp":1536900925,"path_taken":["M","?","?","M","?","R","E","M","T","M","?","?","R","?","R","BOSS","M","?","M","?","M","R","?","E","T","$","M","E","R","M","R","BOSS"],"build_version":"2018-09-06","purchased_purges":0,"victory":false,"max_hp_per_floor":[80,80,80,80,80,80,80,80,80,80,80,80,80,85,85,85,85,85,85,85,85,85,85,85,85,85,85,85,85,85,85,85,85],"card_choices":[{"not_picked":["Carnage","Hemokinesis"],"picked":"Cleave","floor":1.0},{"not_picked":["Intimidate","Bloodletting"],"picked":"Armaments","floor":4},{"not_picked":["Pummel","Hemokinesis"],"picked":"Reaper","floor":7},{"not_picked":["Perfected Strike","Second Wind","Corruption"],"picked":"SKIP","floor":8},{"not_picked":["Sword Boomerang","Bloodletting","Havoc"],"picked":"SKIP","floor":10},{"not_picked":["True Grit","Sentinel"],"picked":"Iron Wave","floor":12},{"not_picked":["Bludgeon","Impervious"],"picked":"Barricade","floor":16},{"not_picked":["Iron Wave","Anger"],"picked":"Fire Breathing+1","floor":18},{"not_picked":["Iron Wave+1","Uppercut"],"picked":"Shrug It Off+1","floor":20},{"not_picked":["Iron Wave","Anger"],"picked":"Reaper","floor":21},{"not_picked":["Thunderclap+1","Armaments"],"picked":"Clothesline+1","floor":22},{"not_picked":["True Grit","Flame Barrier","Havoc"],"picked":"SKIP","floor":25},{"not_picked":["Warcry","Cleave"],"picked":"Clothesline+1","floor":28},{"not_picked":["Body Slam","Hemokinesis","Juggernaut+1"],"picked":"SKIP","floor":29},{"not_picked":["Clothesline","Shrug It Off+1"],"picked":"Iron Wave+1","floor":31}],"player_experience":473297,"relics_obtained":[{"floor":7,"key":"Happy Flower"},{"floor":9,"key":"Bronze Scales"},{"floor":21,"key":"Torii"},{"floor":21,"key":"Frozen Egg 2"},{"floor":25,"key":"Oddly Smooth Stone"},{"floor":26,"key":"MawBank"},{"floor":29,"key":"StoneCalendar"}],"event_choices":[{"event_name":"Wheel of Change","player_choice":"Curse","floor":2,"damage_taken":0},{"event_name":"Living Wall","player_choice":"Forget","floor":3,"damage_taken":0},{"event_name":"The Lab","player_choice":"Got Potions","floor":5,"damage_taken":0},{"event_name":"Shining Light","player_choice":"Entered Light","floor":11,"damage_taken":0},{"event_name":"Big Fish","player_choice":"Donut","floor":14,"damage_taken":0},{"event_name":"The Mausoleum","player_choice":"Yes","floor":19,"damage_taken":0},{"event_name":"Colosseum","player_choice":"Fight","floor":21,"damage_taken":0},{"event_name":"Colosseum","player_choice":"Fought Nobs","floor":21,"damage_taken":0},{"event_name":"Back to Basics","player_choice":"Simplicity","floor":24,"damage_taken":0}],"is_beta":false,"boss_relics":[{"not_picked":["Eternal Feather","Pandora\u0027s Box"],"picked":"Black Blood"}],"items_purged_floors":[],"is_endless":false,"potions_floor_spawned":[7,8,10,18,20,22],"killed_by":"Automaton","ascension_level":10}