{"gold_per_floor":[109,120,120,136,136,167,184,184,266,231,247,264,264,264,264,361,361,379,379,379,396,396],"floor_reached":22,"playtime":1644,"items_purged":[],"score":186,"play_id":"edcdf9c3-d030-4d4e-ab70-6d626632589b","local_time":"20180624005337","is_ascension_mode":false,"campfire_choices":[{"floor":8,"key":"REST"},{"floor":15,"key":"REST"}],"neow_cost":"NONE","seed_source_timestamp":843504879438359,"circlet_count":0,"master_deck":["Defend_G","Defend_G","Defend_G","Defend_G","Defend_G","Strike_G","Strike_G","Strike_G","Strike_G","Strike_G","Survivor","Neutralize","Tactician","Escape Plan","Flying Knee+1","Slice","Acrobatics","Outmaneuver","A Thousand Cuts+1","Masterful Stab","Glass Knife","Decay","Writhe","Doubt","Deadly Poison","Necronomicurse","Poisoned Stab"],"relics":["Ring of the Snake","Calipers","Mercury Hourglass","Shuriken","Calling Bell","Bag of Preparation","Mummified Hand","Bird Faced Urn","Necronomicon"],"potions_floor_usage":[16,16,16,22],"damage_taken":[{"damage":0,"enemies":"Jaw Worm","floor":1,"turns":6},{"damage":0,"enemies":"Small Slimes","floor":2,"turns":3},{"damage":3,"enemies":"Cultist","floor":4,"turns":3},{"damage":30,"enemies":"3 Sentries","floor":6,"turns":11},{"damage":13,"enemies":"2 Fungi Beasts","floor":7,"turns":4},{"damage":6,"enemies":"Red Slaver","floor":11,"turns":6},{"damage":8,"enemies":"Exordium Thugs","floor":12,"turns":3},{"damage":49,"enemies":"The Guardian","floor":16,"turns":12},{"damage":29,"enemies":"Spheric Guardian","floor":18,"turns":4},{"damage":38,"enemies":"Chosen","floor":21,"turns":6},{"damage":2,"enemies":"Snecko","floor":22,"turns":1}],"seed_played":"-7952845789876942931","potions_obtained":[{"floor":1,"key":"GhostInAJar"},{"floor":11,"key":"LiquidBronze"},{"floor":12,"key":"Fruit Juice"},{"floor":16,"key":"SneckoOil"},{"floor":21,"key":"LiquidBronze"}],"is_trial":false,"path_per_floor":["M","M","?","M","?","E","M","R","T","?","M","M","?","T","R","B",null,"M","?","?","M"],"character_chosen":"THE_SILENT","items_purchased":[],"campfire_rested":2,"item_purchase_floors":[],"current_hp_per_floor":[70,70,75,72,72,42,29,51,51,69,63,55,55,55,75,31,80,53,37,37,1,0],"gold":396,"neow_bonus":"ONE_RANDOM_RARE_CARD","is_prod":false,"is_daily":false,"chose_seed":false,"campfire_upgraded":0,"win_rate":0.0,"timestamp":1529794417,"path_taken":["M","M","?","M","?","E","M","R","T","?","M","?","?","?","R","BOSS","M","?","?","?","M"],"build_version":"2018-06-21v2","purchased_purges":0,"victory":false,"max_hp_per_floor":[70,70,75,75,75,75,75,75,75,75,75,75,75,75,75,80,80,80,80,80,80,80],"card_choices":[{"not_picked":["Outmaneuver","Catalyst"],"picked":"Escape Plan","floor":1},{"not_picked":["Poisoned Stab","Backflip"],"picked":"Flying Knee","floor":2},{"not_picked":["Dagger Spray","Deflect"],"picked":"Slice","floor":4},{"not_picked":["Outmaneuver","Catalyst"],"picked":"Acrobatics","floor":6},{"not_picked":["Slice","Acrobatics"],"picked":"Outmaneuver","floor":7},{"not_picked":["Underhanded Strike","Expertise"],"picked":"A Thousand Cuts","floor":11},{"not_picked":["Prepared","Dodge and Roll"],"picked":"Masterful Stab","floor":12},{"not_picked":["Tactician","Adrenaline"],"picked":"Glass Knife","floor":16},{"not_picked":["Dodge and Roll+1","Dagger Throw+1"],"picked":"Deadly Poison","floor":18},{"not_picked":["Distraction","Deflect"],"picked":"Poisoned Stab","floor":21}],"player_experience":9711,"relics_obtained":[{"floor":6,"key":"Calipers"},{"floor":9,"key":"Mercury Hourglass"},{"floor":14,"key":"Shuriken"},{"floor":17,"key":"Bag of Preparation"},{"floor":17,"key":"Mummified Hand"},{"floor":17,"key":"Bird Faced Urn"},{"floor":19,"key":"Necronomicon"}],"event_choices":[{"event_name":"Big Fish","player_choice":"Donut","floor":3,"damage_taken":0},{"event_name":"Accursed Blacksmith","player_choice":"Forge","floor":5,"damage_taken":0},{"event_name":"The Cleric","player_choice":"Healed","floor":10,"damage_taken":0},{"event_name":"Purifier","player_choice":"One Purge","floor":13,"damage_taken":0},{"event_name":"Cursed Tome","player_choice":"Obtained Book","floor":19,"damage_taken":0},{"event_name":"Upgrade Shrine","player_choice":"Upgraded","floor":20,"damage_taken":0}],"boss_relics":[{"not_picked":["White Beast Statue","Fusion Hammer"],"picked":"Calling Bell"}],"items_purged_floors":[],"is_endless":false,"potions_floor_spawned":[1,11,12,16,21],"killed_by":"Snecko","ascension_level":0}