{"gold_per_floor":[111,127,127,127,142,157,157,172,172,184,31,31,50,62,62,62],"floor_reached":16,"playtime":703,"items_purged":[],"score":96,"play_id":"09628d11-4875-4ffe-b7fb-a07659705b43","local_time":"20190120032657","is_ascension_mode":false,"campfire_choices":[{"data":"Body Slam","floor":7,"key":"SMITH"},{"data":"True Grit","floor":12,"key":"SMITH"},{"data":"Body Slam","floor":15,"key":"SMITH"}],"neow_cost":"CURSE","seed_source_timestamp":10667178240047,"circlet_count":0,"master_deck":["Strike_R","Strike_R","Strike_R","Strike_R","Strike_R","Defend_R+1","Defend_R","Defend_R+1","Defend_R","Body Slam+1","True Grit+1","Iron Wave","Iron Wave","Iron Wave","Thunderclap","Body Slam+1"],"relics":["Burning Blood","Gambling Chip","Blue Candle","War Paint"],"potions_floor_usage":[6,16,16,16],"damage_taken":[{"damage":13,"enemies":"Jaw Worm","floor":1,"turns":4},{"damage":4,"enemies":"Cultist","floor":2,"turns":4},{"damage":2,"enemies":"Small Slimes","floor":5,"turns":6},{"damage":0,"enemies":"3 Louse","floor":6,"turns":3},{"damage":7,"enemies":"Large Slime","floor":8,"turns":9},{"damage":3,"enemies":"2 Fungi Beasts","floor":10,"turns":5},{"damage":0,"enemies":"Blue Slaver","floor":13,"turns":3},{"damage":4,"enemies":"Exordium Thugs","floor":14,"turns":6},{"damage":90,"enemies":"Hexaghost","floor":16,"turns":16}],"seed_played":"4001966932844167177","potions_obtained":[{"floor":5,"key":"SkillPotion"},{"floor":8,"key":"BloodPotion"},{"floor":10,"key":"Explosive Potion"},{"floor":13,"key":"SkillPotion"}],"is_trial":false,"path_per_floor":["M","M","?","?","M","M","R","M","T","M","$","R","M","M","R","B"],"character_chosen":"IRONCLAD","items_purchased":["War Paint"],"campfire_rested":0,"item_purchase_floors":[11],"current_hp_per_floor":[73,75,68,68,72,78,78,77,77,80,80,80,80,80,80,0],"gold":62,"neow_bonus":"ONE_RARE_RELIC","is_prod":false,"is_daily":false,"chose_seed":false,"campfire_upgraded":3,"win_rate":0,"timestamp":1547972817,"path_taken":["M","M","?","?","M","M","R","?","T","M","$","R","M","M","R","BOSS"],"build_version":"2019-01-17v2","purchased_purges":0,"victory":false,"max_hp_per_floor":[80,80,80,80,80,80,80,80,80,80,80,80,80,80,80,80],"card_choices":[{"not_picked":["Warcry","Heavy Blade"],"picked":"Body Slam","floor":1},{"not_picked":["Power Through","Havoc"],"picked":"True Grit","floor":2},{"not_picked":["Rupture","Shockwave"],"picked":"Iron Wave","floor":5},{"not_picked":["Entrench","Sever Soul"],"picked":"Iron Wave","floor":6},{"not_picked":["Metallicize","Warcry"],"picked":"Thunderclap","floor":8},{"not_picked":["Sever Soul","Rupture","Power Through"],"picked":"SKIP","floor":10},{"not_picked":["Clash","Havoc"],"picked":"Body Slam","floor":13},{"not_picked":["Sword Boomerang","Double Tap","Hemokinesis"],"picked":"SKIP","floor":14}],"player_experience":549023,"relics_obtained":[{"floor":9,"key":"Blue Candle"}],"event_choices":[{"cards_removed":["Writhe"],"damage_healed":0,"gold_gain":0,"player_choice":"Card Removal","damage_taken":7,"max_hp_gain":0,"max_hp_loss":0,"event_name":"Golden Wing","floor":3,"gold_loss":0},{"cards_removed":["Bash"],"damage_healed":0,"gold_gain":0,"player_choice":"Took Card","damage_taken":0,"max_hp_gain":0,"max_hp_loss":0,"event_name":"NoteForYourself","floor":4,"gold_loss":0,"cards_obtained":["Iron Wave"]}],"is_beta":false,"boss_relics":[],"items_purged_floors":[],"is_endless":false,"potions_floor_spawned":[5,8,10,13,14],"killed_by":"Hexaghost","ascension_level":0}