{"path_per_floor":["M","M","?","T","M","R","E","?","T","E","M","M","R","M","R","B",null,"M","M","M","M","M"],"character_chosen":"IRONCLAD","items_purchased":[],"gold_per_floor":[16,36,1,26,40,40,70,70,70,96,112,130,130,143,143,247,247,263,281,298,311,328,328],"floor_reached":23,"campfire_rested":0,"playtime":1751,"current_hp_per_floor":[80,66,80,80,80,80,53,58,58,47,55,51,51,61,61,33,95,96,88,70,33,16,0],"items_purged":[],"gold":328,"score":263,"play_id":"052c2593-cf84-4ac2-94d9-8ec8d6a72a51","local_time":"20180330190609","is_prod":false,"is_daily":false,"is_ascension_mode":true,"campfire_upgraded":3,"timestamp":1522461969,"path_taken":["M","M","?","?","M","R","E","?","T","E","?","M","R","M","R","BOSS","M","M","?","M","M","E"],"build_version":"2018-03-29v2","purchased_purges":0,"victory":false,"master_deck":["Strike_R","Strike_R","Strike_R","Strike_R","Defend_R","Defend_R","Defend_R","Defend_R","Burning Pact","Flex+1","Evolve","Evolve","Feed+1","Intimidate","Metallicize+1","Immolate","Pommel Strike+1","Wild Strike","Spot Weakness","Pummel+1"],"max_hp_per_floor":[80,80,80,80,80,80,80,85,85,85,88,91,91,95,95,95,95,99,99,103,103,103,103],"relics":["Burning Blood","Pen Nib","Gremlin Horn","Gambling Chip","Pantograph","Mark of Pain"],"card_choices":[{"not_picked":["Entrench","Thunderclap"],"picked":"Burning Pact","floor":1},{"not_picked":["Heavy Blade","Dropkick"],"picked":"Flex","floor":2},{"not_picked":["Flex","Sever Soul"],"picked":"Evolve","floor":5},{"not_picked":["Wild Strike","Sword Boomerang"],"picked":"Evolve","floor":7},{"not_picked":["Warcry","Body Slam"],"picked":"Feed","floor":10},{"not_picked":["Heavy Blade","Rampage"],"picked":"Intimidate","floor":11},{"not_picked":["Reckless Charge","Dual Wield"],"picked":"Metallicize","floor":12},{"not_picked":["Brutality","Berserk"],"picked":"Immolate","floor":16},{"not_picked":["Havoc","Reckless Charge"],"picked":"Pommel Strike","floor":18},{"not_picked":["Sword Boomerang","Uppercut"],"picked":"Wild Strike","floor":20},{"not_picked":["Perfected Strike","Havoc"],"picked":"Spot Weakness","floor":21},{"not_picked":["Heavy Blade","Spot Weakness"],"picked":"Pummel","floor":22}],"player_experience":130394,"potions_floor_usage":[7,10,20,22],"damage_taken":[{"damage":0,"enemies":"Small Slimes","floor":1,"turns":3},{"damage":20,"enemies":"Jaw Worm","floor":2,"turns":6},{"damage":6,"enemies":"2 Louse","floor":5,"turns":4},{"damage":33,"enemies":"Gremlin Nob","floor":7,"turns":4},{"damage":17,"enemies":"3 Sentries","floor":10,"turns":8},{"damage":1,"enemies":"2 Fungi Beasts","floor":11,"turns":4},{"damage":13,"enemies":"Red Slaver","floor":12,"turns":5},{"damage":0,"enemies":"Gremlin Gang","floor":14,"turns":4},{"damage":59,"enemies":"Slime Boss","floor":16,"turns":15},{"damage":9,"enemies":"Chosen","floor":18,"turns":5},{"damage":14,"enemies":"Spheric Guardian","floor":19,"turns":4},{"damage":28,"enemies":"Centurion and Healer","floor":20,"turns":7},{"damage":43,"enemies":"Snake Plant","floor":21,"turns":5},{"damage":23,"enemies":"Snecko","floor":22,"turns":4},{"damage":31,"enemies":"Book of Stabbing","floor":23,"turns":3}],"event_choices":[{"event_name":"The Cleric","player_choice":"Healed","floor":3,"damage_taken":0},{"event_name":"Big Fish","player_choice":"Donut","floor":8,"damage_taken":0}],"boss_relics":[{"not_picked":["Cursed Key","Snecko Eye"],"picked":"Mark of Pain"}],"potions_floor_spawned":[1,2,16,19,21],"seed_played":"-863128561622582415","killed_by":"Book of Stabbing","ascension_level":3,"is_trial":false}