{"gold_per_floor":[109,128,78,78,3,3,28,43,121,131,166,166,166,166,166,263,263,279,279,279,296,311,311,7,7,7,7,7,38,58,58],"floor_reached":31,"playtime":1147,"items_purged":["Defend_G","Strike_G"],"score":365,"play_id":"e7b864ec-46a4-4f01-97e0-e240bae9d6aa","local_time":"20181207003028","is_ascension_mode":true,"campfire_choices":[{"data":"Neutralize","floor":6.0,"key":"SMITH"},{"data":"Cloak And Dagger","floor":13.0,"key":"SMITH"},{"floor":15.0,"key":"REST"},{"floor":23.0,"key":"REST"},{"data":"Footwork","floor":25.0,"key":"SMITH"},{"data":"A Thousand Cuts","floor":28.0,"key":"SMITH"}],"neow_cost":"NONE","seed_source_timestamp":471707398517637,"circlet_count":0,"master_deck":["Defend_G","Defend_G+1","Defend_G","Defend_G","Strike_G+1","Strike_G","Strike_G","Survivor","Neutralize+1","Poisoned Stab","Caltrops","Die Die Die","Cloak And Dagger+1","Escape Plan","A Thousand Cuts+1","Underhanded Strike+1","Backflip+1","Backstab","Footwork+1","Reflex","Underhanded Strike","Dagger Spray+1","Noxious Fumes+1"],"special_seed":0,"relics":["Ring of the Snake","Anchor","Bottled Lightning","Regal Pillow","Pantograph","HoveringKite","Nilry\u0027s Codex","Nunchaku","Boot"],"potions_floor_usage":[],"damage_taken":[{"damage":2.0,"enemies":"Cultist","floor":1.0,"turns":5.0},{"damage":2.0,"enemies":"Small Slimes","floor":2.0,"turns":4.0},{"damage":11.0,"enemies":"Lagavulin","floor":7.0,"turns":8.0},{"damage":0.0,"enemies":"Jaw Worm","floor":8.0,"turns":3.0},{"damage":2.0,"enemies":"Large Slime","floor":10.0,"turns":5.0},{"damage":14.0,"enemies":"Gremlin Nob","floor":11.0,"turns":5.0},{"damage":50.0,"enemies":"Slime Boss","floor":16.0,"turns":13.0},{"damage":24.0,"enemies":"Spheric Guardian","floor":18.0,"turns":4.0},{"damage":6.0,"enemies":"2 Thieves","floor":21.0,"turns":4.0},{"damage":8.0,"enemies":"Snake Plant","floor":22.0,"turns":3.0},{"damage":15.0,"enemies":"Gremlin Leader","floor":29.0,"turns":6.0},{"damage":0.0,"enemies":"Centurion and Healer","floor":30.0,"turns":4.0},{"damage":26,"enemies":"Slavers","floor":31,"turns":2}],"seed_played":"-5658070871725891630","potions_obtained":[{"floor":0.0,"key":"Explosive Potion"},{"floor":0.0,"key":"AttackPotion"},{"floor":0.0,"key":"SteroidPotion"},{"floor":7.0,"key":"Ancient Potion"},{"floor":10.0,"key":"Weak Potion"},{"floor":11.0,"key":"GamblersBrew"},{"floor":16.0,"key":"FearPotion"},{"floor":22.0,"key":"Explosive Potion"},{"floor":29.0,"key":"LiquidBronze"}],"is_trial":false,"path_per_floor":["M","M","?","?","$","R","E","M","T","M","E","T","R","?","R","B",null,"M","?","?","M","M","R","$","R","T","$","R","E","M","E"],"character_chosen":"THE_SILENT","items_purchased":["Footwork","Reflex","Underhanded Strike"],"campfire_rested":2,"item_purchase_floors":[24,24,24],"current_hp_per_floor":[61,59,59,45,45,45,34,34,34,32,18,18,18,6,42,17,57,33,33,17,11,3,39,39,39,39,39,39,24,24,0],"gold":58,"neow_bonus":"THREE_SMALL_POTIONS","is_prod":false,"is_daily":false,"chose_seed":false,"campfire_upgraded":4,"win_rate":0,"timestamp":1544160628,"path_taken":["M","M","?","?","$","R","E","M","T","M","E","?","R","?","R","BOSS","M","?","?","M","M","R","$","R","T","$","R","E","M","E"],"build_version":"2018-12-06","purchased_purges":2,"victory":false,"max_hp_per_floor":[70,70,70,70,70,70,70,70,70,70,70,70,70,70,70,70,70,70,70,70,70,70,70,70,70,70,70,70,70,70,70],"card_choices":[{"not_picked":["Deflect","Riddle With Holes"],"picked":"Poisoned Stab","floor":1.0},{"not_picked":["PiercingWail","Endless Agony"],"picked":"Caltrops","floor":2.0},{"not_picked":["Accuracy","Choke"],"picked":"Die Die Die","floor":7.0},{"not_picked":["Flying Knee","Dagger Spray","Infinite Blades"],"picked":"SKIP","floor":8.0},{"not_picked":["PiercingWail","Riddle With Holes"],"picked":"Cloak And Dagger","floor":10.0},{"not_picked":["Outmaneuver","Sucker Punch"],"picked":"Escape Plan","floor":11.0},{"not_picked":["Corpse Explosion","Wraith Form v2"],"picked":"A Thousand Cuts","floor":16.0},{"not_picked":["Concentrate","Acrobatics"],"picked":"Underhanded Strike+1","floor":18.0},{"not_picked":["Flying Knee+1","Quick Slash"],"picked":"Backflip+1","floor":21.0},{"not_picked":["Choke","Crippling Poison"],"picked":"Backstab","floor":22.0},{"not_picked":["Unload","Slice"],"picked":"Dagger Spray+1","floor":29.0},{"not_picked":["Outmaneuver","Footwork"],"picked":"Noxious Fumes+1","floor":30.0}],"player_experience":520846,"relics_obtained":[{"floor":7.0,"key":"Anchor"},{"floor":9.0,"key":"Bottled Lightning"},{"floor":11.0,"key":"Regal Pillow"},{"floor":12.0,"key":"Pantograph"},{"floor":20.0,"key":"Nilry\u0027s Codex"},{"floor":26.0,"key":"Nunchaku"},{"floor":29.0,"key":"Boot"}],"event_choices":[{"cards_removed":["Strike_G"],"damage_healed":0.0,"max_hp_gain":0.0,"max_hp_loss":0.0,"gold_gain":0.0,"event_name":"The Cleric","player_choice":"Card Removal","floor":3.0,"gold_loss":50.0,"damage_taken":0.0},{"damage_healed":0.0,"max_hp_gain":0.0,"max_hp_loss":0.0,"gold_gain":0.0,"event_name":"Shining Light","player_choice":"Entered Light","floor":4.0,"gold_loss":0.0,"damage_taken":14.0,"cards_upgraded":["Strike_G","Defend_G"]},{"damage_healed":0.0,"max_hp_gain":0.0,"max_hp_loss":0.0,"gold_gain":0.0,"event_name":"Scrap Ooze","player_choice":"Fled","floor":14.0,"gold_loss":0.0,"damage_taken":12.0},{"damage_healed":0.0,"max_hp_gain":0.0,"max_hp_loss":0.0,"gold_gain":0.0,"event_name":"Ghosts","player_choice":"Ignored","floor":19.0,"gold_loss":0.0,"damage_taken":0.0},{"damage_healed":0.0,"max_hp_gain":0.0,"max_hp_loss":0.0,"gold_gain":0.0,"event_name":"Cursed Tome","player_choice":"Obtained Book","floor":20.0,"gold_loss":0.0,"damage_taken":16.0}],"is_beta":true,"boss_relics":[{"not_picked":["Cursed Key","Calling Bell"],"picked":"HoveringKite"}],"items_purged_floors":[5,24],"is_endless":false,"potions_floor_spawned":[7,10,11,16,22,29],"killed_by":"Slavers","ascension_level":8}