{"gold_per_floor":[119,137,6,19,19,19,19,19,95,95,12,12,23,35,35,108,108,123,135,154,154],"floor_reached":21,"playtime":1181,"items_purged":["Defend_B"],"score":325,"play_id":"202598ab-bbdb-4b2e-a07f-8654e42fded8","local_time":"20180924175803","is_ascension_mode":true,"campfire_choices":[{"floor":6,"key":"REST"},{"floor":8,"key":"REST"},{"data":"Dualcast","floor":10,"key":"SMITH"},{"data":"Auto Shields","floor":15,"key":"SMITH"}],"neow_cost":"NONE","seed_source_timestamp":795817099517893,"circlet_count":0,"master_deck":["Strike_B","Strike_B","Strike_B","Strike_B","Defend_B","Defend_B","Zap+1","Dualcast+1","AscendersBane","Auto Shields+1","Conserve Battery+1","Conserve Battery","Cold Snap","Rebound","Electrodynamics","Electrodynamics","Sweeping Beam","Ball Lightning","Reboot"],"relics":["Cracked Core","Sundial","Pen Nib","Inserter"],"potions_floor_usage":[13,21],"damage_taken":[{"damage":5,"enemies":"2 Louse","floor":1,"turns":3},{"damage":9,"enemies":"Jaw Worm","floor":2,"turns":5},{"damage":7,"enemies":"Small Slimes","floor":4,"turns":3},{"damage":0,"enemies":"Looter","floor":13,"turns":3},{"damage":3,"enemies":"Exordium Thugs","floor":14,"turns":4},{"damage":20,"enemies":"Slime Boss","floor":16,"turns":9},{"damage":8,"enemies":"3 Byrds","floor":18,"turns":3},{"damage":18,"enemies":"Spheric Guardian","floor":19,"turns":4},{"damage":40,"enemies":"Shelled Parasite and Fungi","floor":20,"turns":5},{"damage":9,"enemies":"Snecko","floor":21,"turns":3}],"seed_played":"4892442568340676134","potions_obtained":[{"floor":2,"key":"FearPotion"},{"floor":4,"key":"GamblersBrew"}],"is_trial":false,"path_per_floor":["M","M","$","M","?","R","?","R","T","R","?","?","M","M","R","B",null,"M","M","M"],"character_chosen":"DEFECT","items_purchased":["Conserve Battery"],"campfire_rested":2,"item_purchase_floors":[3],"current_hp_per_floor":[66,57,57,50,27,50,50,73,73,73,73,73,73,70,70,50,71,63,45,5,0],"gold":154,"neow_bonus":"TEN_PERCENT_HP_BONUS","is_prod":false,"is_daily":false,"chose_seed":false,"campfire_upgraded":2,"win_rate":0,"timestamp":1537804683,"path_taken":["M","M","$","M","?","R","?","R","T","R","?","?","M","M","R","BOSS","M","?","M","?"],"build_version":"2018-09-20","purchased_purges":1,"victory":false,"max_hp_per_floor":[78,78,78,78,78,78,78,78,78,78,78,78,78,78,78,78,78,78,78,78,78],"card_choices":[{"not_picked":["Steam","Conserve Battery"],"picked":"Auto Shields","floor":1},{"not_picked":["Storm","Lockon"],"picked":"Conserve Battery","floor":2},{"not_picked":["Chill","Coolheaded","Hologram"],"picked":"SKIP","floor":4},{"not_picked":["Chill","Turbo"],"picked":"Rebound","floor":13},{"not_picked":["Undo","Streamline"],"picked":"Electrodynamics","floor":14},{"not_picked":["Creative AI","Reboot"],"picked":"Electrodynamics","floor":16},{"not_picked":["Gash","Steam"],"picked":"Sweeping Beam","floor":18},{"not_picked":["Recycle","Rebound"],"picked":"Ball Lightning","floor":19},{"not_picked":["Cold Snap+1","Streamline"],"picked":"Reboot","floor":20}],"player_experience":630088,"relics_obtained":[{"floor":9,"key":"Sundial"}],"event_choices":[{"event_name":"Shining Light","player_choice":"Entered Light","floor":5,"damage_taken":0},{"event_name":"Dead Adventurer","player_choice":"Searched \u00270\u0027 times","floor":7,"damage_taken":0},{"event_name":"WeMeetAgain","player_choice":"Gold","floor":11,"damage_taken":0},{"event_name":"Transmorgrifier","player_choice":"Transform","floor":12,"damage_taken":0}],"is_beta":false,"boss_relics":[{"not_picked":["Velvet Choker","Lizard Tail"],"picked":"Inserter"}],"items_purged_floors":[3],"is_endless":false,"potions_floor_spawned":[2,4],"killed_by":"Snecko","ascension_level":18}