{"gold_per_floor":[113,132,143,143,161,161,188,188,188,205,52,52,70,89,89,185,235,253,268,287,287],"floor_reached":21,"playtime":1765,"items_purged":[],"score":321,"play_id":"f70f6943-68d3-46b3-b710-0bd17951132f","local_time":"20180919030437","is_ascension_mode":true,"campfire_choices":[{"data":"Static Discharge","floor":6,"key":"SMITH"},{"floor":8,"key":"REST"},{"floor":15,"key":"REST"}],"neow_cost":"NONE","seed_source_timestamp":309605552881986,"circlet_count":0,"master_deck":["Strike_B","Strike_B","Strike_B","Strike_B+1","Defend_B","Defend_B","Defend_B","Defend_B","Zap","Dualcast","AscendersBane","Static Discharge+1","Beam Cell","Sweeping Beam","Echo Form","Darkness+1","Defragment","Skim+1","Electrodynamics","Compile Driver","Leap+1","Go for the Eyes"],"special_seed":0,"relics":["Cracked Core","Toxic Egg 2","Matryoshka","PreservedInsect","Tiny House"],"potions_floor_usage":[5,7,13,16,16,19,20],"damage_taken":[{"damage":9,"enemies":"2 Louse","floor":1,"turns":4},{"damage":1,"enemies":"Cultist","floor":2,"turns":4},{"damage":12,"enemies":"Jaw Worm","floor":3,"turns":2},{"damage":16,"enemies":"Large Slime","floor":5,"turns":6},{"damage":25,"enemies":"3 Sentries","floor":7,"turns":4},{"damage":7,"enemies":"Looter","floor":10,"turns":3},{"damage":22,"enemies":"Exordium Thugs","floor":13,"turns":3},{"damage":10,"enemies":"Large Slime","floor":14,"turns":5},{"damage":32,"enemies":"The Guardian","floor":16,"turns":6},{"damage":25,"enemies":"3 Byrds","floor":18,"turns":3},{"damage":25,"enemies":"Spheric Guardian","floor":19,"turns":3},{"damage":40,"enemies":"Centurion and Healer","floor":20,"turns":5},{"damage":8,"enemies":"Snecko","floor":21,"turns":2}],"seed_played":"-2022372719219424522","potions_obtained":[{"floor":1,"key":"LiquidBronze"},{"floor":2,"key":"GamblersBrew"},{"floor":7,"key":"AttackPotion"},{"floor":13,"key":"FocusPotion"},{"floor":14,"key":"PowerPotion"},{"floor":17,"key":"Swift Potion"},{"floor":19,"key":"Regen Potion"}],"is_trial":false,"path_per_floor":["M","M","M","?","M","R","E","R","T","M","$","?","M","M","R","B",null,"M","M","M"],"character_chosen":"DEFECT","items_purchased":["PreservedInsect"],"campfire_rested":2,"item_purchase_floors":[11],"current_hp_per_floor":[59,58,46,85,69,69,44,69,69,62,62,67,45,35,62,30,80,55,30,5,0],"gold":287,"neow_bonus":"ONE_RANDOM_RARE_CARD","is_prod":false,"is_daily":false,"chose_seed":false,"campfire_upgraded":1,"win_rate":0,"timestamp":1537319077,"path_taken":["M","M","M","?","M","R","E","R","T","M","$","?","M","M","R","BOSS","M","M","M","M"],"build_version":"2018-09-06","purchased_purges":0,"victory":false,"max_hp_per_floor":[75,75,75,85,85,85,85,85,85,85,85,90,90,90,90,90,95,95,95,95,95],"card_choices":[{"not_picked":["Turbo","Skim"],"picked":"Static Discharge","floor":1},{"not_picked":["Chill","Hello World"],"picked":"Beam Cell","floor":2},{"not_picked":["Cold Snap","Blizzard"],"picked":"Sweeping Beam","floor":3},{"not_picked":["Barrage","Turbo","Scrape"],"picked":"SKIP","floor":5},{"not_picked":["Redo","Skim"],"picked":"Echo Form","floor":7},{"not_picked":["Aggregate+1","FTL"],"picked":"Darkness+1","floor":10},{"not_picked":["Force Field+1","Sweeping Beam"],"picked":"Defragment","floor":13},{"not_picked":["Coolheaded+1","Cold Snap"],"picked":"Skim+1","floor":14},{"not_picked":["Meteor Strike","Echo Form"],"picked":"Electrodynamics","floor":16},{"not_picked":["Barrage","Ball Lightning"],"picked":"Compile Driver","floor":17},{"not_picked":["Scrape","Beam Cell","Hello World"],"picked":"SKIP","floor":18},{"not_picked":["Beam Cell+1","Streamline"],"picked":"Leap+1","floor":19},{"not_picked":["Stack+1","Meteor Strike"],"picked":"Go for the Eyes","floor":20}],"player_experience":385885,"relics_obtained":[{"floor":7,"key":"Toxic Egg 2"},{"floor":9,"key":"Matryoshka"}],"event_choices":[{"event_name":"Bonfire Elementals","player_choice":"RARE","floor":4,"damage_taken":0},{"event_name":"Big Fish","player_choice":"Donut","floor":12,"damage_taken":0}],"is_beta":false,"boss_relics":[{"not_picked":["Runic Dome","Fusion Hammer"],"picked":"Tiny House"}],"items_purged_floors":[],"is_endless":false,"potions_floor_spawned":[1,2,7,13,14,19],"killed_by":"Snecko","ascension_level":12}