{"path_per_floor":["M","M","$","$","M","E","R","M","T","M","R","?","M","M","R","B",null,"M","?","?","M","?","R","$","M","T","M","$","R","$","M","R"],"character_chosen":"IRONCLAD","items_purchased":["Disarm","Uppercut","Pommel Strike"],"gold_per_floor":[112,129,10,10,20,47,47,63,63,82,82,82,101,114,114,216,216,230,230,230,215,215,215,114,124,148,164,64,64,64,82,82],"floor_reached":33,"campfire_rested":4,"playtime":5646,"current_hp_per_floor":[76,72,72,72,74,35,59,65,65,58,58,58,68,74,74,45,80,77,77,61,48,33,58,58,57,57,41,41,66,66,47,72],"items_purged":["Perfected Strike","Strike_R"],"gold":82,"play_id":"5f8cdbab-7ec3-4a73-b189-062fb7a4aef9","is_prod":false,"is_daily":false,"campfire_rituals":0,"campfire_upgraded":2,"is_hardmode":false,"path_taken":["M","M","?","$","M","E","R","M","T","M","R","?","?","?","R","BOSS","M","?","?","?","?","R","$","M","T","M","$","R","?","M","R","BOSS"],"build_version":"2017-12-21-PROD1","purchased_purges":2,"victory":false,"master_deck":["Strike_R","Strike_R","Strike_R","Defend_R","Defend_R","Defend_R","Defend_R","Bash","Rampage","Headbutt","Disarm","Uppercut","Dual Wield","Metallicize","Flex","Headbutt","Anger","Cleave","Brutality","Armaments","Flex","Shrug It Off","Pommel Strike","Shockwave","Armaments","Rage"],"max_hp_per_floor":[80,80,80,80,80,80,80,80,80,80,80,80,80,80,80,80,80,80,80,80,80,85,85,85,85,85,85,85,85,85,85,85],"relics":["Burning Blood","Centennial Puzzle","Happy Flower","Question Card","Enchiridion","Bronze Scales"],"campfire_meditates":0,"card_choices":[{"not_picked":["Power Through","Uppercut"],"picked":"Rampage"},{"not_picked":["Sword Boomerang","Combust"],"picked":"Headbutt"},{"not_picked":["Sever Soul","Rupture"],"picked":"Dual Wield"},{"not_picked":["Pommel Strike","Thunderclap"],"picked":"Metallicize"},{"not_picked":["Disarm","Rage"],"picked":"Flex"},{"not_picked":["Whirlwind","Anger"],"picked":"Perfected Strike"},{"not_picked":["Cleave","True Grit"],"picked":"Anger"},{"not_picked":["Shrug It Off","Clothesline"],"picked":"Cleave"},{"not_picked":["Offering","Impervious"],"picked":"Brutality"},{"not_picked":["Seeing Red","Pummel","Perfected Strike"],"picked":"Armaments"},{"not_picked":["Sword Boomerang","Flex","Searing Blow"],"picked":"Shrug It Off"},{"not_picked":["Clash","Hemokinesis","Body Slam"],"picked":"Shockwave"},{"not_picked":["Thunderclap","Rampage","Clothesline"],"picked":"Armaments"},{"not_picked":["Thunderclap","Cleave","Iron Wave"],"picked":"Rage"}],"player_experience":0,"potions_floor_usage":[27,31,33,33,33],"damage_taken":[{"damage":10.0,"enemies":"Blue Slaver","floor":1.0,"turns":7.0},{"damage":10.0,"enemies":"Looter","floor":2.0,"turns":2.0},{"damage":4.0,"enemies":"Jaw Worm","floor":5.0,"turns":4.0},{"damage":45.0,"enemies":"Lagavulin","floor":6.0,"turns":6.0},{"damage":0.0,"enemies":"3 Louse","floor":8.0,"turns":4.0},{"damage":13.0,"enemies":"Lots of Slimes","floor":10.0,"turns":4.0},{"damage":11.0,"enemies":"Gremlin Gang","floor":13.0,"turns":7.0},{"damage":0.0,"enemies":"Large Slime","floor":14.0,"turns":4.0},{"damage":35.0,"enemies":"The Guardian","floor":16.0,"turns":10.0},{"damage":9,"enemies":"3 Byrds","floor":18,"turns":6},{"damage":19,"enemies":"2 Thieves","floor":21,"turns":4},{"damage":7,"enemies":"Snecko","floor":25,"turns":6},{"damage":22,"enemies":"Snake Plant","floor":27,"turns":3},{"damage":25,"enemies":"3 Cultists","floor":31,"turns":6},{"damage":77,"enemies":"Champ","floor":33,"turns":9}],"event_choices":[{"event_name":"Living Wall","player_choice":"Change","floor":12.0,"damage_taken":0.0},{"event_name":"Duplicator","player_choice":"One dupe","floor":19,"damage_taken":0},{"event_name":"Cursed Tome","player_choice":"Obtained Book","floor":20,"damage_taken":0},{"event_name":"Forgotten Altar","player_choice":"Shed Blood","floor":22,"damage_taken":0}],"boss_relics":[{"not_picked":["Runic Cube","Runic Dome"],"picked":"Question Card"}],"potions_floor_spawned":[1,2,10,14,16,21,27,31],"seed_played":"2631964762377746949","killed_by":"Champ","is_trial":false}