{"gold_per_floor":[111,123,48,61,80,80,91,91,91,91,18,31,59,78,78,78],"floor_reached":16,"playtime":381,"items_purged":["Strike_B"],"score":140,"play_id":"b68c5ec2-a726-4ef6-8c57-6f33d6823828","local_time":"20181214022428","is_ascension_mode":true,"campfire_choices":[{"data":"Lockon","floor":6,"key":"SMITH"},{"floor":15,"key":"REST"}],"neow_cost":"NONE","seed_source_timestamp":69622224333352,"circlet_count":0,"master_deck":["Strike_B","Strike_B","Strike_B","Defend_B","Defend_B","Defend_B","Defend_B","Zap+1","Dualcast","Ball Lightning","Melter","Lockon+1","Stack","Defragment","Capacitor","Biased Cognition"],"relics":["Cracked Core","Gremlin Horn","Singing Bowl","Question Card"],"potions_floor_usage":[5,5,13,13],"damage_taken":[{"damage":1,"enemies":"Cultist","floor":1,"turns":3},{"damage":1,"enemies":"2 Louse","floor":2,"turns":2},{"damage":2,"enemies":"Jaw Worm","floor":4,"turns":3},{"damage":0,"enemies":"2 Fungi Beasts","floor":5,"turns":2},{"damage":26,"enemies":"Exordium Thugs","floor":7,"turns":4},{"damage":4,"enemies":"Exordium Wildlife","floor":12,"turns":3},{"damage":15,"enemies":"3 Sentries","floor":13,"turns":4},{"damage":14,"enemies":"Red Slaver","floor":14,"turns":2},{"damage":29,"enemies":"Slime Boss","floor":16,"turns":7}],"seed_played":"6972009960191314","potions_obtained":[{"floor":2,"key":"EntropicBrew"},{"floor":7,"key":"Weak Potion"},{"floor":12,"key":"Fire Potion"},{"floor":14,"key":"LiquidBronze"}],"is_trial":false,"path_per_floor":["M","M","$","M","M","R","M","T","T","?","$","M","E","M","R","B"],"character_chosen":"DEFECT","items_purchased":["Defragment"],"campfire_rested":1,"item_purchase_floors":[11],"current_hp_per_floor":[67,66,66,64,64,64,38,38,38,35,35,31,16,4,27,0],"gold":78,"neow_bonus":"UPGRADE_CARD","is_prod":false,"is_daily":false,"chose_seed":false,"campfire_upgraded":1,"win_rate":0,"timestamp":1544750668,"path_taken":["M","M","$","M","M","R","M","?","T","?","$","M","E","M","R","BOSS"],"build_version":"2018-12-13","purchased_purges":1,"victory":false,"max_hp_per_floor":[75,75,75,75,75,75,75,75,75,75,75,75,75,77,77,77],"card_choices":[{"not_picked":["Rebound","Turbo","Gash"],"picked":"SKIP","floor":1},{"not_picked":["Cold Snap","Steam"],"picked":"Ball Lightning","floor":2},{"not_picked":["Redo","Skim"],"picked":"Melter","floor":4},{"not_picked":["Rebound","Hologram"],"picked":"Lockon","floor":5},{"not_picked":["Chaos","Reprogram"],"picked":"Stack","floor":7},{"not_picked":["Ball Lightning","Sweeping Beam"],"picked":"Capacitor","floor":12},{"not_picked":["White Noise","Conserve Battery"],"picked":"Biased Cognition","floor":13},{"not_picked":["Streamline","Go for the Eyes","Darkness","Gash"],"picked":"Singing Bowl","floor":14}],"player_experience":448939,"relics_obtained":[{"floor":9,"key":"Gremlin Horn"},{"floor":13,"key":"Question Card"}],"event_choices":[{"damage_healed":0,"gold_gain":0,"player_choice":"Success","damage_taken":3,"relics_obtained":["Singing Bowl"],"max_hp_gain":0,"max_hp_loss":0,"event_name":"Scrap Ooze","floor":10,"gold_loss":0}],"is_beta":false,"boss_relics":[],"items_purged_floors":[3],"is_endless":false,"potions_floor_spawned":[2,7,12,14],"killed_by":"Slime Boss","ascension_level":7}