{"gold_per_floor":[115,128,128,145,145,145,162,172,197,215,234,234,234,267,267,267],"floor_reached":16,"playtime":587,"items_purged":[],"score":166,"play_id":"9b5c1ec3-af69-4615-9202-6727f6fc5ec9","local_time":"20180918172214","is_ascension_mode":true,"campfire_choices":[{"floor":6,"key":"REST"},{"data":"Defragment","floor":13,"key":"SMITH"},{"floor":15,"key":"REST"}],"neow_cost":"NONE","seed_source_timestamp":275855958633564,"circlet_count":0,"master_deck":["Strike_B","Strike_B","Strike_B","Strike_B","Defend_B","Defend_B","Defend_B","Defend_B","Zap+1","Dualcast","AscendersBane","Reinforced Body","Defragment+1","Beam Cell","Conserve Battery","Loop"],"relics":["Cracked Core","Bag of Marbles","Dream Catcher","Letter Opener","Regal Pillow"],"potions_floor_usage":[10,14,16,16],"damage_taken":[{"damage":1,"enemies":"Cultist","floor":1,"turns":3},{"damage":2,"enemies":"Jaw Worm","floor":2,"turns":3},{"damage":5,"enemies":"Small Slimes","floor":4,"turns":3},{"damage":0,"enemies":"2 Fungi Beasts","floor":7,"turns":3},{"damage":4,"enemies":"Blue Slaver","floor":8,"turns":3},{"damage":3,"enemies":"Exordium Thugs","floor":10,"turns":4},{"damage":6,"enemies":"Looter","floor":11,"turns":3},{"damage":13,"enemies":"3 Sentries","floor":14,"turns":7},{"damage":78,"enemies":"Hexaghost","floor":16,"turns":9}],"seed_played":"-2396286615957131926","potions_obtained":[{"floor":4,"key":"SpeedPotion"},{"floor":7,"key":"Block Potion"},{"floor":8,"key":"Weak Potion"},{"floor":10,"key":"Fire Potion"},{"floor":14,"key":"LiquidBronze"}],"is_trial":false,"path_per_floor":["M","M","?","M","?","R","M","M","T","M","M","T","R","E","R"],"character_chosen":"DEFECT","items_purchased":[],"campfire_rested":2,"item_purchase_floors":[],"current_hp_per_floor":[67,65,32,27,52,74,74,70,70,67,61,61,61,48,75,0],"gold":267,"neow_bonus":"UPGRADE_CARD","is_prod":false,"is_daily":false,"chose_seed":false,"campfire_upgraded":1,"win_rate":0,"timestamp":1537284134,"path_taken":["M","?","?","M","?","R","M","M","T","M","M","?","R","E","R","BOSS"],"build_version":"2018-09-06","purchased_purges":0,"victory":false,"max_hp_per_floor":[75,75,75,75,75,75,75,75,75,75,75,75,75,75,75,75],"card_choices":[{"not_picked":["Steam","Barrage"],"picked":"Reinforced Body","floor":1},{"not_picked":["Chill","Redo"],"picked":"Defragment","floor":2},{"not_picked":["Rebound","Gash"],"picked":"Beam Cell","floor":4},{"not_picked":["Chill","Leap"],"picked":"Conserve Battery","floor":7},{"not_picked":["Blizzard","Conserve Battery","Cold Snap"],"picked":"SKIP","floor":8},{"not_picked":["Thunder Strike","Scrape","Ball Lightning"],"picked":"SKIP","floor":10},{"not_picked":["Force Field","Coolheaded","Stack"],"picked":"SKIP","floor":11},{"not_picked":["Double Energy","Lockon","Barrage"],"picked":"SKIP","floor":14},{"not_picked":["Aggregate","Stack"],"picked":"Loop","floor":15}],"player_experience":353230,"relics_obtained":[{"floor":9,"key":"Dream Catcher"},{"floor":12,"key":"Letter Opener"},{"floor":14,"key":"Regal Pillow"}],"event_choices":[{"event_name":"Scrap Ooze","player_choice":"success","floor":3,"damage_taken":33},{"event_name":"Big Fish","player_choice":"Banana","floor":5,"damage_taken":0}],"is_beta":false,"boss_relics":[],"items_purged_floors":[],"is_endless":false,"potions_floor_spawned":[4,7,8,10,11,14],"killed_by":"Hexaghost","ascension_level":12}