{"path_per_floor":["M","M","M","M","?","R","$","$","T","M","R","M","E","?","R","B",null,"M","?","M","$","M","R","E","T","T","R","M"],"character_chosen":"IRONCLAD","items_purchased":["Panacea","Secret Weapon","Finesse"],"gold_per_floor":[115,135,152,167,167,167,0,0,0,10,10,20,51,51,51,147,147,160,360,375,80,91,91,119,119,144,144,164],"floor_reached":29,"campfire_rested":5,"playtime":2678,"current_hp_per_floor":[80,72,72,33,16,40,40,40,40,29,54,48,44,26,52,37,92,70,70,39,39,24,53,15,15,15,45,13],"items_purged":["Strike_R"],"gold":164,"score":270,"play_id":"e406e474-5d6c-4157-a16c-5ff56eeadd6f","local_time":"20180323004402","is_prod":false,"is_daily":false,"is_ascension_mode":false,"campfire_upgraded":0,"timestamp":1521762242,"path_taken":["M","?","M","M","?","R","?","$","T","?","R","M","E","?","R","BOSS","M","?","?","$","M","R","E","?","T","R","M","?"],"build_version":"2018-03-15v3","purchased_purges":1,"victory":false,"master_deck":["Strike_R","Strike_R","Strike_R","Strike_R","Defend_R","Defend_R","Defend_R+1","Defend_R","Bash","Seeing Red","Feel No Pain","Feed","Sword Boomerang+1","Panacea","Sever Soul","Armaments","Burning Pact","Dark Embrace","Second Wind","Flame Barrier","Secret Weapon","Finesse","Headbutt","Pummel","Whirlwind"],"max_hp_per_floor":[80,80,80,83,83,83,83,83,83,86,86,86,89,89,89,92,92,95,95,95,95,98,98,101,101,101,101,101],"relics":["Philosopher\u0027s Stone","Blood Vial","Oddly Smooth Stone","Toolbox","Lizard Tail","Ornamental Fan","Ginger","Anchor"],"card_choices":[{"not_picked":["Bloodletting","Clothesline"],"picked":"Seeing Red"},{"not_picked":["Body Slam","Clash"],"picked":"Feel No Pain"},{"not_picked":["Second Wind","Pummel"],"picked":"Feed"},{"not_picked":["Cleave","Clash"],"picked":"Sword Boomerang"},{"not_picked":["Perfected Strike","Hemokinesis"],"picked":"Sever Soul"},{"not_picked":["Sword Boomerang","Twin Strike"],"picked":"Armaments"},{"not_picked":["Searing Blow","Sword Boomerang"],"picked":"Burning Pact"},{"not_picked":["Feed","Limit Break"],"picked":"Dark Embrace"},{"not_picked":["Heavy Blade","True Grit"],"picked":"Second Wind"},{"not_picked":["Body Slam","Rupture"],"picked":"Flame Barrier"},{"not_picked":["Twin Strike","Heavy Blade"],"picked":"Headbutt"},{"not_picked":["Seeing Red","Hemokinesis"],"picked":"Pummel"},{"not_picked":["Body Slam","Reckless Charge"],"picked":"Whirlwind"}],"player_experience":18750,"potions_floor_usage":[13,16,22,24,24,29],"damage_taken":[{"damage":0,"enemies":"Cultist","floor":1,"turns":3},{"damage":8,"enemies":"2 Louse","floor":2,"turns":3},{"damage":0,"enemies":"Small Slimes","floor":3,"turns":3},{"damage":42,"enemies":"Exordium Thugs","floor":4,"turns":4},{"damage":16,"enemies":"Large Slime","floor":10,"turns":7},{"damage":8,"enemies":"Exordium Wildlife","floor":12,"turns":3},{"damage":9,"enemies":"3 Sentries","floor":13,"turns":5},{"damage":35,"enemies":"Slime Boss","floor":16,"turns":8},{"damage":25,"enemies":"2 Thieves","floor":18,"turns":5},{"damage":80,"enemies":"3 Byrds","floor":20,"turns":7},{"damage":20,"enemies":"Snecko","floor":22,"turns":6},{"damage":43,"enemies":"Book of Stabbing","floor":24,"turns":7},{"damage":34,"enemies":"Snake Plant","floor":28,"turns":5},{"damage":22,"enemies":"Slaver and Parasite","floor":29,"turns":3}],"event_choices":[{"event_name":"Shining Light","player_choice":"Entered Light","floor":5,"damage_taken":0},{"event_name":"Scrap Ooze","player_choice":"success","floor":14,"damage_taken":18},{"event_name":"Wheel of Change","player_choice":"Gold","floor":19,"damage_taken":0}],"boss_relics":[{"not_picked":["Snecko Eye","White Beast Statue"],"picked":"Lizard Tail"}],"potions_floor_spawned":[1,4,13,16,20,22,28],"seed_played":"639327432772803258","killed_by":"Slaver and Parasite","ascension_level":0,"is_trial":false}