{"gold_per_floor":[112,63,63,43,55,81,101,101,101,101,119,144,144,170,170,268,268,288,288,298,298,8,8],"floor_reached":23,"playtime":685,"items_purged":[],"score":313,"play_id":"77e66f04-70f1-4dea-acc1-79afa8c7744b","local_time":"20181031194208","is_ascension_mode":true,"campfire_choices":[{"data":"Hologram","floor":8,"key":"SMITH"},{"data":"Zap","floor":10,"key":"SMITH"},{"floor":13,"key":"REST"},{"floor":15,"key":"REST"}],"neow_cost":"NONE","seed_source_timestamp":438218771549944,"circlet_count":0,"master_deck":["Strike_B","Strike_B+1","Strike_B","Strike_B+1","Defend_B","Defend_B","Defend_B","Defend_B","Zap+1","Dualcast","Hologram+1","Melter","Go for the Eyes","FTL","Machine Learning","Decay","Pain","Decay","Streamline+1","Writhe","Stack+1"],"relics":["Cracked Core","NeowsBlessing","Letter Opener","Cables","Vajra","Whetstone","Calling Bell","Smiling Mask","Pantograph","Ice Cream","Ornamental Fan","Thread and Needle"],"potions_floor_usage":[12,14,16],"damage_taken":[{"damage":0,"enemies":"Cultist","floor":1,"turns":1},{"damage":0,"enemies":"Small Slimes","floor":5,"turns":1},{"damage":0,"enemies":"Gremlin Nob","floor":6,"turns":1},{"damage":9,"enemies":"Jaw Worm","floor":7,"turns":3},{"damage":6,"enemies":"Looter","floor":11,"turns":2},{"damage":45,"enemies":"Lagavulin","floor":12,"turns":6},{"damage":10,"enemies":"3 Sentries","floor":14,"turns":5},{"damage":16,"enemies":"Hexaghost","floor":16,"turns":7},{"damage":25,"enemies":"Chosen","floor":18,"turns":5},{"damage":39,"enemies":"Shell Parasite","floor":20,"turns":5},{"damage":5,"enemies":"Gremlin Leader","floor":23,"turns":3}],"seed_played":"-8258240506538451706","potions_obtained":[{"floor":1,"key":"SpeedPotion"},{"floor":4,"key":"FocusPotion"},{"floor":5,"key":"Energy Potion"},{"floor":6,"key":"Fire Potion"},{"floor":18,"key":"Regen Potion"},{"floor":20,"key":"FearPotion"}],"is_trial":false,"path_per_floor":["M","$","?","?","M","E","M","R","T","R","M","E","R","E","R","B",null,"M","?","M","?","$"],"character_chosen":"DEFECT","items_purchased":["Hologram","Thread and Needle"],"campfire_rested":2,"item_purchase_floors":[2,22],"current_hp_per_floor":[68,68,73,73,73,73,64,64,64,64,58,13,37,27,51,35,69,44,44,5,5,5,0],"gold":8,"neow_bonus":"THREE_ENEMY_KILL","is_prod":false,"is_daily":false,"chose_seed":false,"campfire_upgraded":2,"win_rate":0,"timestamp":1541040128,"path_taken":["M","$","?","?","M","E","M","R","T","R","M","E","R","E","R","BOSS","M","?","?","?","$","E"],"build_version":"2018-10-25v2","purchased_purges":0,"victory":false,"max_hp_per_floor":[75,75,80,80,80,80,80,80,80,80,80,80,80,80,80,80,80,80,80,80,80,80,80],"card_choices":[{"not_picked":["Aggregate","Consume","Barrage"],"picked":"SKIP","floor":1},{"not_picked":["Redo","Stack","Static Discharge"],"picked":"SKIP","floor":5},{"not_picked":["Consume","Loop","Defragment"],"picked":"SKIP","floor":6},{"not_picked":["Glacier","Turbo"],"picked":"Melter","floor":7},{"not_picked":["Undo","Rip and Tear","Cold Snap"],"picked":"SKIP","floor":11},{"not_picked":["Sweeping Beam","Hologram"],"picked":"Go for the Eyes","floor":12},{"not_picked":["Chill","Reinforced Body"],"picked":"FTL","floor":14},{"not_picked":["Meteor Strike","Multi-Cast"],"picked":"Machine Learning","floor":16},{"not_picked":["Beam Cell","FTL"],"picked":"Streamline+1","floor":18},{"not_picked":["Turbo","Recycle"],"picked":"Stack+1","floor":20}],"player_experience":527115,"relics_obtained":[{"floor":6,"key":"Letter Opener"},{"floor":9,"key":"Cables"},{"floor":12,"key":"Vajra"},{"floor":14,"key":"Whetstone"},{"floor":17,"key":"Smiling Mask"},{"floor":17,"key":"Pantograph"},{"floor":17,"key":"Ice Cream"}],"event_choices":[{"damage_healed":0,"gold_gain":0,"player_choice":"Donut","damage_taken":0,"max_hp_gain":5,"max_hp_loss":0,"event_name":"Big Fish","floor":3,"gold_loss":0},{"damage_healed":0,"gold_gain":0,"player_choice":"Bought 1 Potion","damage_taken":0,"max_hp_gain":0,"max_hp_loss":0,"event_name":"The Woman in Blue","floor":4,"gold_loss":0},{"damage_healed":0,"gold_gain":0,"player_choice":"Opened","damage_taken":0,"relics_obtained":["Ornamental Fan"],"max_hp_gain":0,"max_hp_loss":0,"event_name":"The Mausoleum","floor":19,"gold_loss":0,"cards_obtained":["Writhe"]},{"damage_healed":0,"gold_gain":0,"player_choice":"Ignored","damage_taken":0,"max_hp_gain":0,"max_hp_loss":0,"event_name":"Cursed Tome","floor":21,"gold_loss":0}],"is_beta":false,"boss_relics":[{"not_picked":["Snecko Eye","Nuclear Battery"],"picked":"Calling Bell"}],"items_purged_floors":[],"is_endless":false,"potions_floor_spawned":[1,5,6,18,20],"killed_by":"Gremlin Leader","ascension_level":7}