{"path_per_floor":["M","M","?","M","M","?","E","M","T","R","M","R","E","?","R","B",null,"M","M","?","?","?","R","M","E","T","?","M","M","R","M","R","B",null,"M","M","M","$","M","R","M","E","T","M","?","T","R","$","R"],"character_chosen":"THE_SILENT","items_purchased":["Torii","A Thousand Cuts","Prepared"],"gold_per_floor":[114,129,129,144,159,159,189,204,279,279,294,294,324,324,324,424,424,439,454,454,369,294,294,309,339,339,339,354,369,369,384,384,484,484,499,514,529,179,194,194,209,239,239,254,354,379,379,130,130,130],"floor_reached":50,"campfire_rested":3,"playtime":3245,"current_hp_per_floor":[70,70,56,56,56,49,42,42,42,42,34,65,64,57,57,57,65,65,65,58,58,58,58,58,43,43,32,16,11,65,51,51,9,65,58,62,62,62,55,55,30,30,30,24,24,24,60,60,60,0],"items_purged":["Strike_G","Strike_G"],"gold":130,"score":581,"play_id":"87d902ac-047c-4c49-a7c3-0d064cc8a6bf","local_time":"20180503193609","daily_mods":["Allstar","Binary","Night Terrors"],"is_prod":false,"is_daily":true,"chose_seed":false,"is_ascension_mode":false,"campfire_upgraded":6,"timestamp":1525401369,"path_taken":["M","M","?","M","M","?","E","?","T","R","M","R","E","?","R","BOSS","M","M","?","?","?","R","M","E","T","?","M","M","R","?","R","BOSS","M","M","M","$","M","R","M","E","T","M","?","?","R","$","R","BOSS"],"build_version":"2018-04-28v2","seed_source_timestamp":0,"purchased_purges":2,"victory":false,"master_deck":["Defend_G","Defend_G","Defend_G","Defend_G","Defend_G","Strike_G+1","Strike_G","Strike_G+1","Survivor","Neutralize+1","Swift Strike","Secret Technique","Jack Of All Trades+1","Backstab","Slice","Deflect","Dodge and Roll+1","Acrobatics","Heel Hook","Dagger Spray+1","Dodge and Roll","Glass Knife+1","Poisoned Stab+1","Dagger Spray","Adrenaline","Cloak And Dagger","Flying Knee+1","Cloak And Dagger+1","Deflect+1","Adrenaline","Sucker Punch+1","A Thousand Cuts+1","Prepared"],"max_hp_per_floor":[70,70,70,70,70,70,70,70,70,70,70,65,65,65,65,65,65,65,65,65,65,65,65,65,65,65,70,70,70,65,65,65,65,65,65,65,65,65,65,65,65,65,65,65,65,65,60,60,60,60],"relics":["Ring of the Snake","Paper Crane","Shuriken","Bag of Marbles","White Beast Statue","Regal Pillow","Smiling Mask","Molten Egg 2","Black Star","Torii","The Specimen","Ice Cream","Lantern","Ancient Tea Set"],"card_choices":[{"not_picked":["Setup"],"picked":"Backstab","floor":1},{"not_picked":["Underhanded Strike"],"picked":"Slice","floor":2},{"not_picked":["Slice"],"picked":"Deflect","floor":4},{"not_picked":["Reflex"],"picked":"Dodge and Roll","floor":5},{"not_picked":["Terror"],"picked":"Acrobatics","floor":7},{"not_picked":["Calculated Gamble"],"picked":"Heel Hook","floor":8},{"not_picked":["Eviscerate"],"picked":"Dagger Spray","floor":11},{"not_picked":["Bouncing Flask"],"picked":"Dodge and Roll","floor":13},{"not_picked":["Die Die Die"],"picked":"Glass Knife","floor":16},{"not_picked":["Deadly Poison"],"picked":"Poisoned Stab","floor":19},{"not_picked":["Poisoned Stab"],"picked":"Dagger Spray","floor":24},{"not_picked":["Calculated Gamble"],"picked":"Adrenaline","floor":25},{"not_picked":["Crippling Poison"],"picked":"Cloak And Dagger","floor":28},{"not_picked":["Crippling Poison"],"picked":"Flying Knee","floor":31},{"not_picked":["Dodge and Roll"],"picked":"Cloak And Dagger","floor":37},{"not_picked":["Eviscerate"],"picked":"Deflect","floor":41},{"not_picked":["Eviscerate"],"picked":"Adrenaline","floor":42},{"not_picked":["Concentrate"],"picked":"Sucker Punch","floor":44}],"player_experience":253190,"potions_floor_usage":[7,16,18,19,25,25,29,29,33,33,35,39,41,42,42,50,50,50],"damage_taken":[{"damage":0,"enemies":"Small Slimes","floor":1,"turns":5},{"damage":0,"enemies":"Jaw Worm","floor":2,"turns":2},{"damage":0,"enemies":"2 Louse","floor":4,"turns":1},{"damage":0,"enemies":"Gremlin Gang","floor":5,"turns":5},{"damage":7,"enemies":"3 Sentries","floor":7,"turns":8},{"damage":0,"enemies":"3 Louse","floor":8,"turns":2},{"damage":8,"enemies":"Exordium Wildlife","floor":11,"turns":5},{"damage":1,"enemies":"Lagavulin","floor":13,"turns":6},{"damage":0,"enemies":"Slime Boss","floor":16,"turns":5},{"damage":0,"enemies":"Chosen","floor":18,"turns":4},{"damage":0,"enemies":"3 Byrds","floor":19,"turns":6},{"damage":0,"enemies":"Centurion and Healer","floor":24,"turns":5},{"damage":15,"enemies":"Gremlin Leader","floor":25,"turns":6},{"damage":16,"enemies":"Snake Plant","floor":28,"turns":4},{"damage":5,"enemies":"Slaver and Parasite","floor":29,"turns":2},{"damage":14,"enemies":"Chosen and Byrds","floor":31,"turns":5},{"damage":42,"enemies":"Automaton","floor":33,"turns":9},{"damage":7,"enemies":"3 Darklings","floor":35,"turns":4},{"damage":0,"enemies":"3 Shapes","floor":36,"turns":2},{"damage":0,"enemies":"3 Darklings","floor":37,"turns":2},{"damage":7,"enemies":"Sphere and 2 Shapes","floor":39,"turns":4},{"damage":25,"enemies":"Maw","floor":41,"turns":7},{"damage":0,"enemies":"Nemesis","floor":42,"turns":3},{"damage":6,"enemies":"3 Darklings","floor":44,"turns":4},{"damage":62,"enemies":"Donu and Deca","floor":50,"turns":5}],"event_choices":[{"event_name":"Shining Light","player_choice":"Entered Light","floor":3,"damage_taken":0},{"event_name":"Wheel of Change","player_choice":"Damage","floor":6,"damage_taken":0},{"event_name":"Golden Wing","player_choice":"Card Removal","floor":14,"damage_taken":0},{"event_name":"Knowing Skull","player_choice":"","floor":20,"damage_taken":0},{"event_name":"Addict","player_choice":"Obtained Relic","floor":21,"damage_taken":0},{"event_name":"Beggar","player_choice":"Gave Gold","floor":22,"damage_taken":0},{"event_name":"Forgotten Altar","player_choice":"Shed Blood","floor":27,"damage_taken":0},{"event_name":"Golden Shrine","player_choice":"Pray","floor":45,"damage_taken":0}],"boss_relics":[{"not_picked":["Snecko Eye","Lizard Tail"],"picked":"White Beast Statue"},{"not_picked":["Runic Dome","Velvet Choker"],"picked":"Black Star"}],"potions_floor_spawned":[2,5,8,13,16,18,19,24,25,28,29,31,33,35,36,37,39,41,42,44],"seed_played":"-6956837484913016247","killed_by":"Donu and Deca","ascension_level":0,"is_trial":false}