{"gold_per_floor":[114,130,147,147,166,166,184,194,194,194,29,43,58,58,58,58],"floor_reached":16,"playtime":728,"items_purged":["Strike_B"],"score":173,"play_id":"b2e4eff6-f4a0-44d9-a47c-329cec529297","local_time":"20180923211152","is_ascension_mode":true,"campfire_choices":[{"data":"Chaos","floor":6,"key":"SMITH"},{"data":"Self Repair","floor":15,"key":"SMITH"}],"neow_cost":"","seed_source_timestamp":721497905921839,"circlet_count":0,"master_deck":["Strike_B","Strike_B","Strike_B","Defend_B","Defend_B","Defend_B","Defend_B","Zap","Dualcast","AscendersBane","Coolheaded","Chaos+1","Self Repair+1","FTL","Capacitor","Loop"],"relics":["Cracked Core","Oddly Smooth Stone"],"potions_floor_usage":[7,12,16,16],"damage_taken":[{"damage":3,"enemies":"Jaw Worm","floor":1,"turns":4},{"damage":0,"enemies":"Small Slimes","floor":2,"turns":3},{"damage":0,"enemies":"2 Louse","floor":3,"turns":2},{"damage":3,"enemies":"Large Slime","floor":5,"turns":7},{"damage":12,"enemies":"3 Louse","floor":7,"turns":3},{"damage":12,"enemies":"Blue Slaver","floor":8,"turns":3},{"damage":3,"enemies":"Looter","floor":12,"turns":3},{"damage":13,"enemies":"2 Fungi Beasts","floor":13,"turns":3},{"damage":57,"enemies":"Hexaghost","floor":16,"turns":12}],"seed_played":"-4000404156162942013","potions_obtained":[{"floor":1,"key":"EssenceOfSteel"},{"floor":7,"key":"FearPotion"},{"floor":8,"key":"Regen Potion"},{"floor":12,"key":"Poison Potion"}],"is_trial":false,"path_per_floor":["M","M","M","?","M","R","M","M","T","?","$","M","M","?","R"],"character_chosen":"DEFECT","items_purchased":["Capacitor"],"campfire_rested":0,"item_purchase_floors":[11],"current_hp_per_floor":[61,61,61,66,63,63,51,46,46,46,46,59,53,53,53,0],"gold":58,"neow_bonus":"","is_prod":false,"is_daily":false,"chose_seed":false,"campfire_upgraded":2,"win_rate":0,"timestamp":1537729912,"path_taken":["M","M","M","?","M","R","M","M","T","?","?","M","?","?","R","BOSS"],"build_version":"2018-09-20","purchased_purges":1,"victory":false,"max_hp_per_floor":[71,71,71,76,76,76,76,76,76,76,76,76,76,76,76,76],"card_choices":[{"not_picked":["Undo","Gash"],"picked":"Coolheaded","floor":1},{"not_picked":["Genetic Algorithm","Sweeping Beam"],"picked":"Chaos","floor":2},{"not_picked":["Turbo","Stack","Steam"],"picked":"SKIP","floor":3},{"not_picked":["Tempest","Fusion","Redo"],"picked":"SKIP","floor":5},{"not_picked":["Go for the Eyes","Chaos"],"picked":"Self Repair","floor":7},{"not_picked":["Fission","Hologram"],"picked":"FTL","floor":8},{"not_picked":["Compile Driver","Rebound"],"picked":"Loop","floor":12},{"not_picked":["Loop","Sweeping Beam","Recycle"],"picked":"SKIP","floor":13}],"player_experience":592929,"relics_obtained":[{"floor":9,"key":"Oddly Smooth Stone"}],"event_choices":[{"event_name":"Big Fish","player_choice":"Donut","floor":4,"damage_taken":0},{"event_name":"Liars Game","player_choice":"disagreed","floor":10,"damage_taken":0},{"event_name":"Dead Adventurer","player_choice":"Searched \u00270\u0027 times","floor":14,"damage_taken":0}],"is_beta":false,"boss_relics":[],"items_purged_floors":[11],"is_endless":false,"potions_floor_spawned":[1,7,8,12],"killed_by":"Hexaghost","ascension_level":16}