{"gold_per_floor":[116,116,116,64,78,78,95,95,120,120,135,162,178,178,178,251,251,270,360,370,397,397,397,397,397,397,93,125,125,125,143,143,143],"floor_reached":33,"playtime":1118,"items_purged":[],"score":482,"play_id":"bd06acf9-3e92-4b1e-8781-f7024586c974","local_time":"20180712215614","is_ascension_mode":true,"campfire_choices":[{"data":"Glass Knife","floor":6,"key":"SMITH"},{"data":"Neutralize","floor":8,"key":"SMITH"},{"data":"Bouncing Flask","floor":10,"key":"SMITH"},{"floor":15,"key":"REST"},{"floor":23,"key":"REST"},{"data":"A Thousand Cuts","floor":25,"key":"SMITH"},{"floor":30,"key":"REST"},{"data":"Sucker Punch","floor":32,"key":"SMITH"}],"neow_cost":"NONE","seed_source_timestamp":11815635400967,"circlet_count":0,"master_deck":["Defend_G","Defend_G","Defend_G","Defend_G","Defend_G","Survivor","Neutralize+1","AscendersBane","Glass Knife+1","Bouncing Flask+1","Dagger Spray","Flying Knee","Terror","Slice","Backflip","A Thousand Cuts+1","Doubt","Bite","Bite","Bite","Bite","Bite","RitualDagger","Sucker Punch+1"],"relics":["Ring of the Snake","Dodecahedron","Orichalcum","Omamori","Paper Crane","Ornamental Fan","Calling Bell","Ice Cream","Meat on the Bone","Snake Skull","Bronze Scales","Strawberry","Pen Nib","Mummified Hand"],"potions_floor_usage":[16,20],"damage_taken":[{"damage":0,"enemies":"2 Louse","floor":1,"turns":3},{"damage":0,"enemies":"Jaw Worm","floor":5,"turns":3},{"damage":0,"enemies":"Small Slimes","floor":7,"turns":2},{"damage":9,"enemies":"Exordium Thugs","floor":11,"turns":4},{"damage":17,"enemies":"3 Sentries","floor":12,"turns":5},{"damage":5,"enemies":"Looter","floor":13,"turns":2},{"damage":23,"enemies":"Slime Boss","floor":16,"turns":12},{"damage":0,"enemies":"3 Byrds","floor":18,"turns":5},{"damage":17,"enemies":"2 Thieves","floor":20,"turns":3},{"damage":51,"enemies":"Slavers","floor":28,"turns":5},{"damage":15,"enemies":"Cultist and Chosen","floor":31,"turns":4},{"damage":58,"enemies":"Collector","floor":33,"turns":6}],"seed_played":"3064480201634600940","potions_obtained":[{"floor":1,"key":"SpeedPotion"},{"floor":12,"key":"Block Potion"},{"floor":31,"key":"SpeedPotion"}],"is_trial":false,"path_per_floor":["M","?","?","$","M","R","M","R","T","R","M","E","M","T","R","B",null,"M","?","M","T","?","R","?","R","T","$","E","?","R","M","R"],"character_chosen":"THE_SILENT","items_purchased":["Dagger Spray","Strawberry","Pen Nib"],"campfire_rested":3,"item_purchase_floors":[4,27,27],"current_hp_per_floor":[59,48,48,48,48,48,48,48,48,48,39,22,17,17,36,13,53,53,41,36,36,36,55,49,49,49,56,27,27,48,41,41,0],"gold":143,"neow_bonus":"ONE_RANDOM_RARE_CARD","is_prod":false,"is_daily":false,"chose_seed":false,"campfire_upgraded":5,"win_rate":0,"timestamp":1531457774,"path_taken":["M","?","?","$","?","R","M","R","T","R","M","E","M","?","R","BOSS","M","?","M","?","?","R","?","R","T","?","E","?","R","M","R","BOSS"],"build_version":"2018-07-12","purchased_purges":0,"victory":false,"max_hp_per_floor":[66,66,66,66,66,66,66,66,66,66,66,66,66,66,66,66,66,66,66,66,66,66,66,66,66,66,73,73,73,73,73,73,73],"card_choices":[{"not_picked":["Expertise","Underhanded Strike"],"picked":"Bouncing Flask","floor":1},{"not_picked":["Bane","Outmaneuver","Riddle With Holes"],"picked":"SKIP","floor":5},{"not_picked":["Flechettes","Sucker Punch"],"picked":"Flying Knee","floor":7},{"not_picked":["Bane","Endless Agony"],"picked":"Terror","floor":11},{"not_picked":["PiercingWail","Underhanded Strike"],"picked":"Slice","floor":12},{"not_picked":["Slice","Masterful Stab"],"picked":"Backflip","floor":13},{"not_picked":["After Image","Doppelganger"],"picked":"A Thousand Cuts","floor":16},{"not_picked":["Quick Slash","Bane+1","Well Laid Plans"],"picked":"SKIP","floor":18},{"not_picked":["Bane","Deadly Poison","Masterful Stab"],"picked":"SKIP","floor":20},{"not_picked":["Flying Knee","Bane"],"picked":"Sucker Punch","floor":28},{"not_picked":["Night Terror","Acrobatics","Terror"],"picked":"SKIP","floor":31}],"player_experience":368063,"relics_obtained":[{"floor":9,"key":"Omamori"},{"floor":12,"key":"Paper Crane"},{"floor":14,"key":"Ornamental Fan"},{"floor":17,"key":"Ice Cream"},{"floor":17,"key":"Meat on the Bone"},{"floor":17,"key":"Snake Skull"},{"floor":21,"key":"Blood Vial"},{"floor":26,"key":"Bronze Scales"},{"floor":28,"key":"Mummified Hand"}],"event_choices":[{"event_name":"Scrap Ooze","player_choice":"success","floor":2,"damage_taken":11},{"event_name":"Accursed Blacksmith","player_choice":"Rummage","floor":3,"damage_taken":0},{"event_name":"Knowing Skull","player_choice":"GOLD ","floor":19,"damage_taken":0},{"event_name":"Vampires","player_choice":"Became a vampire (Vial)","floor":22,"damage_taken":0},{"event_name":"Nest","player_choice":"Joined the Cult","floor":24,"damage_taken":0},{"event_name":"Cursed Tome","player_choice":"Ignored","floor":29,"damage_taken":0}],"boss_relics":[{"not_picked":["Velvet Choker","White Beast Statue"],"picked":"Calling Bell"}],"items_purged_floors":[],"is_endless":false,"potions_floor_spawned":[1,12,13,31],"killed_by":"Collector","ascension_level":15}