{"gold_per_floor":[11,11,11,25,40,40,87,87,87,87,105,105,138,153,153,250,250,266,8,21,21,21,21],"floor_reached":23,"playtime":1371,"items_purged":[],"score":242,"play_id":"b0f56f58-3f82-46ed-8a68-16523fe50f51","local_time":"20180904100756","is_ascension_mode":true,"campfire_choices":[{"data":"Barricade","floor":6,"key":"SMITH"},{"data":"Iron Wave","floor":8,"key":"SMITH"},{"data":"Warcry","floor":10,"key":"SMITH"},{"data":"Armaments","floor":12,"key":"SMITH"},{"data":"Metallicize","floor":15,"key":"SMITH"}],"neow_cost":"NO_GOLD","seed_source_timestamp":326201922124565,"circlet_count":0,"master_deck":["Defend_R+1","Defend_R+1","Defend_R+1","Defend_R+1","Bash","Barricade+1","Warcry+1","Decay","Iron Wave+1","Armaments+1","Evolve","Metallicize+1","Juggernaut","Entrench+1","Armaments","Bite","Bite","Bite","Bite","Bite"],"relics":["Burning Blood","Lantern","StoneCalendar","Meat on the Bone","Philosopher\u0027s Stone","Letter Opener"],"potions_floor_usage":[11,13,16,18],"damage_taken":[{"damage":0,"enemies":"Small Slimes","floor":1,"turns":3},{"damage":8,"enemies":"Cultist","floor":4,"turns":4},{"damage":8,"enemies":"Jaw Worm","floor":5,"turns":4},{"damage":15,"enemies":"Large Slime","floor":11,"turns":7},{"damage":37,"enemies":"3 Sentries","floor":13,"turns":7},{"damage":3,"enemies":"3 Louse","floor":14,"turns":5},{"damage":31,"enemies":"Slime Boss","floor":16,"turns":13},{"damage":74,"enemies":"3 Byrds","floor":18,"turns":5},{"damage":11,"enemies":"Spheric Guardian","floor":20,"turns":5},{"damage":39,"enemies":"Slavers","floor":23,"turns":3}],"seed_played":"8474421327856418098","potions_obtained":[{"floor":5,"key":"EssenceOfSteel"},{"floor":11,"key":"SteroidPotion"},{"floor":14,"key":"SteroidPotion"},{"floor":16,"key":"SpeedPotion"},{"floor":20,"key":"Energy Potion"}],"is_trial":false,"path_per_floor":["M","?","?","M","M","R","T","R","T","R","M","R","E","M","R","B",null,"M","$","M","?","?"],"character_chosen":"IRONCLAD","items_purchased":["Letter Opener"],"campfire_rested":0,"item_purchase_floors":[19],"current_hp_per_floor":[80,80,80,78,76,76,76,76,76,76,67,67,36,51,51,38,80,24,24,31,31,31,0],"gold":21,"neow_bonus":"THREE_RARE_CARDS","is_prod":false,"is_daily":false,"chose_seed":false,"campfire_upgraded":5,"win_rate":0,"timestamp":1536048476,"path_taken":["M","?","?","?","M","R","?","R","T","R","M","R","E","M","R","BOSS","M","$","M","?","?","E"],"build_version":"2018-08-30","purchased_purges":0,"victory":false,"max_hp_per_floor":[80,80,80,80,80,80,80,80,80,80,80,80,80,80,80,80,80,80,80,80,56,56,56],"card_choices":[{"not_picked":["Immolate","Demon Form"],"picked":"Barricade","floor":0},{"not_picked":["Heavy Blade","Rupture"],"picked":"Warcry","floor":1},{"not_picked":["Perfected Strike","Shockwave"],"picked":"Iron Wave","floor":4},{"not_picked":["Headbutt","Wild Strike","Flex"],"picked":"SKIP","floor":5},{"not_picked":["Flex","Reckless Charge"],"picked":"Armaments","floor":11},{"not_picked":["Flex","Inflame"],"picked":"Evolve","floor":13},{"not_picked":["Power Through","Sentinel"],"picked":"Metallicize","floor":14},{"not_picked":["Exhume","Fiend Fire"],"picked":"Juggernaut","floor":16},{"not_picked":["Cleave","Uppercut"],"picked":"Entrench+1","floor":18},{"not_picked":["Wild Strike+1","Whirlwind"],"picked":"Armaments","floor":20}],"player_experience":94777,"relics_obtained":[{"floor":7,"key":"Lantern"},{"floor":9,"key":"StoneCalendar"},{"floor":13,"key":"Meat on the Bone"}],"event_choices":[{"event_name":"Wheel of Change","player_choice":"Curse","floor":2,"damage_taken":0},{"event_name":"The Cleric","player_choice":"Leave","floor":3,"damage_taken":0},{"event_name":"Vampires","player_choice":"Became a vampire","floor":21,"damage_taken":0},{"event_name":"Back to Basics","player_choice":"Simplicity","floor":22,"damage_taken":0}],"is_beta":false,"boss_relics":[{"not_picked":["White Beast Statue","Runic Dome"],"picked":"Philosopher\u0027s Stone"}],"items_purged_floors":[],"is_endless":false,"potions_floor_spawned":[5,11,14,16,20],"killed_by":"Slavers","ascension_level":3}