{"path_per_floor":["M","?","M","M","M","R","E","M","T","E","R","$","R","M","R","B",null,"M","M","?","M"],"character_chosen":"DEFECT","items_purchased":["Doom and Gloom"],"gold_per_floor":[19,19,37,56,76,76,109,125,151,183,183,149,149,169,169,272,272,289,309,309,321,321],"floor_reached":22,"campfire_rested":1,"playtime":1333,"item_purchase_floors":[],"current_hp_per_floor":[74,67,67,65,53,53,32,15,15,10,10,10,10,12,36,15,82,67,59,92,28,0],"items_purged":[],"gold":321,"score":235,"play_id":"13284204-5e61-45d4-bed0-61ba20986be3","local_time":"20180528221710","is_prod":false,"is_daily":false,"chose_seed":false,"is_ascension_mode":true,"campfire_upgraded":3,"win_rate":0.0,"timestamp":1527560230,"campfire_choices":[{"data":"Fusion","floor":6.0,"key":"SMITH"},{"data":"Seek","floor":11.0,"key":"SMITH"},{"data":"Doom and Gloom","floor":13.0,"key":"SMITH"},{"floor":15.0,"key":"REST"}],"path_taken":["M","?","M","M","M","R","E","M","T","E","R","$","R","M","R","BOSS","M","M","?","?","M","E"],"build_version":"2018-05-27","seed_source_timestamp":0,"purchased_purges":0,"victory":false,"master_deck":["Strike_B","Strike_B","Strike_B","Defend_B","Defend_B","Defend_B","Zap","Dualcast","Beam Cell","Beam Cell","Ball Lightning","Fusion+1","Capacitor","Seek+1","BootSequence","Doom and Gloom+1","Barrage","Compile Driver+1","Loop","Glacier"],"max_hp_per_floor":[75,75,75,75,75,75,75,75,75,82,82,82,82,82,82,82,82,82,82,92,97,97],"relics":["Cracked Core","Gambling Chip","Blood Vial","Strawberry","Black Star"],"card_choices":[{"not_picked":["Hologram","Blizzard"],"picked":"Beam Cell","floor":1.0},{"not_picked":["Compile Driver","Coolheaded"],"picked":"Beam Cell","floor":3.0},{"not_picked":["Compile Driver","Genetic Algorithm"],"picked":"Ball Lightning","floor":4.0},{"not_picked":["Leap","Steam"],"picked":"Fusion","floor":5.0},{"not_picked":["Sweeping Beam","Streamline"],"picked":"Capacitor","floor":7.0},{"not_picked":["Auto Shields","Chaos"],"picked":"Seek","floor":8.0},{"not_picked":["Chaos","Steam"],"picked":"BootSequence","floor":10.0},{"not_picked":["Storm","Stack"],"picked":"Barrage","floor":14.0},{"not_picked":["Seek","Reboot"],"picked":"Creative AI","floor":16.0},{"not_picked":["Leap","Streamline"],"picked":"Compile Driver+1","floor":18.0},{"not_picked":["Hologram+1","Ball Lightning"],"picked":"Loop","floor":19.0},{"not_picked":["Compile Driver","Darkness"],"picked":"Glacier","floor":21}],"player_experience":195144,"potions_floor_usage":[21,21],"damage_taken":[{"damage":1.0,"enemies":"Jaw Worm","floor":1.0,"turns":3.0},{"damage":0.0,"enemies":"Cultist","floor":3.0,"turns":2.0},{"damage":2.0,"enemies":"2 Louse","floor":4.0,"turns":2.0},{"damage":12.0,"enemies":"Blue Slaver","floor":5.0,"turns":2.0},{"damage":21.0,"enemies":"Lagavulin","floor":7.0,"turns":5.0},{"damage":17.0,"enemies":"Exordium Wildlife","floor":8.0,"turns":3.0},{"damage":14.0,"enemies":"3 Sentries","floor":10.0,"turns":5.0},{"damage":0.0,"enemies":"Exordium Thugs","floor":14.0,"turns":2.0},{"damage":23.0,"enemies":"Hexaghost","floor":16.0,"turns":7.0},{"damage":15.0,"enemies":"2 Thieves","floor":18.0,"turns":4.0},{"damage":10.0,"enemies":"Spheric Guardian","floor":19.0,"turns":3.0},{"damage":47.0,"enemies":"Snake Plant","floor":21.0,"turns":6.0},{"damage":24,"enemies":"Snake Plant","floor":21,"turns":4},{"damage":39,"enemies":"Gremlin Leader","floor":22,"turns":5}],"relics_obtained":[{"floor":7.0,"key":"Gambling Chip"},{"floor":9.0,"key":"Blood Vial"},{"floor":10.0,"key":"Strawberry"}],"event_choices":[{"event_name":"Wheel of Change","player_choice":"Damage","floor":2.0,"damage_taken":0.0},{"event_name":"Bonfire Elementals","player_choice":"RARE","floor":20.0,"damage_taken":0.0},{"event_name":"The Lab","player_choice":"Got Potions","floor":21,"damage_taken":0}],"boss_relics":[],"items_purged_floors":[],"potions_floor_spawned":[3,5,14,16,19],"seed_played":"6515854760049117823","killed_by":"Gremlin Leader","ascension_level":1,"potions_obtained":[{"floor":3.0,"key":"Energy Potion"},{"floor":5.0,"key":"Strength Potion"},{"floor":14.0,"key":"EssenceOfSteel"},{"floor":16.0,"key":"PowerPotion"},{"floor":19.0,"key":"EntropicBrew"},{"floor":21,"key":"Fruit Juice"},{"floor":21,"key":"FearPotion"}],"is_trial":false}