{"path_per_floor":["M","M","?","M","M","R","$","T","T","E","R","M","E","M","R","B",null,"M","M","?","?","?","R","E","M","T","M","?","$","R","M","R"],"character_chosen":"DEFECT","items_purchased":["Bottled Tornado","Lantern"],"gold_per_floor":[115,127,127,138,152,152,152,175,199,233,233,247,273,288,288,383,383,396,414,414,414,414,414,442,459,459,474,724,248,248,262,262,262],"floor_reached":33,"campfire_rested":4,"playtime":1507,"item_purchase_floors":[29,29],"current_hp_per_floor":[67,64,64,62,29,49,49,49,49,35,55,55,55,55,55,16,68,68,54,54,47,47,47,54,36,36,11,11,11,27,5,21,0],"items_purged":["Regret"],"gold":262,"score":357,"play_id":"4c0ed2ad-add9-40cb-90e4-4e3150c27439","local_time":"20180602174053","is_prod":false,"is_daily":false,"chose_seed":false,"is_ascension_mode":true,"campfire_upgraded":2,"win_rate":1,"timestamp":1527986453,"campfire_choices":[{"floor":6,"key":"REST"},{"floor":11,"key":"REST"},{"data":"Electrodynamics","floor":15,"key":"SMITH"},{"data":"Capacitor","floor":23,"key":"SMITH"},{"floor":30,"key":"REST"},{"floor":32,"key":"REST"}],"path_taken":["M","M","?","?","?","R","$","?","T","E","R","?","E","?","R","BOSS","M","M","?","?","?","R","E","M","T","M","?","$","R","M","R","BOSS"],"build_version":"2018-05-31","seed_source_timestamp":431083571398966,"purchased_purges":1,"victory":false,"master_deck":["Zap+1","Dualcast","Cold Snap","Sweeping Beam","Electrodynamics+1","Streamline","Coolheaded","Seek","Cold Snap","Melter","Barrage","FTL","Chaos","Glacier","Blizzard","Go for the Eyes","Cold Snap","Capacitor+1","Bite","Bite","Bite","Bite","Bite","Rainbow","Leap","Conserve Battery"],"max_hp_per_floor":[68,68,68,68,68,68,68,68,68,68,68,68,68,68,68,68,68,68,68,68,47,47,47,54,54,54,54,54,54,54,54,54,54],"relics":["Cracked Core","Unceasing Top","Bag of Marbles","War Paint","Happy Flower","Calipers","Pandora\u0027s Box","Strawberry","Toolbox","Bottled Tornado","Lantern"],"card_choices":[{"not_picked":["Force Field","Redo","Auto Shields"],"picked":"SKIP","floor":1},{"not_picked":["Chaos","White Noise"],"picked":"Cold Snap","floor":2},{"not_picked":["Ball Lightning","Stack"],"picked":"Sweeping Beam","floor":4},{"not_picked":["Hologram","Stack","Skim"],"picked":"SKIP","floor":5},{"not_picked":["Stack","Conserve Battery"],"picked":"Electrodynamics","floor":10},{"not_picked":["Barrage","Go for the Eyes"],"picked":"Streamline","floor":12},{"not_picked":["Go for the Eyes","Compile Driver"],"picked":"Coolheaded","floor":13},{"not_picked":["Steam Power","Auto Shields","Skim"],"picked":"SKIP","floor":14},{"not_picked":["Reboot","Echo Form"],"picked":"Seek","floor":16},{"not_picked":["Rebound+1","Hologram"],"picked":"Go for the Eyes","floor":18},{"not_picked":["Coolheaded+1","Compile Driver+1"],"picked":"Cold Snap","floor":19},{"not_picked":["Stack","Scrape"],"picked":"Rainbow","floor":24},{"not_picked":["Hologram","Reinforced Body","Storm"],"picked":"SKIP","floor":25},{"not_picked":["BootSequence","Gash+1"],"picked":"Leap","floor":27},{"not_picked":["Go for the Eyes","Reprogram+1"],"picked":"Conserve Battery","floor":31}],"player_experience":296649,"potions_floor_usage":[16,27,27,33],"damage_taken":[{"damage":1,"enemies":"Cultist","floor":1,"turns":3},{"damage":3,"enemies":"2 Louse","floor":2,"turns":2},{"damage":2,"enemies":"Jaw Worm","floor":4,"turns":3},{"damage":33,"enemies":"Exordium Thugs","floor":5,"turns":5},{"damage":14,"enemies":"Gremlin Nob","floor":10,"turns":3},{"damage":0,"enemies":"Blue Slaver","floor":12,"turns":2},{"damage":0,"enemies":"3 Sentries","floor":13,"turns":2},{"damage":0,"enemies":"3 Louse","floor":14,"turns":1},{"damage":39,"enemies":"Hexaghost","floor":16,"turns":10},{"damage":0,"enemies":"Spheric Guardian","floor":18,"turns":1},{"damage":14,"enemies":"Shell Parasite","floor":19,"turns":2},{"damage":10,"enemies":"Gremlin Leader","floor":24,"turns":7},{"damage":24,"enemies":"Snake Plant","floor":25,"turns":4},{"damage":33,"enemies":"Slaver and Parasite","floor":27,"turns":3},{"damage":24,"enemies":"Snecko","floor":31,"turns":4},{"damage":25,"enemies":"Automaton","floor":33,"turns":6}],"relics_obtained":[{"floor":8,"key":"Bag of Marbles"},{"floor":9,"key":"War Paint"},{"floor":10,"key":"Happy Flower"},{"floor":13,"key":"Calipers"},{"floor":24,"key":"Strawberry"},{"floor":26,"key":"Toolbox"}],"event_choices":[{"event_name":"Upgrade Shrine","player_choice":"Upgraded","floor":3,"damage_taken":0},{"event_name":"The Library","player_choice":"Read","floor":20,"damage_taken":0},{"event_name":"Vampires","player_choice":"Became a vampire","floor":21,"damage_taken":0},{"event_name":"Back to Basics","player_choice":"Elegance","floor":22,"damage_taken":0},{"event_name":"Golden Shrine","player_choice":"Desecrate","floor":28,"damage_taken":0}],"boss_relics":[{"not_picked":["Snecko Eye","Astrolabe"],"picked":"Pandora\u0027s Box"}],"items_purged_floors":[29],"potions_floor_spawned":[1,4,5,14,19,31],"seed_played":"8876640915285462135","killed_by":"Automaton","ascension_level":2,"potions_obtained":[{"floor":1,"key":"EssenceOfSteel"},{"floor":4,"key":"Explosive Potion"},{"floor":5,"key":"SkillPotion"},{"floor":14,"key":"GamblersBrew"},{"floor":19,"key":"GamblersBrew"},{"floor":31,"key":"Swift Potion"}],"is_trial":false}