{"gold_per_floor":[110,110,125,125,136,136,146,159,159,178,178,178,196,206,206,206],"floor_reached":16,"playtime":551,"items_purged":[],"score":178,"play_id":"1068015e-77b0-48f0-b02f-d3d50524d427","local_time":"20180924023957","is_ascension_mode":true,"campfire_choices":[{"floor":6,"key":"REST"},{"floor":11,"key":"REST"},{"floor":15,"key":"REST"}],"neow_cost":"","seed_source_timestamp":741360291378925,"circlet_count":0,"master_deck":["Strike_B","Strike_B","Strike_B","Strike_B","Defend_B","Defend_B","Defend_B","Defend_B","Zap+1","Dualcast+1","AscendersBane","Ball Lightning","Ball Lightning","Echo Form","Coolheaded"],"relics":["Cracked Core","Blood Vial","Bottled Lightning"],"potions_floor_usage":[7,10,14,16,16],"damage_taken":[{"damage":10,"enemies":"Small Slimes","floor":1,"turns":3},{"damage":4,"enemies":"Jaw Worm","floor":3,"turns":3},{"damage":3,"enemies":"2 Louse","floor":5,"turns":3},{"damage":20,"enemies":"Exordium Wildlife","floor":7,"turns":6},{"damage":7,"enemies":"2 Fungi Beasts","floor":8,"turns":3},{"damage":30,"enemies":"Gremlin Gang","floor":10,"turns":3},{"damage":1,"enemies":"Looter","floor":13,"turns":2},{"damage":6,"enemies":"Exordium Thugs","floor":14,"turns":3},{"damage":44,"enemies":"Hexaghost","floor":16,"turns":9}],"seed_played":"4639706212619213714","potions_obtained":[{"floor":3,"key":"Energy Potion"},{"floor":5,"key":"GamblersBrew"},{"floor":7,"key":"PowerPotion"},{"floor":13,"key":"Block Potion"},{"floor":14,"key":"SteroidPotion"}],"is_trial":false,"path_per_floor":["M","?","M","?","M","R","M","M","T","M","R","?","M","M","R"],"character_chosen":"DEFECT","items_purchased":[],"campfire_rested":3,"item_purchase_floors":[],"current_hp_per_floor":[54,54,50,32,31,52,34,29,29,1,22,22,23,19,40,0],"gold":206,"neow_bonus":"","is_prod":false,"is_daily":false,"chose_seed":false,"campfire_upgraded":0,"win_rate":0,"timestamp":1537749597,"path_taken":["M","?","M","?","M","R","M","M","T","M","R","?","M","M","R","BOSS"],"build_version":"2018-09-20","purchased_purges":0,"victory":false,"max_hp_per_floor":[71,71,71,71,71,71,71,71,71,71,71,71,71,71,71,71],"card_choices":[{"not_picked":["Gash","Aggregate","Beam Cell"],"picked":"SKIP","floor":1},{"not_picked":["Storm","Gash","Sweeping Beam"],"picked":"SKIP","floor":3},{"not_picked":["Rebound","Recycle","Compile Driver"],"picked":"SKIP","floor":5},{"not_picked":["Stack","Undo"],"picked":"Ball Lightning","floor":7},{"not_picked":["Beam Cell","Streamline"],"picked":"Ball Lightning","floor":8},{"not_picked":["Hologram","Rebound"],"picked":"Echo Form","floor":10},{"not_picked":["Skim","Gash","Redo"],"picked":"SKIP","floor":13},{"not_picked":["Beam Cell","Streamline"],"picked":"Coolheaded","floor":14}],"player_experience":611565,"relics_obtained":[{"floor":9,"key":"Bottled Lightning"}],"event_choices":[{"event_name":"Living Wall","player_choice":"Grow","floor":2,"damage_taken":0},{"event_name":"Scrap Ooze","player_choice":"success","floor":4,"damage_taken":18},{"event_name":"Accursed Blacksmith","player_choice":"Forge","floor":12,"damage_taken":0}],"is_beta":false,"boss_relics":[],"items_purged_floors":[],"is_endless":false,"potions_floor_spawned":[3,5,7,13,14],"killed_by":"Hexaghost","ascension_level":17}