{"gold_per_floor":[113,124,138,149,149,149,168,183,255,288,288,68,68,82,82,82],"floor_reached":16,"playtime":447,"items_purged":["Slimebound:Tackle"],"score":104,"play_id":"c224b279-5a19-4415-af4c-c50cb20b8646","local_time":"20190323190856","is_ascension_mode":false,"campfire_choices":[{"data":"Slimebound:Grow","floor":6,"key":"SMITH"},{"data":"Slimebound:LevelUp","floor":11,"key":"SMITH"},{"data":"Slimebound:Split","floor":13,"key":"SMITH"},{"data":"Slimebound:LevelUp","floor":15,"key":"SMITH"}],"neow_cost":"NONE","seed_source_timestamp":103053944585802,"circlet_count":0,"master_deck":["Slimebound:Strike_Slimebound","Slimebound:Strike_Slimebound","Slimebound:Strike_Slimebound","Slimebound:Defend_Slimebound","Slimebound:Defend_Slimebound","Slimebound:Defend_Slimebound","Slimebound:Defend_Slimebound","Slimebound:Split+1","Slimebound:CorrosiveSpit","EpicFetus","Slimebound:Grow+1","Slimebound:SpikyOuterGoop","Slimebound:LevelUp+1","Slimebound:LevelUp+1"],"relics":["Slimebound:AbsorbEndCombat","HushsDoor","KeepersGift","NeowsBlessing","TheBible","Meat on the Bone","RetroEgg","Blood Vial"],"potions_floor_usage":[4,10,16,16],"damage_taken":[{"damage":3,"enemies":"Jaw Worm","floor":1,"turns":1},{"damage":0,"enemies":"Small Slimes","floor":2,"turns":2},{"damage":0,"enemies":"Cultist","floor":3,"turns":1},{"damage":3,"enemies":"Blue Slaver","floor":4,"turns":6},{"damage":24,"enemies":"3 Louse","floor":7,"turns":4},{"damage":9,"enemies":"2 Fungi Beasts","floor":8,"turns":5},{"damage":10,"enemies":"Gremlin Nob","floor":10,"turns":3},{"damage":22,"enemies":"Gremlin Gang","floor":14,"turns":3},{"damage":45,"enemies":"Slime Boss","floor":16,"turns":5}],"seed_played":"5250570377963161791","potions_obtained":[{"floor":3,"key":"LifebloodPotion"},{"floor":8,"key":"Block Potion"},{"floor":10,"key":"Weak Potion"},{"floor":14,"key":"Slimebound:SpawnSlimePotion"}],"is_trial":false,"path_per_floor":["M","M","M","M","?","R","M","M","T","E","R","$","R","M","R","B"],"character_chosen":"SLIMEBOUND","items_purchased":["Blood Vial"],"campfire_rested":0,"item_purchase_floors":[12],"current_hp_per_floor":[70,70,70,70,70,70,52,46,46,42,42,42,42,40,40,0],"gold":82,"neow_bonus":"THREE_ENEMY_KILL","is_prod":false,"is_daily":false,"chose_seed":false,"campfire_upgraded":4,"win_rate":0,"timestamp":1553382536,"path_taken":["M","M","M","M","?","R","M","M","T","E","R","$","R","M","R","BOSS"],"build_version":"2019-01-23","purchased_purges":1,"victory":false,"max_hp_per_floor":[70,70,70,70,70,70,70,70,70,70,70,70,70,70,70,70],"card_choices":[{"not_picked":[],"picked":"EpicFetus","floor":0},{"not_picked":["Slimebound:DivideAndConquer","Slimebound:LeechEnergy"],"picked":"Slimebound:Grow","floor":1},{"not_picked":["Slimebound:DivideAndConquer","Slimebound:SoulSicken"],"picked":"Slimebound:SpikyOuterGoop","floor":2},{"not_picked":["Slimebound:PressTheAttack","Slimebound:ComboTackle","Slimebound:FlameTackle"],"picked":"SKIP","floor":3},{"not_picked":["Slimebound:GoopSpray","Slimebound:SplitBruiser"],"picked":"Bomb","floor":4},{"not_picked":["Slimebound:LivingWall","Slimebound:GoopSpray"],"picked":"Bomb","floor":7},{"not_picked":["Slimebound:SamplingLick","Slimebound:PressTheAttack","Slimebound:ServeAndProtect"],"picked":"SKIP","floor":8},{"not_picked":["Slimebound:ProtectTheBoss","Slimebound:ComboTackle"],"picked":"Slimebound:LevelUp","floor":10},{"not_picked":["Slimebound:MassRepurpose","Slimebound:SplitBruiser"],"picked":"Slimebound:LevelUp","floor":14}],"player_experience":804754,"relics_obtained":[{"floor":5,"key":"TheBible"},{"floor":9,"key":"Meat on the Bone"},{"floor":10,"key":"RetroEgg"}],"event_choices":[],"is_beta":false,"boss_relics":[],"items_purged_floors":[12],"is_endless":false,"potions_floor_spawned":[3,8,10,14],"killed_by":"Slime Boss","ascension_level":0}