{"gold_per_floor":[119,119,119,129,144,171,171,202,202,233,233,246,246,263,263,338,338,351,366,384,18,34,34,34,34,110,128,145,145,145,145,145,223,223,241,252,252,264,264],"floor_reached":39,"playtime":3345,"items_purged":["Strike_B"],"score":665,"play_id":"d01a20c2-8e4c-4661-a3b2-04f74eb130ea","local_time":"20180921213740","is_ascension_mode":true,"campfire_choices":[{"floor":7,"key":"REST"},{"floor":11,"key":"REST"},{"floor":13,"key":"REST"},{"floor":15,"key":"REST"},{"floor":23,"key":"REST"},{"floor":25,"key":"REST"},{"floor":30,"key":"REST"},{"floor":32,"key":"REST"}],"neow_cost":"NONE","seed_source_timestamp":547623425771706,"circlet_count":0,"master_deck":["Strike_B+1","Defend_B+1","Defend_B","Zap","Dualcast","AscendersBane","Sunder","Beam Cell","Go for the Eyes","BootSequence","Gash","Hologram","Streamline","Electrodynamics","Reinforced Body","Static Discharge","Gash","Dark Shackles","BootSequence+1","White Noise","FTL","Ball Lightning+1","Go for the Eyes+1","Reinforced Body+1"],"relics":["Cracked Core","NeowsBlessing","Bag of Marbles","Darkstone Periapt","Orichalcum","Vajra","Empty Cage","Tiny Chest","Nilry\u0027s Codex","Orrery","Nunchaku"],"potions_floor_usage":[6,16,18,21,27,28,33,34,38,39],"damage_taken":[{"damage":0,"enemies":"Cultist","floor":1,"turns":1},{"damage":0,"enemies":"Small Slimes","floor":4,"turns":1},{"damage":0,"enemies":"Jaw Worm","floor":5,"turns":1},{"damage":35,"enemies":"Lagavulin","floor":6,"turns":5},{"damage":12,"enemies":"3 Sentries","floor":8,"turns":6},{"damage":6,"enemies":"Gremlin Nob","floor":10,"turns":3},{"damage":3,"enemies":"3 Louse","floor":12,"turns":2},{"damage":0,"enemies":"Blue Slaver","floor":14,"turns":2},{"damage":3,"enemies":"Slime Boss","floor":16,"turns":7},{"damage":11,"enemies":"3 Byrds","floor":18,"turns":4},{"damage":2,"enemies":"Chosen","floor":19,"turns":4},{"damage":23,"enemies":"3 Cultists","floor":20,"turns":5},{"damage":12,"enemies":"Snake Plant","floor":22,"turns":4},{"damage":14,"enemies":"Centurion and Healer","floor":27,"turns":6},{"damage":8,"enemies":"Snecko","floor":28,"turns":5},{"damage":79,"enemies":"Collector","floor":33,"turns":11},{"damage":31,"enemies":"3 Darklings","floor":35,"turns":5},{"damage":12,"enemies":"Orb Walker","floor":36,"turns":5},{"damage":27,"enemies":"Spire Growth","floor":38,"turns":7},{"damage":13,"enemies":"Transient","floor":39,"turns":2}],"seed_played":"8645924009911940253","potions_obtained":[{"floor":5,"key":"AttackPotion"},{"floor":6,"key":"Ancient Potion"},{"floor":8,"key":"SpeedPotion"},{"floor":12,"key":"Strength Potion"},{"floor":22,"key":"PowerPotion"},{"floor":27,"key":"Block Potion"},{"floor":28,"key":"EssenceOfSteel"},{"floor":33,"key":"Fruit Juice"},{"floor":36,"key":"Block Potion"},{"floor":38,"key":"FearPotion"}],"is_trial":false,"path_per_floor":["M","?","?","M","M","E","R","E","T","E","R","M","R","M","R","B",null,"M","M","M","$","M","R","?","R","T","M","M","?","R","?","R","B",null,"M","M","T","M"],"character_chosen":"DEFECT","items_purchased":["Static Discharge","Gash","Fruit Juice","Dark Shackles"],"campfire_rested":8,"item_purchase_floors":[21,21,21,21],"current_hp_per_floor":[68,53,46,46,46,11,33,21,21,15,37,34,56,56,75,72,74,63,61,38,43,31,55,55,79,79,65,57,57,80,64,80,1,65,41,29,29,2,0],"gold":264,"neow_bonus":"THREE_ENEMY_KILL","is_prod":false,"is_daily":false,"chose_seed":false,"campfire_upgraded":0,"win_rate":0,"timestamp":1537558660,"path_taken":["M","?","?","?","M","E","R","E","T","E","R","M","R","M","R","BOSS","M","M","M","$","M","R","?","R","T","M","M","?","R","?","R","BOSS","M","?","?","M","M"],"build_version":"2018-09-20","purchased_purges":1,"victory":false,"max_hp_per_floor":[75,75,75,75,75,75,75,75,75,75,75,75,75,75,75,75,75,75,75,75,80,80,80,80,80,80,80,80,80,80,80,80,80,85,85,85,85,85,85],"card_choices":[{"not_picked":["Compile Driver","Coolheaded"],"picked":"Sunder","floor":1},{"not_picked":["Redo","Machine Learning"],"picked":"Beam Cell","floor":4},{"not_picked":["Barrage","Coolheaded"],"picked":"Go for the Eyes","floor":5},{"not_picked":["Beam Cell","Compile Driver"],"picked":"BootSequence","floor":6},{"not_picked":["Go for the Eyes","Steam"],"picked":"Gash","floor":8},{"not_picked":["Fission","Steam Power"],"picked":"Hologram","floor":10},{"not_picked":["Hello World","Chaos"],"picked":"Streamline","floor":12},{"not_picked":["Genetic Algorithm","Turbo","Barrage"],"picked":"SKIP","floor":14},{"not_picked":["Multi-Cast","Hyperbeam"],"picked":"Electrodynamics","floor":16},{"not_picked":["Chaos","Darkness"],"picked":"Reinforced Body","floor":18},{"not_picked":["Redo","Heatsinks","Compile Driver"],"picked":"SKIP","floor":19},{"not_picked":["Barrage","Compile Driver","Self Repair"],"picked":"SKIP","floor":20},{"not_picked":["Darkness+1","Coolheaded","Storm"],"picked":"SKIP","floor":22},{"not_picked":["Capacitor","Beam Cell","Streamline"],"picked":"SKIP","floor":27},{"not_picked":["Go for the Eyes","Streamline","Sunder"],"picked":"SKIP","floor":28},{"not_picked":["Chaos","Compile Driver"],"picked":"BootSequence+1","floor":34},{"not_picked":["Hologram","Coolheaded"],"picked":"White Noise","floor":34},{"not_picked":["Turbo","Go for the Eyes"],"picked":"FTL","floor":34},{"not_picked":["Recycle","Steam"],"picked":"Ball Lightning+1","floor":34},{"not_picked":["Lockon","Conserve Battery"],"picked":"Go for the Eyes+1","floor":34},{"not_picked":["Cold Snap","Lockon","Hologram"],"picked":"SKIP","floor":35},{"not_picked":["Chaos","Steam Power+1"],"picked":"Reinforced Body+1","floor":36},{"not_picked":["Cold Snap","Steam Power","Redo+1"],"picked":"SKIP","floor":38}],"player_experience":488108,"relics_obtained":[{"floor":6,"key":"Bag of Marbles"},{"floor":8,"key":"Darkstone Periapt"},{"floor":9,"key":"Orichalcum"},{"floor":10,"key":"Vajra"},{"floor":26,"key":"Tiny Chest"},{"floor":31,"key":"Nilry\u0027s Codex"},{"floor":37,"key":"Nunchaku"}],"event_choices":[{"event_name":"Shining Light","player_choice":"Entered Light","floor":2,"damage_taken":0},{"event_name":"Golden Wing","player_choice":"Card Removal","floor":3,"damage_taken":0},{"event_name":"Beggar","player_choice":"Ignored","floor":24,"damage_taken":0},{"event_name":"Back to Basics","player_choice":"Elegance","floor":29,"damage_taken":0},{"event_name":"Cursed Tome","player_choice":"Obtained Book","floor":31,"damage_taken":0}],"is_beta":false,"boss_relics":[{"not_picked":["Black Star","Calling Bell"],"picked":"Empty Cage"},{"not_picked":["Runic Dome","Pandora\u0027s Box"],"picked":"Orrery"}],"items_purged_floors":[21],"is_endless":false,"potions_floor_spawned":[5,6,8,12,22,27,28,33,36,38],"killed_by":"Transient","ascension_level":13}