{"gold_per_floor":[116,76,92,92,112,112,146,166,166,180,280,280,295,10,10,110,110,125,125,125,125,138,157,167,167,241,241],"floor_reached":27,"playtime":1939,"items_purged":[],"score":215,"play_id":"b9e4260d-d71a-41ad-8269-f7c59938dc94","local_time":"20180623234512","is_ascension_mode":false,"campfire_choices":[{"data":"Auto Shields","floor":6,"key":"SMITH"},{"floor":12,"key":"REST"},{"floor":15,"key":"REST"}],"neow_cost":"CURSE","seed_source_timestamp":839101629629128,"circlet_count":0,"master_deck":["Strike_B","Strike_B","Strike_B","Strike_B","Defend_B","Defend_B","Defend_B","Defend_B","Zap+1","Dualcast","Decay","Static Discharge","Hologram","Auto Shields+1","All For One","Leap","Redo","FTL","Doom and Gloom","Machine Learning","Conserve Battery","Sweeping Beam","Reboot","Capacitor","Finesse","Leap","Cold Snap","Coolheaded"],"relics":["Cracked Core","Meat on the Bone","Dodecahedron","White Beast Statue","Pantograph","Kunai"],"potions_floor_usage":[7,22,22,23,23,23,23,23,24,27],"damage_taken":[{"damage":6,"enemies":"Jaw Worm","floor":1,"turns":4},{"damage":4,"enemies":"Cultist","floor":3,"turns":4},{"damage":7,"enemies":"Small Slimes","floor":5,"turns":2},{"damage":40,"enemies":"Gremlin Nob","floor":7,"turns":5},{"damage":10,"enemies":"2 Fungi Beasts","floor":8,"turns":4},{"damage":21,"enemies":"Blue Slaver","floor":10,"turns":2},{"damage":6,"enemies":"3 Louse","floor":13,"turns":3},{"damage":14,"enemies":"Slime Boss","floor":16,"turns":9},{"damage":29,"enemies":"Spheric Guardian","floor":18,"turns":4},{"damage":32,"enemies":"Chosen","floor":22,"turns":5},{"damage":30,"enemies":"Sentry and Sphere","floor":23,"turns":6},{"damage":20,"enemies":"Snecko","floor":24,"turns":7},{"damage":22,"enemies":"Slaver and Parasite","floor":27,"turns":5}],"seed_played":"7250679443058998850","potions_obtained":[{"floor":2,"key":"AttackPotion"},{"floor":2,"key":"Poison Potion"},{"floor":2,"key":"EntropicBrew"},{"floor":3,"key":"Regen Potion"},{"floor":5,"key":"Regen Potion"},{"floor":10,"key":"Swift Potion"},{"floor":22,"key":"FearPotion"},{"floor":23,"key":"AttackPotion"},{"floor":24,"key":"EssenceOfSteel"}],"is_trial":false,"path_per_floor":["M","?","M","?","M","R","E","M","T","M","?","R","M","$","R","B",null,"M","?","?","T","M","M","M","?","T"],"character_chosen":"DEFECT","items_purchased":["Doom and Gloom","Machine Learning","Conserve Battery","Sweeping Beam"],"campfire_rested":2,"item_purchase_floors":[14,14,14,14],"current_hp_per_floor":[83,83,79,79,72,72,46,48,48,39,39,65,59,59,85,71,89,60,89,73,73,46,28,20,20,20,0],"gold":241,"neow_bonus":"TWENTY_PERCENT_HP_BONUS","is_prod":false,"is_daily":false,"chose_seed":false,"campfire_upgraded":1,"win_rate":0.0,"timestamp":1529790312,"path_taken":["M","?","M","?","M","R","E","?","T","M","?","R","M","?","R","BOSS","M","?","?","?","?","M","M","?","T","M"],"build_version":"2018-06-21v2","purchased_purges":0,"victory":false,"max_hp_per_floor":[89,89,89,89,89,89,89,89,89,89,89,89,89,89,89,89,89,89,89,89,89,89,89,89,89,89,89],"card_choices":[{"not_picked":["Defragment","Streamline"],"picked":"Static Discharge","floor":1},{"not_picked":["Double Energy","Steam"],"picked":"Hologram","floor":3},{"not_picked":["Conserve Battery","Coolheaded"],"picked":"Auto Shields","floor":5},{"not_picked":["Rip and Tear","Ball Lightning"],"picked":"All For One","floor":7},{"not_picked":["Reinforced Body","Barrage"],"picked":"Leap","floor":8},{"not_picked":["Rip and Tear","White Noise"],"picked":"Redo","floor":10},{"not_picked":["Beam Cell","Defragment"],"picked":"FTL","floor":13},{"not_picked":["All For One","Machine Learning"],"picked":"Reboot","floor":16},{"not_picked":["Streamline","Lockon"],"picked":"Capacitor","floor":18},{"not_picked":["Consume","Compile Driver"],"picked":"Leap","floor":22},{"not_picked":["Barrage","Go for the Eyes"],"picked":"Cold Snap","floor":23},{"not_picked":["Conserve Battery","Reinforced Body"],"picked":"Coolheaded","floor":24}],"player_experience":5776,"relics_obtained":[{"floor":7,"key":"Meat on the Bone"},{"floor":9,"key":"Dodecahedron"},{"floor":21,"key":"Pantograph"},{"floor":26,"key":"Kunai"}],"event_choices":[{"event_name":"The Woman in Blue","player_choice":"Bought 3 Potions","floor":2,"damage_taken":0},{"event_name":"Living Wall","player_choice":"Grow","floor":4,"damage_taken":0},{"event_name":"Golden Shrine","player_choice":"Pray","floor":11,"damage_taken":0},{"event_name":"Wheel of Change","player_choice":"Full Heal","floor":19,"damage_taken":0},{"event_name":"Knowing Skull","player_choice":"CARD ","floor":20,"damage_taken":0},{"event_name":"Ghosts","player_choice":"Ignored","floor":25,"damage_taken":0}],"boss_relics":[{"not_picked":["Philosopher\u0027s Stone","Runic Pyramid"],"picked":"White Beast Statue"}],"items_purged_floors":[],"is_endless":false,"potions_floor_spawned":[3,5,10,13,18,22,23,24],"killed_by":"Slaver and Parasite","ascension_level":0}