{"gold_per_floor":[118,131,151,151,139,139,172,172,243,263,279,279,289,306,306,403,403,416,416,159,178,191,523,523,52,77,96,96],"floor_reached":28,"playtime":3256,"items_purged":["Strike_B"],"score":244,"play_id":"d9528d50-8901-40b9-877b-4d32195e69b9","local_time":"20180717170347","is_ascension_mode":false,"campfire_choices":[{"data":"Chaos","floor":6.0,"key":"SMITH"},{"data":"Zap","floor":8.0,"key":"SMITH"},{"data":"Fusion","floor":12.0,"key":"SMITH"},{"data":"Machine Learning","floor":15.0,"key":"SMITH"},{"data":"Static Discharge","floor":24,"key":"SMITH"}],"neow_cost":"","seed_source_timestamp":0,"circlet_count":0,"master_deck":["Strike_B","Strike_B","Strike_B","Defend_B","Defend_B","Defend_B","Defend_B","Zap+1","Dualcast","Sweeping Beam","Go for the Eyes","Chaos+1","Conserve Battery","Storm","Auto Shields","Fusion+1","Skim","Machine Learning+1","Fission","Stack","Panache","Static Discharge+1","Storm","Chill+1","Self Repair","Panache","Conserve Battery+1"],"special_seed":0,"relics":["Cracked Core","FaceOfCleric","Torii","Shuriken","Snecko Eye","Juzu Bracelet","Old Coin","OrangePellets","Oddly Smooth Stone"],"potions_floor_usage":[22,23,28],"damage_taken":[{"damage":1.0,"enemies":"Cultist","floor":1.0,"turns":3.0},{"damage":3.0,"enemies":"Small Slimes","floor":2.0,"turns":3.0},{"damage":1.0,"enemies":"Jaw Worm","floor":3.0,"turns":3.0},{"damage":10.0,"enemies":"Exordium Thugs","floor":5.0,"turns":5.0},{"damage":15.0,"enemies":"3 Sentries","floor":7.0,"turns":6.0},{"damage":1.0,"enemies":"Looter","floor":10.0,"turns":3.0},{"damage":1.0,"enemies":"Red Slaver","floor":11.0,"turns":4.0},{"damage":0.0,"enemies":"Exordium Wildlife","floor":13.0,"turns":3.0},{"damage":2.0,"enemies":"Large Slime","floor":14.0,"turns":6.0},{"damage":5.0,"enemies":"Hexaghost","floor":16.0,"turns":11.0},{"damage":3.0,"enemies":"3 Byrds","floor":18.0,"turns":5.0},{"damage":2.0,"enemies":"Chosen","floor":21.0,"turns":6.0},{"damage":13,"enemies":"Centurion and Healer","floor":22,"turns":7},{"damage":14,"enemies":"Book of Stabbing","floor":23,"turns":6},{"damage":14,"enemies":"Snake Plant","floor":27,"turns":4},{"damage":49,"enemies":"Cultist and Chosen","floor":28,"turns":5}],"seed_played":"-7302288941430971000","potions_obtained":[{"floor":7.0,"key":"GamblersBrew"},{"floor":10.0,"key":"Weak Potion"},{"floor":11.0,"key":"SkillPotion"},{"floor":13.0,"key":"Strength Potion"},{"floor":18.0,"key":"GamblersBrew"},{"floor":27,"key":"Poison Potion"}],"is_trial":false,"path_per_floor":["M","M","M","?","M","R","E","R","T","M","M","R","M","M","R","B",null,"M","?","$","M","M","E","R","$","T","M"],"character_chosen":"DEFECT","items_purchased":["Panache","Static Discharge","OrangePellets","Panache"],"campfire_rested":0,"item_purchase_floors":[20,20,25,25],"current_hp_per_floor":[74,71,70,70,61,61,47,47,47,47,47,47,48,47,47,43,82,80,80,80,79,67,54,54,54,54,41,0],"gold":96,"neow_bonus":"","is_prod":false,"is_daily":false,"chose_seed":false,"campfire_upgraded":5,"win_rate":0.0,"timestamp":1531872227,"path_taken":["M","?","M","?","M","R","E","R","T","M","M","R","M","M","R","BOSS","M","?","$","M","M","E","R","$","T","M","M"],"build_version":"2018-07-12","purchased_purges":1,"victory":false,"max_hp_per_floor":[75,75,75,75,76,76,77,77,77,78,79,79,80,81,81,82,82,83,83,83,84,85,86,86,86,86,87,87],"card_choices":[{"not_picked":["Hologram","Steam"],"picked":"Sweeping Beam","floor":1.0},{"not_picked":["Hologram","Hello World"],"picked":"Go for the Eyes","floor":2.0},{"not_picked":["Blizzard","Sweeping Beam"],"picked":"Chaos","floor":3.0},{"not_picked":["Coolheaded","Reinforced Body"],"picked":"Conserve Battery","floor":5.0},{"not_picked":["Gash","Sweeping Beam"],"picked":"Storm","floor":7.0},{"not_picked":["Cold Snap","Darkness"],"picked":"Auto Shields","floor":10.0},{"not_picked":["Barrage","Beam Cell"],"picked":"Fusion","floor":11.0},{"not_picked":["Steam","Compile Driver"],"picked":"Skim","floor":13.0},{"not_picked":["Hologram","Blizzard"],"picked":"Machine Learning","floor":14.0},{"not_picked":["Biased Cognition","Thunder Strike"],"picked":"Fission","floor":16.0},{"not_picked":["Melter","Steam"],"picked":"Stack","floor":18.0},{"not_picked":["Streamline","Self Repair"],"picked":"Storm","floor":21.0},{"not_picked":["Streamline","Gash"],"picked":"Chill+1","floor":22},{"not_picked":["Darkness","Double Energy"],"picked":"Self Repair","floor":23},{"not_picked":["Compile Driver","Barrage+1"],"picked":"Conserve Battery+1","floor":27}],"player_experience":168662,"relics_obtained":[{"floor":7.0,"key":"Torii"},{"floor":9.0,"key":"Shuriken"},{"floor":23,"key":"Old Coin"},{"floor":26,"key":"Oddly Smooth Stone"}],"event_choices":[{"event_name":"FaceTrader","player_choice":"Trade","floor":4.0,"damage_taken":0.0},{"event_name":"The Mausoleum","player_choice":"Yes","floor":19.0,"damage_taken":0.0}],"boss_relics":[{"not_picked":["Empty Cage","Runic Dome"],"picked":"Snecko Eye"}],"items_purged_floors":[25],"is_endless":false,"potions_floor_spawned":[7,10,11,13,14,18,27],"killed_by":"Cultist and Chosen","ascension_level":0}