{"gold_per_floor":[119,119,44,57,77,77,111,111,159,171,206,206,235,248,248,248],"floor_reached":16,"playtime":681,"items_purged":["Strike_G"],"score":150,"play_id":"ba2f6760-4658-4c13-b888-72a8301a60b0","local_time":"20181021163854","is_ascension_mode":true,"campfire_choices":[{"data":"Neutralize","floor":6,"key":"SMITH"},{"floor":12,"key":"REST"},{"data":"Prepared","floor":15,"key":"SMITH"}],"neow_cost":"NONE","seed_source_timestamp":81015575013439,"circlet_count":0,"master_deck":["Defend_G","Defend_G+1","Defend_G","Defend_G","Defend_G","Strike_G+1","Strike_G","Strike_G","Strike_G","Survivor","Neutralize+1","Blind","Blade Dance","Backflip","Grand Finale","Prepared+1"],"relics":["Ring of the Snake","Potion Belt","Boot","Mummified Hand","Gremlin Horn"],"potions_floor_usage":[7,13,13,16,16],"damage_taken":[{"damage":0,"enemies":"Small Slimes","floor":1,"turns":4},{"damage":1,"enemies":"Jaw Worm","floor":4,"turns":5},{"damage":0,"enemies":"Cultist","floor":5,"turns":3},{"damage":38,"enemies":"Gremlin Nob","floor":7,"turns":6},{"damage":1,"enemies":"3 Louse","floor":10,"turns":5},{"damage":9,"enemies":"Lagavulin","floor":11,"turns":5},{"damage":15,"enemies":"Gremlin Nob","floor":13,"turns":4},{"damage":8,"enemies":"Exordium Thugs","floor":14,"turns":5},{"damage":16,"enemies":"Slime Boss","floor":16,"turns":6}],"seed_played":"5404605766598669632","potions_obtained":[{"floor":5,"key":"PowerPotion"},{"floor":7,"key":"Poison Potion"},{"floor":8,"key":"Strength Potion"},{"floor":8,"key":"SneckoOil"},{"floor":8,"key":"LiquidBronze"},{"floor":10,"key":"EssenceOfSteel"},{"floor":11,"key":"Ancient Potion"},{"floor":13,"key":"GhostInAJar"}],"is_trial":false,"path_per_floor":["M","?","$","M","M","R","E","?","T","M","E","R","E","M","R"],"character_chosen":"THE_SILENT","items_purchased":[],"campfire_rested":1,"item_purchase_floors":[],"current_hp_per_floor":[70,56,56,55,55,55,17,17,17,16,7,28,13,5,5,0],"gold":248,"neow_bonus":"RANDOM_COLORLESS","is_prod":false,"is_daily":false,"chose_seed":false,"campfire_upgraded":2,"win_rate":0,"timestamp":1540154334,"path_taken":["M","?","?","M","M","R","E","?","T","M","E","R","E","M","R","BOSS"],"build_version":"2018-10-19","purchased_purges":1,"victory":false,"max_hp_per_floor":[70,70,70,70,70,70,70,70,70,70,70,70,70,70,70,70],"card_choices":[{"not_picked":["Bane","Tactician","Endless Agony"],"picked":"SKIP","floor":1},{"not_picked":["Dagger Spray","Masterful Stab"],"picked":"Blade Dance","floor":4},{"not_picked":["Dagger Throw","Blur"],"picked":"Backflip","floor":5},{"not_picked":["Sucker Punch","Terror"],"picked":"Grand Finale","floor":7},{"not_picked":["Dagger Spray","Deadly Poison","Eviscerate"],"picked":"SKIP","floor":10},{"not_picked":["Night Terror","Grand Finale"],"picked":"Prepared","floor":11},{"not_picked":["Underhanded Strike","Concentrate","Deadly Poison"],"picked":"SKIP","floor":13},{"not_picked":["Infinite Blades","Caltrops","Dodge and Roll"],"picked":"SKIP","floor":14}],"player_experience":361016,"relics_obtained":[{"floor":7,"key":"Potion Belt"},{"floor":9,"key":"Boot"},{"floor":11,"key":"Mummified Hand"},{"floor":13,"key":"Gremlin Horn"}],"event_choices":[{"damage_healed":0,"gold_gain":0,"player_choice":"Entered Light","damage_taken":14,"max_hp_gain":0,"max_hp_loss":0,"event_name":"Shining Light","floor":2,"gold_loss":0,"cards_upgraded":["Strike_G","Defend_G"]},{"damage_healed":0,"gold_gain":0,"player_choice":"Got Potions","damage_taken":0,"max_hp_gain":0,"max_hp_loss":0,"event_name":"The Lab","floor":8,"gold_loss":0}],"is_beta":true,"boss_relics":[],"items_purged_floors":[3],"is_endless":false,"potions_floor_spawned":[5,7,10,11,13],"killed_by":"Slime Boss","ascension_level":5}