{"gold_per_floor":[112,74,84,259,38,56,66,66,66,66,80,80,80,80,80,180,180,191,151,151,166,166],"floor_reached":22,"playtime":998,"items_purged":[],"score":174,"play_id":"056e36ea-d1ef-4cdf-91bf-46383c5d939f","local_time":"20180906174328","is_ascension_mode":false,"campfire_choices":[{"floor":12,"key":"REST"},{"data":"FTL","floor":15,"key":"SMITH"}],"neow_cost":"NONE","seed_source_timestamp":29988694717611,"circlet_count":0,"master_deck":["Strike_B","Strike_B","Strike_B","Strike_B","Defend_B","Defend_B","Defend_B","Defend_B","Zap","Dualcast","Barrage","FTL+1","Gash","Doubt","Steam","Beam Cell","Gash","Parasite","Buffer","Streamline","Clumsy","Gash"],"relics":["Cracked Core","HandDrill","Potion Belt","NlothsMask","Blue Candle","Lizard Tail"],"potions_floor_usage":[11,18,21,21,21],"damage_taken":[{"damage":6,"enemies":"Cultist","floor":1,"turns":3},{"damage":12,"enemies":"Small Slimes","floor":3,"turns":3},{"damage":0,"enemies":"2 Louse","floor":6,"turns":2},{"damage":0,"enemies":"2 Fungi Beasts","floor":7,"turns":3},{"damage":0,"enemies":"Exordium Wildlife","floor":11,"turns":2},{"damage":72,"enemies":"Slime Boss","floor":16,"turns":12},{"damage":40,"enemies":"2 Thieves","floor":18,"turns":5},{"damage":61,"enemies":"3 Byrds","floor":21,"turns":8},{"damage":25,"enemies":"Snecko","floor":22,"turns":3}],"seed_played":"-551167306546806858","potions_obtained":[{"floor":6,"key":"SneckoOil"},{"floor":7,"key":"Explosive Potion"},{"floor":16,"key":"AttackPotion"},{"floor":19,"key":"SkillPotion"},{"floor":19,"key":"SneckoOil"},{"floor":19,"key":"FearPotion"}],"is_trial":false,"path_per_floor":["M","?","M","?","$","M","M","$","T","?","M","R","?","?","R","B",null,"M","?","?","M"],"character_chosen":"DEFECT","items_purchased":["HandDrill","Steam"],"campfire_rested":1,"item_purchase_floors":[5,5],"current_hp_per_floor":[69,69,57,57,57,57,57,57,57,57,57,75,75,75,75,3,75,35,35,35,13,0],"gold":166,"neow_bonus":"THREE_CARDS","is_prod":false,"is_daily":false,"chose_seed":false,"campfire_upgraded":1,"win_rate":0.0,"timestamp":1536252208,"path_taken":["M","?","M","?","$","M","M","?","T","?","?","R","?","?","R","BOSS","M","?","?","M","?"],"build_version":"2018-08-30","purchased_purges":0,"victory":false,"max_hp_per_floor":[75,75,75,75,75,75,75,75,75,75,75,75,75,75,75,75,75,75,75,75,75,75],"card_choices":[{"not_picked":["Compile Driver","Reprogram"],"picked":"Barrage","floor":0},{"not_picked":["Compile Driver","Storm"],"picked":"FTL","floor":1},{"not_picked":["Coolheaded","Streamline"],"picked":"Gash","floor":3},{"not_picked":["Cold Snap","Hologram"],"picked":"Beam Cell","floor":6},{"not_picked":["Blizzard","Leap"],"picked":"Gash","floor":7},{"not_picked":["Aggregate","Cold Snap","Doom and Gloom"],"picked":"SKIP","floor":11},{"not_picked":["Meteor Strike","Multi-Cast"],"picked":"Buffer","floor":16},{"not_picked":["Hologram","Redo+1"],"picked":"Streamline","floor":18},{"not_picked":["Beam Cell+1","Leap"],"picked":"Gash","floor":21}],"player_experience":133167,"relics_obtained":[{"floor":9,"key":"Potion Belt"}],"event_choices":[{"event_name":"World of Goop","player_choice":"Left","floor":2,"damage_taken":0},{"event_name":"Liars Game","player_choice":"agreed","floor":4,"damage_taken":0},{"event_name":"FaceTrader","player_choice":"Trade","floor":10,"damage_taken":0},{"event_name":"Accursed Blacksmith","player_choice":"Rummage","floor":13,"damage_taken":0},{"event_name":"Mushrooms","player_choice":"Healed and dodged fight","floor":14,"damage_taken":0},{"event_name":"The Woman in Blue","player_choice":"Bought 3 Potions","floor":19,"damage_taken":0},{"event_name":"Transmorgrifier","player_choice":"Transform","floor":20,"damage_taken":0}],"is_beta":false,"boss_relics":[{"not_picked":["Eternal Feather","Pandora\u0027s Box"],"picked":"Lizard Tail"}],"items_purged_floors":[],"is_endless":false,"potions_floor_spawned":[6,7,16],"killed_by":"Snecko","ascension_level":0}