{"gold_per_floor":[217,217,233,233,253,253,264,292,292,292,292,304,27,47,47,152,152,171,186,101,101,113,113,132,0,0,0,15,15,15,44,44,148,148,148],"floor_reached":35,"playtime":1701,"items_purged":[],"score":616,"play_id":"97843509-dd66-4e37-bc19-baf39f6f5859","local_time":"20180918013434","is_ascension_mode":true,"campfire_choices":[{"data":"Dualcast","floor":6,"key":"SMITH"},{"floor":11,"key":"REST"},{"data":"Gash","floor":15,"key":"SMITH"},{"floor":23,"key":"REST"},{"floor":29,"key":"REST"},{"floor":32,"key":"REST"}],"neow_cost":"NONE","seed_source_timestamp":217880467072522,"circlet_count":0,"master_deck":["Strike_B","Strike_B","Strike_B","Strike_B","Defend_B","Defend_B","Defend_B","Defend_B","Zap+1","Dualcast+1","AscendersBane","Self Repair","Sweeping Beam","Go for the Eyes","Sweeping Beam","Steam","Self Repair","Gash+1","Hologram","All For One","Gash","Gash","Melter","Skim","Doom and Gloom","J.A.X.","Gash","Echo Form","White Noise","All For One"],"relics":["Cracked Core","FaceOfCleric","Dodecahedron","Pear","DataDisk","Orrery","Darkstone Periapt","Cables","Shuriken","Bottled Tornado","White Beast Statue"],"potions_floor_usage":[5,8,14,16,24,28,31,33],"damage_taken":[{"damage":0,"enemies":"Small Slimes","floor":1,"turns":3},{"damage":1,"enemies":"Cultist","floor":3,"turns":3},{"damage":13,"enemies":"Jaw Worm","floor":5,"turns":4},{"damage":0,"enemies":"Large Slime","floor":7,"turns":4},{"damage":55,"enemies":"Lagavulin","floor":8,"turns":7},{"damage":8,"enemies":"3 Louse","floor":12,"turns":3},{"damage":5,"enemies":"Exordium Thugs","floor":14,"turns":4},{"damage":47,"enemies":"The Guardian","floor":16,"turns":15},{"damage":28,"enemies":"2 Thieves","floor":18,"turns":3},{"damage":6,"enemies":"3 Byrds","floor":19,"turns":3},{"damage":38,"enemies":"Snecko","floor":22,"turns":6},{"damage":15,"enemies":"Centurion and Healer","floor":24,"turns":4},{"damage":18,"enemies":"Cultist and Chosen","floor":28,"turns":5},{"damage":46,"enemies":"Slavers","floor":31,"turns":4},{"damage":85,"enemies":"Automaton","floor":33,"turns":7},{"damage":81,"enemies":"3 Darklings","floor":35,"turns":4}],"seed_played":"-5603835589492308090","potions_obtained":[{"floor":1,"key":"GamblersBrew"},{"floor":5,"key":"Explosive Potion"},{"floor":12,"key":"Weak Potion"},{"floor":14,"key":"SpeedPotion"},{"floor":22,"key":"FearPotion"},{"floor":24,"key":"Block Potion"},{"floor":28,"key":"LiquidBronze"},{"floor":33,"key":"Fruit Juice"}],"is_trial":false,"path_per_floor":["M","?","M","?","M","R","M","E","T","?","R","M","$","M","R","B",null,"M","M","?","?","M","R","M","?","T","$","M","R","T","E","R","B",null],"character_chosen":"DEFECT","items_purchased":["DataDisk","Self Repair","Gash"],"campfire_rested":4,"item_purchase_floors":[13,13,13],"current_hp_per_floor":[68,68,68,68,63,63,71,24,34,34,60,60,60,70,70,38,79,66,61,61,61,38,66,66,66,66,66,63,92,92,61,90,11,81,0],"gold":148,"neow_bonus":"HUNDRED_GOLD","is_prod":false,"is_daily":false,"chose_seed":false,"campfire_upgraded":2,"win_rate":0,"timestamp":1537227274,"path_taken":["M","?","?","?","M","R","M","E","T","?","R","?","$","M","R","BOSS","M","M","?","?","M","R","?","?","T","?","M","R","?","E","R","BOSS","M"],"build_version":"2018-09-06","purchased_purges":0,"victory":false,"max_hp_per_floor":[75,75,76,76,77,77,78,79,89,89,89,90,90,91,91,92,92,93,94,94,94,95,95,96,96,96,96,97,97,97,98,98,104,104,104],"card_choices":[{"not_picked":["Reprogram","Chill","Compile Driver"],"picked":"SKIP","floor":1},{"not_picked":["Barrage","Aggregate"],"picked":"Self Repair","floor":3},{"not_picked":["Hologram","Compile Driver"],"picked":"Sweeping Beam","floor":5},{"not_picked":["Ball Lightning","Multi-Cast"],"picked":"Go for the Eyes","floor":7},{"not_picked":["Fusion","Machine Learning"],"picked":"Sweeping Beam","floor":8},{"not_picked":["Ball Lightning","Streamline"],"picked":"Steam","floor":12},{"not_picked":["Blizzard","Ball Lightning"],"picked":"Hologram","floor":14},{"not_picked":["Multi-Cast","Thunder Strike"],"picked":"All For One","floor":16},{"not_picked":["Beam Cell","Steam"],"picked":"Gash","floor":17},{"not_picked":["Redo","Conserve Battery"],"picked":"Gash","floor":17},{"not_picked":["Lockon","Ball Lightning"],"picked":"Melter","floor":17},{"not_picked":["Leap","Barrage"],"picked":"Skim","floor":17},{"not_picked":["Turbo","Melter"],"picked":"Doom and Gloom","floor":17},{"not_picked":["Genetic Algorithm","Ball Lightning","Streamline"],"picked":"SKIP","floor":18},{"not_picked":["Melter","Chill","Steam Power"],"picked":"SKIP","floor":19},{"not_picked":["Lockon","Redo"],"picked":"Gash","floor":22},{"not_picked":["Redo","Chaos"],"picked":"Echo Form","floor":24},{"not_picked":["Streamline","Rebound+1"],"picked":"White Noise","floor":28},{"not_picked":["Streamline","Ball Lightning","Hello World"],"picked":"SKIP","floor":31},{"not_picked":["Streamline","Ball Lightning","Hello World"],"picked":"SKIP","floor":31},{"not_picked":["Multi-Cast","Creative AI"],"picked":"All For One","floor":33}],"player_experience":318321,"relics_obtained":[{"floor":8,"key":"Dodecahedron"},{"floor":9,"key":"Pear"},{"floor":26,"key":"Cables"},{"floor":30,"key":"Shuriken"},{"floor":31,"key":"Bottled Tornado"}],"event_choices":[{"event_name":"FaceTrader","player_choice":"Trade","floor":2,"damage_taken":0},{"event_name":"Liars Game","player_choice":"disagreed","floor":4,"damage_taken":0},{"event_name":"Living Wall","player_choice":"Grow","floor":10,"damage_taken":0},{"event_name":"Addict","player_choice":"Obtained Relic","floor":20,"damage_taken":0},{"event_name":"Drug Dealer","player_choice":"Got JAX","floor":21,"damage_taken":0},{"event_name":"Masked Bandits","player_choice":"Paid Fearfully","floor":25,"damage_taken":0}],"is_beta":false,"boss_relics":[{"not_picked":["Tiny House","Velvet Choker"],"picked":"Orrery"},{"not_picked":["Busted Crown","Runic Pyramid"],"picked":"White Beast Statue"}],"items_purged_floors":[],"is_endless":false,"potions_floor_spawned":[1,5,12,14,22,24,28,33],"killed_by":"3 Darklings","ascension_level":10}