{"gold_per_floor":[114,129,144,69,84,84,99,114,139,139,169,169,119,179,179,279,279,294,44,44,44,59,89,89,104,179,209,224,239,239,254,254,354,354,369,384,113,128,143,173,188,188,188,200,237,249,261,303,315,327],"floor_reached":51,"playtime":2492,"items_purged":["Strike_B","Regret","Regret"],"score":984,"play_id":"341336fe-7303-48fe-a78f-e8bb64713378","local_time":"20181111195051","daily_mods":["Cursed Run","Time Dilation","Binary"],"is_ascension_mode":false,"campfire_choices":[{"data":"Zap","floor":6,"key":"SMITH"},{"data":"Streamline","floor":12,"key":"SMITH"},{"data":"Streamline","floor":15,"key":"SMITH"},{"data":"Coolheaded","floor":24,"key":"SMITH"},{"data":"Streamline","floor":30,"key":"SMITH"},{"data":"Rip and Tear","floor":32,"key":"SMITH"},{"floor":42,"key":"REST"},{"data":"Coolheaded","floor":44,"key":"SMITH"},{"data":"Skim","floor":47,"key":"SMITH"},{"floor":49,"key":"REST"}],"neow_cost":"","seed_source_timestamp":0,"circlet_count":0,"master_deck":["Defend_B","Defend_B","Defend_B","Zap+1","Dualcast","Conserve Battery","Rip and Tear+1","Streamline+1","Streamline+1","Coolheaded+1","Decay","Parasite","Creative AI+1","Seek+1","Steam Power+1","Hologram+1","Self Repair","Auto Shields","Hologram+1","Streamline+1","Echo Form","Injury","Static Discharge+1","Sweeping Beam+1","Sweeping Beam+1","All For One+1","Coolheaded+1","Finesse","Skim+1","Gash+1","Doubt","Pain","Madness","Madness","Hologram","Doubt"],"special_seed":17847,"relics":["Cursed Key","Darkstone Periapt","Du-Vu Doll","Art of War","Torii","Happy Flower","Tiny Chest","Astrolabe","Question Card","Matryoshka","Regal Pillow","Busted Crown","Pear","MawBank","Molten Egg 2","Boot","Whetstone","Symbiotic Virus"],"potions_floor_usage":[27,50,50,50],"damage_taken":[{"damage":0,"enemies":"Cultist","floor":1,"turns":4},{"damage":0,"enemies":"2 Louse","floor":2,"turns":3},{"damage":2,"enemies":"Small Slimes","floor":3,"turns":4},{"damage":5,"enemies":"Exordium Thugs","floor":5,"turns":4},{"damage":13,"enemies":"Gremlin Gang","floor":7,"turns":4},{"damage":3,"enemies":"Lots of Slimes","floor":8,"turns":4},{"damage":10,"enemies":"Lagavulin","floor":11,"turns":4},{"damage":2,"enemies":"3 Sentries","floor":14,"turns":6},{"damage":2,"enemies":"Slime Boss","floor":16,"turns":5},{"damage":13,"enemies":"3 Byrds","floor":18,"turns":3},{"damage":0,"enemies":"Chosen","floor":22,"turns":3},{"damage":18,"enemies":"Gremlin Leader","floor":23,"turns":6},{"damage":7,"enemies":"3 Cultists","floor":25,"turns":4},{"damage":15,"enemies":"Book of Stabbing","floor":27,"turns":5},{"damage":0,"enemies":"Snake Plant","floor":28,"turns":2},{"damage":6,"enemies":"Centurion and Healer","floor":29,"turns":5},{"damage":2,"enemies":"Shelled Parasite and Fungi","floor":31,"turns":6},{"damage":51,"enemies":"Automaton","floor":33,"turns":9},{"damage":21,"enemies":"3 Shapes","floor":35,"turns":4},{"damage":14,"enemies":"3 Darklings","floor":36,"turns":3},{"damage":20,"enemies":"Spire Growth","floor":38,"turns":4},{"damage":14,"enemies":"Jaw Worm Horde","floor":39,"turns":3},{"damage":27,"enemies":"Reptomancer","floor":40,"turns":4},{"damage":28,"enemies":"Writhing Mass","floor":41,"turns":4},{"damage":12,"enemies":"Giant Head","floor":48,"turns":9},{"damage":81,"enemies":"Awakened One","floor":50,"turns":8}],"seed_played":"7220959267386294394","potions_obtained":[{"floor":2,"key":"EssenceOfSteel"},{"floor":5,"key":"Block Potion"},{"floor":8,"key":"Dexterity Potion"},{"floor":28,"key":"FearPotion"}],"is_trial":false,"path_per_floor":["M","M","M","$","M","R","M","M","T","?","E","R","?","E","R","B",null,"M","$","?","$","M","E","R","M","T","E","M","M","R","M","R","B",null,"M","M","$","M","M","E","M","R","T","R","T","?","R","E","R","B",null],"character_chosen":"DEFECT","items_purchased":["Self Repair","Auto Shields","Coolheaded","Finesse"],"campfire_rested":2,"item_purchase_floors":[19,19,37,37],"current_hp_per_floor":[75,75,73,73,68,68,55,52,58,64,54,54,54,52,52,56,93,80,80,80,80,87,76,76,76,82,81,88,89,89,94,94,49,105,84,70,70,50,43,33,12,61,67,67,73,57,57,52,105,30],"gold":339,"neow_bonus":"","is_prod":false,"is_daily":true,"chose_seed":false,"campfire_upgraded":8,"win_rate":0,"timestamp":1541983851,"path_taken":["M","?","M","$","M","R","M","M","T","?","E","R","?","E","R","BOSS","M","$","?","?","M","E","R","?","T","E","M","M","R","M","R","BOSS","M","?","$","M","M","E","M","R","T","R","?","?","R","E","R","BOSS"],"build_version":"2018-11-08","purchased_purges":3,"victory":true,"max_hp_per_floor":[75,75,75,75,75,75,75,75,81,87,87,87,87,87,87,93,93,93,93,93,93,93,93,93,93,99,99,99,99,99,99,99,105,105,105,105,105,105,105,115,115,115,121,121,127,127,127,127,127,133],"card_choices":[{"not_picked":["Turbo"],"picked":"Conserve Battery","floor":1},{"not_picked":["Go for the Eyes"],"picked":"Rip and Tear","floor":2},{"not_picked":["Rebound"],"picked":"Streamline","floor":3},{"not_picked":["Turbo","Fission"],"picked":"SKIP","floor":5},{"not_picked":["Aggregate"],"picked":"Streamline","floor":7},{"not_picked":["Stack"],"picked":"Coolheaded","floor":8},{"not_picked":["Sweeping Beam","Redo"],"picked":"SKIP","floor":11},{"not_picked":["FTL","Conserve Battery"],"picked":"SKIP","floor":14},{"not_picked":["Multi-Cast"],"picked":"Creative AI","floor":16},{"not_picked":["Genetic Algorithm+1","Beam Cell"],"picked":"SKIP","floor":18},{"not_picked":["Coolheaded"],"picked":"Hologram+1","floor":22},{"not_picked":["Steam"],"picked":"Streamline","floor":23},{"not_picked":["Darkness","Loop"],"picked":"Echo Form","floor":25},{"not_picked":["Reprogram+1","Beam Cell","Stack+1"],"picked":"SKIP","floor":27},{"not_picked":["Barrage","Beam Cell"],"picked":"Static Discharge+1","floor":28},{"not_picked":["Tempest","Hello World"],"picked":"Sweeping Beam","floor":29},{"not_picked":["Recycle+1","Turbo"],"picked":"Sweeping Beam+1","floor":31},{"not_picked":["Echo Form","Creative AI"],"picked":"All For One","floor":33},{"not_picked":["Leap"],"picked":"SKIP","floor":35},{"not_picked":["Barrage"],"picked":"SKIP","floor":36},{"not_picked":[],"picked":"Skim","floor":38},{"not_picked":[],"picked":"Gash+1","floor":39},{"not_picked":["Steam+1"],"picked":"SKIP","floor":40},{"not_picked":["White Noise+1"],"picked":"SKIP","floor":41},{"not_picked":[],"picked":"Hologram","floor":48}],"player_experience":417104,"relics_obtained":[{"floor":9,"key":"Art of War"},{"floor":11,"key":"Happy Flower"},{"floor":14,"key":"Tiny Chest"},{"floor":23,"key":"Question Card"},{"floor":26,"key":"Matryoshka"},{"floor":27,"key":"Regal Pillow"},{"floor":40,"key":"Pear"},{"floor":43,"key":"MawBank"},{"floor":43,"key":"Molten Egg 2"},{"floor":45,"key":"Boot"},{"floor":45,"key":"Whetstone"},{"floor":48,"key":"Symbiotic Virus"}],"event_choices":[{"damage_healed":0,"gold_gain":0,"player_choice":"Box","damage_taken":0,"relics_obtained":["Torii"],"max_hp_gain":0,"max_hp_loss":0,"event_name":"Big Fish","floor":10,"gold_loss":0,"cards_obtained":["Regret"]},{"cards_removed":["Strike_B"],"damage_healed":0,"gold_gain":0,"player_choice":"Card Removal","damage_taken":0,"max_hp_gain":0,"max_hp_loss":0,"event_name":"The Cleric","floor":13,"gold_loss":50},{"damage_healed":0,"gold_gain":0,"player_choice":"Forge","damage_taken":0,"max_hp_gain":0,"max_hp_loss":0,"event_name":"Accursed Blacksmith","floor":20,"gold_loss":0,"cards_upgraded":["Creative AI"]},{"damage_healed":0,"gold_gain":0,"player_choice":"Embrace Madness","damage_taken":16,"max_hp_gain":0,"max_hp_loss":0,"event_name":"Winding Halls","floor":46,"gold_loss":0,"cards_obtained":["Madness","Madness"]}],"is_beta":true,"boss_relics":[{"not_picked":["Lizard Tail","Velvet Choker"],"picked":"Astrolabe"},{"not_picked":["Pandora\u0027s Box","Runic Dome"],"picked":"Busted Crown"}],"items_purged_floors":[4,19,37],"is_endless":false,"potions_floor_spawned":[2,5,8,11,16,22,28,29,31,36,39,41,48],"ascension_level":0}