{"gold_per_floor":[118,135,135,49,69,69,99,112,137,150,225,237,256,285,285,285],"floor_reached":16,"playtime":611,"items_purged":[],"score":222,"play_id":"8c9e9813-471e-4308-a2d6-9b3c90f1cde6","local_time":"20190316232207","is_ascension_mode":true,"campfire_choices":[{"floor":6,"key":"REST"},{"floor":15,"key":"REST"}],"neow_cost":"NONE","seed_source_timestamp":61896354872796,"circlet_count":0,"master_deck":["AscendersBane","Strike_B","Strike_B","Strike_B","Strike_B","Defend_B","Defend_B","Defend_B","Defend_B","Zap","Dualcast","Streamline","Loop","Go for the Eyes","Multi-Cast","Steam","Sweeping Beam","Glacier","Capacitor","Coolheaded"],"relics":["Cracked Core","Vajra","Juzu Bracelet","Art of War"],"potions_floor_usage":[7,7,14],"damage_taken":[{"damage":21,"enemies":"Small Slimes","floor":1,"turns":4},{"damage":1,"enemies":"Cultist","floor":2,"turns":3},{"damage":0,"enemies":"2 Louse","floor":5,"turns":1},{"damage":17,"enemies":"Lagavulin","floor":7,"turns":6},{"damage":11,"enemies":"Lots of Slimes","floor":8,"turns":4},{"damage":5,"enemies":"Large Slime","floor":10,"turns":6},{"damage":3,"enemies":"Looter","floor":12,"turns":3},{"damage":0,"enemies":"2 Fungi Beasts","floor":13,"turns":3},{"damage":30,"enemies":"Gremlin Nob","floor":14,"turns":4},{"damage":31,"enemies":"Slime Boss","floor":16,"turns":6}],"seed_played":"7405170042273248508","potions_obtained":[{"floor":1,"key":"Regen Potion"},{"floor":2,"key":"Block Potion"},{"floor":10,"key":"Strength Potion"}],"is_trial":false,"path_per_floor":["M","M","?","$","M","R","E","M","T","M","?","M","M","E","R","B"],"character_chosen":"DEFECT","items_purchased":["Loop"],"campfire_rested":2,"item_purchase_floors":[4],"current_hp_per_floor":[50,49,49,49,49,72,66,55,55,50,39,36,36,6,29,0],"gold":285,"neow_bonus":"TEN_PERCENT_HP_BONUS","is_prod":false,"is_daily":false,"chose_seed":false,"campfire_upgraded":0,"win_rate":0,"timestamp":1552796527,"path_taken":["M","M","?","$","M","R","E","M","T","M","?","M","M","E","R","BOSS"],"build_version":"2019-01-23","purchased_purges":0,"victory":false,"max_hp_per_floor":[78,78,78,78,78,78,78,78,78,78,78,78,78,78,78,78],"card_choices":[{"not_picked":["Reprogram","Hologram"],"picked":"Streamline","floor":1},{"not_picked":["Steam","Beam Cell","Chaos"],"picked":"SKIP","floor":2},{"not_picked":["Gash","Steam"],"picked":"Go for the Eyes","floor":5},{"not_picked":["Rebound","Redo"],"picked":"Multi-Cast","floor":7},{"not_picked":["Rebound","Redo"],"picked":"Steam","floor":8},{"not_picked":["Aggregate","Barrage"],"picked":"Sweeping Beam","floor":10},{"not_picked":["Streamline","Rebound"],"picked":"Glacier","floor":12},{"not_picked":["BootSequence","Go for the Eyes"],"picked":"Capacitor","floor":13},{"not_picked":["Rip and Tear","Beam Cell"],"picked":"Coolheaded","floor":14}],"player_experience":601466,"relics_obtained":[{"floor":7,"key":"Vajra"},{"floor":9,"key":"Juzu Bracelet"},{"floor":14,"key":"Art of War"}],"event_choices":[{"damage_healed":0,"gold_gain":0,"player_choice":"Got Potions","damage_taken":0,"max_hp_gain":0,"max_hp_loss":0,"event_name":"Lab","floor":3,"gold_loss":0},{"damage_healed":0,"gold_gain":75,"player_choice":"Gather Gold","damage_taken":11,"max_hp_gain":0,"max_hp_loss":0,"event_name":"World of Goop","floor":11,"gold_loss":0}],"is_beta":false,"boss_relics":[],"items_purged_floors":[],"is_endless":false,"potions_floor_spawned":[1,2,10],"killed_by":"Slime Boss","ascension_level":19}