{"gold_per_floor":[110,110,35,45,45,45,45,65,113,124,124,81,99,112,112,187,187,203,478,217,188,206,206,206,206,206,206],"floor_reached":27,"playtime":2415,"items_purged":["Regret"],"score":400,"play_id":"25d25767-eee1-403e-8943-ed54d4ca4ccb","local_time":"20180926155229","is_ascension_mode":true,"campfire_choices":[{"floor":6,"key":"REST"},{"floor":11,"key":"REST"},{"data":"Consume","floor":15,"key":"SMITH"},{"floor":23,"key":"REST"},{"floor":25,"key":"REST"}],"neow_cost":"NONE","seed_source_timestamp":959852664571228,"circlet_count":0,"master_deck":["Strike_B","Strike_B","Strike_B","Defend_B","Defend_B","Defend_B","Defend_B","Zap+1","Dualcast","AscendersBane","Capacitor","Glacier","White Noise","Streamline","Consume+1","Doom and Gloom","Rainbow","Rip and Tear","Capacitor","Coolheaded","Blizzard","Auto Shields"],"relics":["Cracked Core","Thread and Needle","Blood Vial","Nuclear Battery","Shuriken"],"potions_floor_usage":[13,16,16],"damage_taken":[{"damage":7,"enemies":"Small Slimes","floor":1,"turns":3},{"damage":9,"enemies":"Jaw Worm","floor":4,"turns":4},{"damage":0,"enemies":"2 Louse","floor":8,"turns":3},{"damage":38,"enemies":"Gremlin Gang","floor":10,"turns":7},{"damage":11,"enemies":"Exordium Thugs","floor":12,"turns":5},{"damage":2,"enemies":"Looter","floor":13,"turns":2},{"damage":2,"enemies":"3 Louse","floor":14,"turns":3},{"damage":16,"enemies":"The Guardian","floor":16,"turns":11},{"damage":14,"enemies":"Shell Parasite","floor":18,"turns":6},{"damage":28,"enemies":"2 Thieves","floor":21,"turns":4},{"damage":22,"enemies":"Snake Plant","floor":22,"turns":4},{"damage":24,"enemies":"Colosseum Slavers","floor":24,"turns":5},{"damage":39,"enemies":"Slavers","floor":27,"turns":2}],"seed_played":"-4117647005601733479","potions_obtained":[{"floor":12,"key":"Regen Potion"},{"floor":13,"key":"LiquidBronze"},{"floor":14,"key":"PowerPotion"}],"is_trial":false,"path_per_floor":["M","?","?","M","T","R","?","M","T","M","R","M","M","M","R","B",null,"M","?","$","M","M","R","?","R","T"],"character_chosen":"DEFECT","items_purchased":["Capacitor","Coolheaded","Blizzard"],"campfire_rested":4,"item_purchase_floors":[20,20,20],"current_hp_per_floor":[57,57,57,48,48,69,74,74,74,38,60,51,56,56,56,42,68,56,56,56,30,10,32,10,32,32,0],"gold":206,"neow_bonus":"UPGRADE_CARD","is_prod":false,"is_daily":false,"chose_seed":false,"campfire_upgraded":1,"win_rate":0,"timestamp":1537969949,"path_taken":["M","?","?","?","?","R","?","M","T","M","R","M","M","M","R","BOSS","M","?","$","M","M","R","?","R","T","E"],"build_version":"2018-09-20","purchased_purges":1,"victory":false,"max_hp_per_floor":[71,71,71,71,71,71,76,76,76,76,76,76,76,76,76,76,76,76,76,76,76,76,76,76,76,76,76],"card_choices":[{"not_picked":["Rebound","Redo"],"picked":"Capacitor","floor":1},{"not_picked":["Go for the Eyes","Heatsinks"],"picked":"Glacier","floor":4},{"not_picked":["Reprogram","Gash"],"picked":"White Noise","floor":8},{"not_picked":["Turbo","Heatsinks"],"picked":"Streamline","floor":10},{"not_picked":["Static Discharge","Buffer"],"picked":"Consume","floor":12},{"not_picked":["Heatsinks","Go for the Eyes","Consume"],"picked":"SKIP","floor":13},{"not_picked":["Leap","Steam"],"picked":"Doom and Gloom","floor":14},{"not_picked":["Machine Learning","Thunder Strike"],"picked":"Rainbow","floor":16},{"not_picked":["Cold Snap","Fusion"],"picked":"Rip and Tear","floor":18},{"not_picked":["Ball Lightning","Fusion"],"picked":"Auto Shields","floor":21},{"not_picked":["Hologram","Leap","Cold Snap"],"picked":"SKIP","floor":22}],"player_experience":702120,"relics_obtained":[{"floor":5,"key":"Thread and Needle"},{"floor":9,"key":"Blood Vial"},{"floor":26,"key":"Shuriken"}],"event_choices":[{"event_name":"Liars Game","player_choice":"disagreed","floor":2,"damage_taken":0},{"event_name":"The Cleric","player_choice":"Card Removal","floor":3,"damage_taken":0},{"event_name":"Big Fish","player_choice":"Donut","floor":7,"damage_taken":0},{"event_name":"Golden Shrine","player_choice":"Desecrate","floor":19,"damage_taken":0},{"event_name":"Colosseum","player_choice":"Fight","floor":24,"damage_taken":0},{"event_name":"Colosseum","player_choice":"Fled From Nobs","floor":24,"damage_taken":0}],"is_beta":false,"boss_relics":[{"not_picked":["Snecko Eye","White Beast Statue"],"picked":"Nuclear Battery"}],"items_purged_floors":[20],"is_endless":false,"potions_floor_spawned":[12,13,14,24],"killed_by":"Slavers","ascension_level":19}