{"gold_per_floor":[10,25,25,25,41,41,98,110,137,87,105,105,134,134,134,235,235,247,247,258,358,371,371,390,390,413,413,443,443,57,90,90,188,188,201,0,100,118,130,145,177,177,177,177,228,328,340,16,16,16,16,16,16,47,47],"floor_reached":55,"playtime":2606,"items_purged":["Slimebound:Strike_Slimebound","Slimebound:Icky"],"score":958,"play_id":"27ff464b-b54c-4790-b8cd-b6b645b61948","local_time":"20190319174941","is_ascension_mode":false,"campfire_choices":[{"data":"Replay:Poison Smokescreen","floor":6,"key":"SMITH"},{"data":"Slimebound:SlimeSpikes","floor":12,"key":"SMITH"},{"data":"Deadly Poison","floor":15,"key":"SMITH"},{"data":"Ghostly","floor":23,"key":"SMITH"},{"data":"Slimebound:StudyTheSpire","floor":25,"key":"SMITH"},{"data":"Backstab","floor":27,"key":"SMITH"},{"floor":29,"key":"RECALL"},{"data":"EpicFetus","floor":32,"key":"SMITH"},{"data":"Ghostly","floor":42,"key":"SMITH"},{"data":"Pot Of Greed","floor":49,"key":"SMITH"},{"data":"Pot Of Greed","floor":52,"key":"SMITH"}],"neow_cost":"NO_GOLD","seed_source_timestamp":4823872790583,"circlet_count":0,"master_deck":["Slimebound:Defend_Slimebound","EpicFetus+1","Slimebound:SlimeSpikes+1","RitualDagger","Deadly Poison+1","Replay:Poison Smokescreen+1","Backstab+1","Slimebound:StudyTheSpire+1","Ghostly+1","Ghostly+1","Ghostly","Ghostly","Ghostly","Slimebound:Lick+1","Pot Of Greed+1","Pot Of Greed+1","Slimebound:LeadByExample+1"],"relics":["HushsDoor","KeepersGift","m_SlimeRing","Art of War","Replay:Rubber Ducky","Slimebound:SlimedTailRelic","hubris:RunicObelisk","Oddly Smooth Stone","Potion Belt","Leech","BelialBook","Kintsugi","Incubus","Red Mask","PokeGo","Sundial","Grinning Jar","Slimebound:StudyCardRelic","Strawberry","Replay:Mystery Machine"],"potions_floor_usage":[7,16,16,18,22,39,39,50,55,55],"damage_taken":[{"damage":6,"enemies":"Small Slimes","floor":1,"turns":3},{"damage":0,"enemies":"Cultist","floor":2,"turns":4},{"damage":0,"enemies":"Jaw Worm","floor":5,"turns":4},{"damage":7,"enemies":"Gremlin Nob","floor":7,"turns":4},{"damage":0,"enemies":"Exordium Wildlife","floor":8,"turns":3},{"damage":0,"enemies":"Looter","floor":11,"turns":4},{"damage":11,"enemies":"Gremlin Nob","floor":13,"turns":4},{"damage":19,"enemies":"The Guardian","floor":16,"turns":8},{"damage":14,"enemies":"2 Thieves","floor":18,"turns":3},{"damage":0,"enemies":"Shell Parasite","floor":20,"turns":5},{"damage":15,"enemies":"Snake Plant","floor":22,"turns":4},{"damage":0,"enemies":"3 Cultists","floor":24,"turns":6},{"damage":0,"enemies":"Gremlin Leader","floor":28,"turns":7},{"damage":0,"enemies":"Slavers","floor":31,"turns":5},{"damage":0,"enemies":"Automaton","floor":33,"turns":10},{"damage":0,"enemies":"Orb Walker","floor":35,"turns":2},{"damage":0,"enemies":"Mind Bloom Boss Battle","floor":37,"turns":6},{"damage":0,"enemies":"3 Shapes","floor":38,"turns":2},{"damage":0,"enemies":"Spire Growth","floor":39,"turns":5},{"damage":1,"enemies":"Maw","floor":40,"turns":7},{"damage":0,"enemies":"R_Hoarder","floor":41,"turns":5},{"damage":0,"enemies":"R_Hoarder","floor":46,"turns":9},{"damage":4,"enemies":"3 Darklings","floor":47,"turns":4},{"damage":0,"enemies":"Time Eater","floor":50,"turns":10},{"damage":0,"enemies":"Shield and Spear","floor":54,"turns":6},{"damage":44,"enemies":"Delirium","floor":55,"turns":7}],"seed_played":"2776908640368798456","potions_obtained":[{"floor":1,"key":"LiquidBronze"},{"floor":5,"key":"Weak Potion"},{"floor":7,"key":"Slimebound:SlimedPotion"},{"floor":13,"key":"Explosive Potion"},{"floor":18,"key":"Toxic Potion"},{"floor":22,"key":"Weak Potion"},{"floor":31,"key":"Weak Potion"},{"floor":33,"key":"GamblersBrew"},{"floor":37,"key":"Energy Potion"},{"floor":38,"key":"SteroidPotion"},{"floor":46,"key":"LiquidBronze"},{"floor":54,"key":"Energy Potion"}],"is_trial":false,"path_per_floor":["M","M","?","?","M","R","?","M","T","?","M","R","E","$","R","B",null,"M","?","M","?","M","R","M","R","T","R","E","R","$","E","R","B",null,"M","?","?","M","M","M","E","R","T","?","T","?","M","$","R","B",null,"R","$","E","B"],"character_chosen":"SLIMEBOUND","items_purchased":["Leech","Incubus","Strawberry","Reflective Coating"],"campfire_rested":0,"item_purchase_floors":[30,34,48,48],"current_hp_per_floor":[81,84,84,84,84,84,77,77,77,77,77,77,66,66,66,50,84,73,42,42,42,27,27,42,42,42,42,42,42,42,42,42,42,22,22,22,22,22,22,22,22,22,22,22,22,22,22,29,29,29,29,29,29,29,0],"gold":47,"neow_bonus":"TWENTY_PERCENT_HP_BONUS","is_prod":false,"is_daily":false,"chose_seed":false,"campfire_upgraded":10,"win_rate":0,"timestamp":1553032181,"path_taken":["M","M","?","?","?","R","?","?","T","?","M","R","E","$","R","BOSS","M","?","M","?","M","R","M","R","T","R","E","R","$","E","R","BOSS","M","?","?","M","M","M","E","R","T","?","?","?","M","$","R","BOSS","R","$","E","BOSS"],"build_version":"2019-01-23","purchased_purges":2,"victory":false,"max_hp_per_floor":[84,84,84,84,84,84,84,84,84,84,84,84,84,84,84,84,84,84,42,42,42,42,42,42,42,42,42,42,42,42,42,42,42,22,22,22,22,22,22,22,22,22,22,22,22,22,22,29,29,29,29,29,29,29,29],"card_choices":[{"not_picked":[],"picked":"EpicFetus","floor":0},{"not_picked":["Slimebound:SplitLeeching","Slimebound:ItLooksTasty"],"picked":"Slimebound:SlimeSpikes","floor":1},{"not_picked":["Slimebound:SplitLeeching","Slimebound:RollThrough","Slimebound:Prepare"],"picked":"SKIP","floor":2},{"not_picked":["Slimebound:LeadByExample","Slimebound:SplitMire"],"picked":"Replay:Poison Smokescreen","floor":5},{"not_picked":["Slimebound:FlameTackle","Bane","Slimebound:LevelUp"],"picked":"SKIP","floor":8},{"not_picked":["Slimebound:ProtectTheBoss","Slimebound:SplitMire"],"picked":"Backstab","floor":11},{"not_picked":["Slimebound:ProtectTheBoss","Slimebound:GoopTackle","Slimebound:ComboTackle"],"picked":"SKIP","floor":13},{"not_picked":["Slimebound:CheckThePlaybook","Slimebound:MassFeed"],"picked":"Slimebound:StudyTheSpire","floor":16},{"not_picked":["Slimebound:FlameTackle","Slimebound:LivingWall","Slimebound:SplitBruiser"],"picked":"SKIP","floor":18},{"not_picked":["Slimebound:SamplingLick","Slimebound:Grow+1","Slimebound:LeechLife"],"picked":"SKIP","floor":20},{"not_picked":["Slimebound:ComboTackle","Slimebound:GrowthPunch","Slimebound:SplitBruiser"],"picked":"SKIP","floor":22},{"not_picked":["Slimebound:DuplicatedForm","Slimebound:ItLooksTasty","Slimebound:Equalize"],"picked":"SKIP","floor":24},{"not_picked":["Slimebound:SlimeSpikes","Slimebound:VenomTackle","Slimebound:Lick"],"picked":"SKIP","floor":28},{"not_picked":["Slimebound:FirmFortitude","Slimebound:PressTheAttack","Slimebound:Lick"],"picked":"SKIP","floor":31},{"not_picked":["Slimebound:LeechingTouch+1","Slimebound:LeechEnergy+1","Slimebound:SplitBruiser"],"picked":"SKIP","floor":35},{"not_picked":["Slimebound:TendrilStrike","Slimebound:PoisonLick"],"picked":"Slimebound:Lick+1","floor":37},{"not_picked":["Slimebound:SamplingLick+1","Slimebound:FlameTackle+1","Slimebound:ServeAndProtect"],"picked":"SKIP","floor":38},{"not_picked":["Slimebound:SlimeBrawl","Slimebound:PoisonLick+1","Slimebound:ViciousTackle+1"],"picked":"SKIP","floor":39},{"not_picked":["Slimebound:Lick","Slimebound:SlimeSpikes","Slimebound:DisruptingSlam"],"picked":"SKIP","floor":40},{"not_picked":["Slimebound:SplitBruiser","Slimebound:MegaLick+1","Slimebound:VenomTackle+1"],"picked":"SKIP","floor":41},{"not_picked":["Slimebound:GoopTackle","Slimebound:DivideAndConquer"],"picked":"Slimebound:LeadByExample+1","floor":47},{"not_picked":["Slimebound:SlimeTap","Slimebound:ComboTackle","Slimebound:SplitLeeching"],"picked":"SKIP","floor":54}],"player_experience":784848,"relics_obtained":[{"floor":7,"key":"Art of War"},{"floor":9,"key":"Replay:Rubber Ducky"},{"floor":13,"key":"Slimebound:SlimedTailRelic"},{"floor":26,"key":"Oddly Smooth Stone"},{"floor":28,"key":"Potion Belt"},{"floor":31,"key":"BelialBook"},{"floor":37,"key":"PokeGo"},{"floor":41,"key":"Sundial"},{"floor":45,"key":"Grinning Jar"},{"floor":46,"key":"Slimebound:StudyCardRelic"},{"floor":54,"key":"Replay:Mystery Machine"}],"event_choices":[{"cards_removed":["Slimebound:Split"],"damage_healed":0,"gold_gain":0,"player_choice":"Took Card","damage_taken":0,"max_hp_gain":0,"max_hp_loss":0,"event_name":"NoteForYourself","floor":3,"gold_loss":0,"cards_obtained":["RitualDagger"]},{"damage_healed":0,"gold_gain":0,"player_choice":"Searched \u00272\u0027 times","damage_taken":0,"max_hp_gain":0,"max_hp_loss":0,"event_name":"Dead Adventurer","floor":7,"gold_loss":0},{"cards_removed":["Slimebound:Tackle"],"damage_healed":0,"gold_gain":0,"player_choice":"Card Removal","damage_taken":0,"max_hp_gain":0,"max_hp_loss":0,"event_name":"The Cleric","floor":10,"gold_loss":50},{"damage_healed":0,"gold_gain":0,"player_choice":"Became a Ghost","damage_taken":0,"max_hp_gain":0,"max_hp_loss":42,"event_name":"Ghosts","floor":19,"gold_loss":0,"cards_obtained":["Ghostly","Ghostly","Ghostly","Ghostly","Ghostly"]},{"damage_healed":0,"gold_gain":0,"player_choice":"Paid","damage_taken":0,"relics_obtained":["Red Mask"],"max_hp_gain":0,"max_hp_loss":0,"event_name":"Tomb of Lord Red Mask","floor":36,"gold_loss":201},{"damage_healed":0,"gold_gain":0,"player_choice":"Fight","damage_taken":0,"max_hp_gain":0,"max_hp_loss":0,"event_name":"MindBloom","floor":37,"gold_loss":0},{"cards_removed":["hubris:Wrath"],"damage_healed":0,"gold_gain":0,"player_choice":"Removed Attack","damage_taken":0,"max_hp_gain":0,"max_hp_loss":0,"event_name":"Falling","floor":44,"gold_loss":0}],"is_beta":false,"boss_relics":[{"not_picked":["hubris:CrackedHourglass","Runic Dome"],"picked":"hubris:RunicObelisk"},{"not_picked":[]},{"not_picked":["hubris:Backtick","hubris:TerracottaHorce"],"picked":"Kintsugi"},{"not_picked":[]}],"items_purged_floors":[30,48],"is_endless":false,"potions_floor_spawned":[1,5,7,13,18,22,31,33,37,38,46,54],"killed_by":"Delirium","ascension_level":0}