{"gold_per_floor":[111,61,80,80,5,34,34,53,78,112,125,136,136,148,148,148],"floor_reached":16,"playtime":517,"items_purged":["Regret"],"score":112,"play_id":"bd1d3b11-8ed2-4994-993b-582d574d650b","local_time":"20190122194319","is_ascension_mode":false,"campfire_choices":[{"floor":13,"key":"REST"},{"floor":15,"key":"REST"}],"neow_cost":"NONE","seed_source_timestamp":149076650026681,"circlet_count":0,"master_deck":["Strike_R","Strike_R","Defend_R","Defend_R","Defend_R","Bash","Warcry+1","Spot Weakness+1","Wild Strike+1","Body Slam","Evolve+1","Clash"],"relics":["Astrolabe","Strawberry","Bag of Preparation","Red Skull","Happy Flower"],"potions_floor_usage":[6,10,12,16],"damage_taken":[{"damage":6,"enemies":"Jaw Worm","floor":1,"turns":2},{"damage":0,"enemies":"2 Louse","floor":3,"turns":2},{"damage":38,"enemies":"Gremlin Nob","floor":6,"turns":4},{"damage":0,"enemies":"Cultist","floor":8,"turns":2},{"damage":36,"enemies":"Lagavulin","floor":10,"turns":5},{"damage":10,"enemies":"Large Slime","floor":11,"turns":5},{"damage":0,"enemies":"Looter","floor":12,"turns":2},{"damage":8,"enemies":"Lots of Slimes","floor":14,"turns":3},{"damage":50,"enemies":"Hexaghost","floor":16,"turns":9}],"seed_played":"-6682769816595506248","potions_obtained":[{"floor":3,"key":"Regen Potion"},{"floor":8,"key":"Swift Potion"},{"floor":11,"key":"Swift Potion"},{"floor":14,"key":"SteroidPotion"}],"is_trial":false,"path_per_floor":["M","?","M","?","$","E","?","M","T","E","M","M","R","M","R","B"],"character_chosen":"IRONCLAD","items_purchased":[],"campfire_rested":2,"item_purchase_floors":[],"current_hp_per_floor":[74,74,74,81,81,52,52,52,52,16,6,6,32,24,50,0],"gold":148,"neow_bonus":"BOSS_RELIC","is_prod":false,"is_daily":false,"chose_seed":false,"campfire_upgraded":0,"win_rate":0,"timestamp":1548204199,"path_taken":["M","?","M","?","?","E","?","M","T","E","?","M","R","M","R","BOSS"],"build_version":"2019-01-17v2","purchased_purges":1,"victory":false,"max_hp_per_floor":[80,80,80,87,87,87,87,87,87,87,87,87,87,87,87,87],"card_choices":[{"not_picked":["Warcry","Clothesline","Anger"],"picked":"SKIP","floor":1},{"not_picked":["Warcry","Battle Trance"],"picked":"Body Slam","floor":3},{"not_picked":["Flex","Headbutt"],"picked":"Evolve","floor":6},{"not_picked":["Perfected Strike","Dual Wield","Battle Trance"],"picked":"SKIP","floor":8},{"not_picked":["Flex","Warcry","Searing Blow"],"picked":"SKIP","floor":10},{"not_picked":["Warcry","Fire Breathing","Dual Wield"],"picked":"SKIP","floor":11},{"not_picked":["Iron Wave","Feed","Armaments"],"picked":"SKIP","floor":12},{"not_picked":["Perfected Strike","Twin Strike"],"picked":"Clash","floor":14}],"player_experience":568501,"relics_obtained":[{"floor":6,"key":"Bag of Preparation"},{"floor":9,"key":"Red Skull"},{"floor":10,"key":"Happy Flower"}],"event_choices":[{"cards_removed":["Strike_R"],"damage_healed":0,"gold_gain":0,"player_choice":"Card Removal","damage_taken":0,"max_hp_gain":0,"max_hp_loss":0,"event_name":"The Cleric","floor":2,"gold_loss":50},{"damage_healed":0,"gold_gain":0,"player_choice":"Box","damage_taken":0,"relics_obtained":["Strawberry"],"max_hp_gain":0,"max_hp_loss":0,"event_name":"Big Fish","floor":4,"gold_loss":0,"cards_obtained":["Regret"]},{"damage_healed":0,"gold_gain":0,"player_choice":"Upgraded","damage_taken":0,"max_hp_gain":0,"max_hp_loss":0,"event_name":"Upgrade Shrine","floor":7,"gold_loss":0,"cards_upgraded":["Evolve"]}],"is_beta":false,"boss_relics":[],"items_purged_floors":[5],"is_endless":false,"potions_floor_spawned":[3,8,11,14],"killed_by":"Hexaghost","ascension_level":0}