{"gold_per_floor":[117,117,134,152,171,171,181,181,263,263,280,294,309,320,320,417,417,432,531,531],"floor_reached":20,"playtime":1877,"items_purged":[],"score":170,"play_id":"a006d351-ea45-49aa-9cee-d526113893f5","local_time":"20180905001631","is_ascension_mode":false,"campfire_choices":[{"data":"Tempest","floor":6,"key":"SMITH"},{"data":"Chaos","floor":8,"key":"SMITH"},{"floor":15,"key":"REST"}],"neow_cost":"","seed_source_timestamp":376612763097000,"circlet_count":0,"master_deck":["Strike_B","Strike_B","Strike_B","Strike_B","Defend_B+1","Defend_B","Defend_B","Defend_B","Zap","Dualcast+1","Coolheaded+1","Chaos+1","Tempest+1","Stack","Conserve Battery","Cold Snap","Loop","Cold Snap","Conserve Battery","Creative AI","Self Repair"],"relics":["Cracked Core","Meat on the Bone","Sozu"],"potions_floor_usage":[5,7,13,13,18],"damage_taken":[{"damage":0,"enemies":"Small Slimes","floor":1,"turns":4},{"damage":1,"enemies":"Jaw Worm","floor":3,"turns":4},{"damage":0,"enemies":"Cultist","floor":4,"turns":4},{"damage":6,"enemies":"Large Slime","floor":5,"turns":8},{"damage":18,"enemies":"Gremlin Gang","floor":7,"turns":6},{"damage":3,"enemies":"Red Slaver","floor":11,"turns":3},{"damage":6,"enemies":"2 Fungi Beasts","floor":12,"turns":3},{"damage":3,"enemies":"Looter","floor":13,"turns":3},{"damage":2,"enemies":"Large Slime","floor":14,"turns":4},{"damage":27,"enemies":"The Guardian","floor":16,"turns":14},{"damage":23,"enemies":"3 Byrds","floor":18,"turns":4},{"damage":20,"enemies":"Colosseum Slavers","floor":20,"turns":5},{"damage":52,"enemies":"Colosseum Nobs","floor":20,"turns":3}],"seed_played":"7566771734014579047","potions_obtained":[{"floor":4,"key":"Fruit Juice"},{"floor":5,"key":"Regen Potion"},{"floor":7,"key":"Strength Potion"},{"floor":12,"key":"Regen Potion"},{"floor":16,"key":"SkillPotion"}],"is_trial":false,"path_per_floor":["M","?","M","M","M","R","M","R","T","?","M","M","M","M","R","B",null,"M","?"],"character_chosen":"DEFECT","items_purchased":[],"campfire_rested":1,"item_purchase_floors":[],"current_hp_per_floor":[75,60,59,59,58,58,55,55,55,55,52,46,52,50,74,47,80,64,64,0],"gold":531,"neow_bonus":"","is_prod":false,"is_daily":false,"chose_seed":false,"campfire_upgraded":2,"win_rate":0.0,"timestamp":1536099391,"path_taken":["M","?","M","M","M","R","?","R","T","?","M","M","M","M","R","BOSS","M","?","?"],"build_version":"2018-08-30","purchased_purges":0,"victory":false,"max_hp_per_floor":[75,75,75,75,80,80,80,80,80,80,80,80,80,80,80,80,80,80,80,80],"card_choices":[{"not_picked":["Hologram","Beam Cell"],"picked":"Coolheaded","floor":1},{"not_picked":["Go for the Eyes","Hologram"],"picked":"Chaos","floor":3},{"not_picked":["Melter","Go for the Eyes"],"picked":"Tempest","floor":4},{"not_picked":["Darkness","Auto Shields"],"picked":"Stack","floor":5},{"not_picked":["Redo","Storm"],"picked":"Conserve Battery","floor":7},{"not_picked":["Conserve Battery","FTL"],"picked":"Cold Snap","floor":11},{"not_picked":["Cold Snap","Aggregate"],"picked":"Loop","floor":12},{"not_picked":["Streamline","Conserve Battery"],"picked":"Cold Snap","floor":13},{"not_picked":["Darkness","Seek"],"picked":"Conserve Battery","floor":14},{"not_picked":["Rainbow","Fission"],"picked":"Creative AI","floor":16},{"not_picked":["Compile Driver","Steam Power"],"picked":"Self Repair","floor":18}],"player_experience":106840,"relics_obtained":[{"floor":9,"key":"Meat on the Bone"}],"event_choices":[{"event_name":"Shining Light","player_choice":"Entered Light","floor":2,"damage_taken":0},{"event_name":"Upgrade Shrine","player_choice":"Upgraded","floor":10,"damage_taken":0},{"event_name":"Nest","player_choice":"Stole From Cult","floor":19,"damage_taken":0},{"event_name":"Colosseum","player_choice":"Fight","floor":20,"damage_taken":0},{"event_name":"Colosseum","player_choice":"Fought Nobs","floor":20,"damage_taken":0}],"is_beta":false,"boss_relics":[{"not_picked":["Inserter","White Beast Statue"],"picked":"Sozu"}],"items_purged_floors":[],"is_endless":false,"potions_floor_spawned":[4,5,7,12,16,20],"killed_by":"Colosseum Nobs","ascension_level":0}