{"path_per_floor":["M","M","?","M","M","R","E","M","T","?","R","M","R","E","R"],"character_chosen":"DEFECT","items_purchased":[],"gold_per_floor":[111,123,123,142,154,154,183,198,198,198,198,216,216,241,241,241],"floor_reached":16,"campfire_rested":1,"playtime":601,"current_hp_per_floor":[66,66,63,63,54,54,32,32,32,32,32,32,32,16,36,0],"items_purged":[],"gold":241,"score":157,"play_id":"97607271-2b23-48d3-9379-79a96f9aeeb7","local_time":"20180518230142","is_prod":false,"is_daily":false,"chose_seed":false,"is_ascension_mode":true,"campfire_upgraded":3,"timestamp":1526677302,"campfire_choices":[{"data":"Zap","floor":6,"key":"SMITH"},{"data":"Stack","floor":11,"key":"SMITH"},{"data":"Stack","floor":13,"key":"SMITH"},{"floor":15,"key":"REST"}],"path_taken":["M","M","?","M","M","R","E","M","T","?","R","M","R","E","R","BOSS"],"build_version":"2018-05-17","seed_source_timestamp":46287911084729,"purchased_purges":0,"victory":false,"master_deck":["Strike_B","Strike_B","Strike_B","Strike_B","Defend_B","Defend_B","Defend_B","Defend_B","Zap+1","Dualcast","Stack+1","Stack+1","Stack","Fission+1","Tempest","Capacitor","Hologram"],"max_hp_per_floor":[68,68,68,68,68,68,68,68,68,68,68,68,68,68,68,68],"relics":["Cracked Core","Ice Cream","Calipers","Thread and Needle","Sundial","Girya"],"card_choices":[{"not_picked":["Redo","Capacitor"],"picked":"Stack","floor":1},{"not_picked":["Hologram","Leap"],"picked":"Stack","floor":2},{"not_picked":["Cold Snap","Rebound"],"picked":"Stack","floor":4},{"not_picked":["Amplify","Heatsinks","Skim"],"picked":"SKIP","floor":5},{"not_picked":["Cold Snap","Genetic Algorithm"],"picked":"Fission","floor":7},{"not_picked":["Leap","Self Repair"],"picked":"Tempest","floor":8},{"not_picked":["Streamline","Axe Kick"],"picked":"Capacitor","floor":12},{"not_picked":["Cold Snap","Capacitor"],"picked":"Hologram","floor":14}],"player_experience":93665,"potions_floor_usage":[7,16],"damage_taken":[{"damage":2,"enemies":"Jaw Worm","floor":1,"turns":3},{"damage":0,"enemies":"Small Slimes","floor":2,"turns":3},{"damage":0,"enemies":"2 Louse","floor":4,"turns":3},{"damage":9,"enemies":"Blue Slaver","floor":5,"turns":4},{"damage":36,"enemies":"Gremlin Nob","floor":7,"turns":5},{"damage":0,"enemies":"Looter","floor":8,"turns":3},{"damage":0,"enemies":"2 Fungi Beasts","floor":12,"turns":4},{"damage":16,"enemies":"3 Sentries","floor":14,"turns":13},{"damage":45,"enemies":"Hexaghost","floor":16,"turns":14}],"relics_obtained":[{"floor":7,"key":"Thread and Needle"},{"floor":9,"key":"Sundial"},{"floor":14,"key":"Girya"}],"event_choices":[{"event_name":"Scrap Ooze","player_choice":"success","floor":3,"damage_taken":3},{"event_name":"Living Wall","player_choice":"Grow","floor":10,"damage_taken":0}],"boss_relics":[],"potions_floor_spawned":[1,7],"seed_played":"7881989385096614751","killed_by":"Hexaghost","ascension_level":8,"potions_obtained":[{"floor":1,"key":"Regen Potion"},{"floor":7,"key":"AttackPotion"}],"is_trial":false}