{"gold_per_floor":[110,35,51,71,71,71,104,104,104,119,119,119,119,151,151,254,254,267,278,0,0,0,0,19,19,75,95,95,112,112],"floor_reached":30,"playtime":1900,"items_purged":["Strike_B","Defend_B"],"score":357,"play_id":"60f4b24e-0c19-4c18-bfd5-99eabd5e9e5d","local_time":"20180917224604","is_ascension_mode":true,"campfire_choices":[{"floor":6,"key":"REST"},{"floor":8,"key":"REST"},{"floor":13,"key":"REST"},{"floor":15,"key":"REST"},{"floor":23,"key":"REST"},{"floor":25,"key":"REST"}],"neow_cost":"NONE","seed_source_timestamp":207556003022043,"circlet_count":0,"master_deck":["Defend_B+1","Defend_B+1","Zap","Dualcast+1","AscendersBane","Static Discharge","Gash","Gash","Gash","Storm","Beam Cell","Buffer","Auto Shields+1","Ball Lightning+1","Steam Power+1","Coolheaded+1","Steam","Static Discharge","Go for the Eyes"],"relics":["Cracked Core","Torii","Nunchaku","Bottled Tornado","Strawberry","Astrolabe","Bag of Preparation","Nilry\u0027s Codex","Tiny Chest"],"potions_floor_usage":[4,24,28,30],"damage_taken":[{"damage":0,"enemies":"2 Louse","floor":1,"turns":1},{"damage":2,"enemies":"Jaw Worm","floor":3,"turns":3},{"damage":5,"enemies":"Cultist","floor":4,"turns":4},{"damage":37,"enemies":"Gremlin Nob","floor":7,"turns":5},{"damage":12,"enemies":"Looter","floor":10,"turns":3},{"damage":22,"enemies":"3 Sentries","floor":14,"turns":4},{"damage":37,"enemies":"The Guardian","floor":16,"turns":8},{"damage":24,"enemies":"Spheric Guardian","floor":18,"turns":4},{"damage":5,"enemies":"3 Byrds","floor":19,"turns":3},{"damage":9,"enemies":"Snecko","floor":24,"turns":6},{"damage":16,"enemies":"Snake Plant","floor":27,"turns":3},{"damage":27,"enemies":"Colosseum Slavers","floor":28,"turns":3},{"damage":22,"enemies":"Shelled Parasite and Fungi","floor":29,"turns":3},{"damage":9,"enemies":"Snecko","floor":30,"turns":6}],"seed_played":"-3168952523017611620","potions_obtained":[{"floor":1,"key":"Explosive Potion"},{"floor":3,"key":"Ancient Potion"},{"floor":16,"key":"EssenceOfSteel"},{"floor":29,"key":"Weak Potion"}],"is_trial":false,"path_per_floor":["M","$","M","M","?","R","E","R","T","M","?","T","R","E","R","B",null,"M","M","$","?","$","R","M","R","T","M","?","M"],"character_chosen":"DEFECT","items_purchased":["Static Discharge","Bag of Preparation"],"campfire_rested":6,"item_purchase_floors":[20,20],"current_hp_per_floor":[68,68,66,61,54,75,38,60,60,48,33,33,55,40,64,27,68,44,39,39,23,23,47,45,69,69,53,26,4,0],"gold":112,"neow_bonus":"UPGRADE_CARD","is_prod":false,"is_daily":false,"chose_seed":false,"campfire_upgraded":0,"win_rate":0,"timestamp":1537217164,"path_taken":["M","$","M","M","?","R","E","R","T","M","?","?","R","E","R","BOSS","M","?","$","?","$","R","M","R","T","?","?","M","M"],"build_version":"2018-09-06","purchased_purges":2,"victory":false,"max_hp_per_floor":[75,75,75,75,75,75,75,75,75,75,75,75,75,82,82,82,82,82,82,82,82,82,82,82,82,82,82,82,82,82],"card_choices":[{"not_picked":["Force Field","Turbo"],"picked":"Static Discharge","floor":1},{"not_picked":["Tempest","Fusion"],"picked":"Gash","floor":3},{"not_picked":["BootSequence","Coolheaded"],"picked":"Gash","floor":4},{"not_picked":["Beam Cell","Coolheaded"],"picked":"Gash","floor":7},{"not_picked":["Turbo","Compile Driver"],"picked":"Storm","floor":10},{"not_picked":["Ball Lightning","Rebound"],"picked":"Beam Cell","floor":14},{"not_picked":["Rainbow","Core Surge"],"picked":"Buffer","floor":16},{"not_picked":["Conserve Battery","Stack"],"picked":"Coolheaded+1","floor":18},{"not_picked":["Barrage","Turbo+1"],"picked":"Steam","floor":19},{"not_picked":["FTL","Chaos","Leap"],"picked":"SKIP","floor":24},{"not_picked":["Steam","Fission","Redo"],"picked":"SKIP","floor":27},{"not_picked":["Coolheaded","Turbo"],"picked":"Go for the Eyes","floor":29}],"player_experience":308407,"relics_obtained":[{"floor":7,"key":"Torii"},{"floor":9,"key":"Nunchaku"},{"floor":12,"key":"Bottled Tornado"},{"floor":14,"key":"Strawberry"},{"floor":21,"key":"Nilry\u0027s Codex"},{"floor":26,"key":"Tiny Chest"}],"event_choices":[{"event_name":"Golden Wing","player_choice":"Card Removal","floor":5,"damage_taken":0},{"event_name":"Shining Light","player_choice":"Entered Light","floor":11,"damage_taken":0},{"event_name":"Cursed Tome","player_choice":"Obtained Book","floor":21,"damage_taken":0},{"event_name":"Colosseum","player_choice":"Fight","floor":28,"damage_taken":0},{"event_name":"Colosseum","player_choice":"Fled From Nobs","floor":28,"damage_taken":0}],"is_beta":false,"boss_relics":[{"not_picked":["Velvet Choker","White Beast Statue"],"picked":"Astrolabe"}],"items_purged_floors":[2,20],"is_endless":false,"potions_floor_spawned":[1,3,16,28,29],"killed_by":"Snecko","ascension_level":10}