{"gold_per_floor":[210,160,160,6,20,37,52,63,138,114,114,132,146,160,160,255,255,267,281,301,312,133,159,159,177,177,177,196,215,228,35,35,35],"floor_reached":33,"playtime":2106,"items_purged":["Strike_B","Strike_B","Strike_B"],"score":452,"play_id":"dc5ae0a4-41e6-4db0-bcd9-28f24fb0841b","local_time":"20180919203823","is_ascension_mode":true,"campfire_choices":[{"floor":11,"key":"REST"},{"data":"1","floor":15,"key":"LIFT"},{"floor":27,"key":"REST"},{"floor":32,"key":"REST"}],"neow_cost":"NONE","seed_source_timestamp":372505859722995,"circlet_count":0,"master_deck":["Defend_B","Defend_B","Defend_B","Defend_B","Zap","Dualcast","AscendersBane","Ball Lightning","Glacier","Ball Lightning","Conserve Battery","Melter","Electrodynamics","Defragment","Reinforced Body","Cold Snap+1","Cold Snap","Defragment","Conserve Battery","Ghostly","Ghostly","Ghostly","Ghostly","Ghostly","Reprogram","Ball Lightning+1","Self Repair","Capacitor"],"relics":["Cracked Core","Girya","Dodecahedron","Nuclear Battery","Oddly Smooth Stone","Thread and Needle"],"potions_floor_usage":[8,16,16,23,28,30,33],"damage_taken":[{"damage":0,"enemies":"Jaw Worm","floor":1,"turns":3},{"damage":1,"enemies":"Small Slimes","floor":5,"turns":4},{"damage":7,"enemies":"2 Louse","floor":6,"turns":2},{"damage":0,"enemies":"Blue Slaver","floor":7,"turns":4},{"damage":0,"enemies":"Red Slaver","floor":8,"turns":4},{"damage":1,"enemies":"Looter","floor":12,"turns":4},{"damage":15,"enemies":"3 Louse","floor":13,"turns":3},{"damage":1,"enemies":"2 Fungi Beasts","floor":14,"turns":3},{"damage":48,"enemies":"Hexaghost","floor":16,"turns":11},{"damage":9,"enemies":"2 Thieves","floor":18,"turns":4},{"damage":10,"enemies":"3 Byrds","floor":19,"turns":4},{"damage":0,"enemies":"3 Cultists","floor":20,"turns":3},{"damage":0,"enemies":"Shelled Parasite and Fungi","floor":21,"turns":7},{"damage":33,"enemies":"Book of Stabbing","floor":23,"turns":6},{"damage":1,"enemies":"Cultist and Chosen","floor":25,"turns":8},{"damage":0,"enemies":"Snecko","floor":28,"turns":7},{"damage":0,"enemies":"Snake Plant","floor":29,"turns":4},{"damage":0,"enemies":"3 Cultists","floor":30,"turns":5},{"damage":30,"enemies":"Collector","floor":33,"turns":9}],"seed_played":"940964837709437721","potions_obtained":[{"floor":5,"key":"Strength Potion"},{"floor":7,"key":"Ancient Potion"},{"floor":13,"key":"Fire Potion"},{"floor":18,"key":"Strength Potion"},{"floor":25,"key":"EssenceOfSteel"},{"floor":29,"key":"Poison Potion"},{"floor":30,"key":"Fire Potion"}],"is_trial":false,"path_per_floor":["M","?","?","$","M","M","M","M","T","?","R","M","M","M","R","B",null,"M","M","M","M","$","E","?","M","T","R","M","M","M","$","R"],"character_chosen":"DEFECT","items_purchased":["Glacier","Defragment","Capacitor"],"campfire_rested":3,"item_purchase_floors":[4,22,31],"current_hp_per_floor":[68,68,56,56,55,48,48,48,48,48,70,69,54,53,53,5,58,49,39,39,39,39,6,6,5,5,16,16,16,16,16,27,0],"gold":35,"neow_bonus":"HUNDRED_GOLD","is_prod":false,"is_daily":false,"chose_seed":false,"campfire_upgraded":0,"win_rate":0,"timestamp":1537382303,"path_taken":["M","?","?","$","?","M","M","M","T","?","R","M","?","M","R","BOSS","M","?","M","M","$","E","?","M","T","R","M","M","M","?","R","BOSS"],"build_version":"2018-09-06","purchased_purges":3,"victory":false,"max_hp_per_floor":[75,75,75,75,75,75,75,75,75,75,75,75,75,75,75,75,75,75,75,75,75,75,75,37,37,37,37,37,37,37,37,37,37],"card_choices":[{"not_picked":["Compile Driver","Conserve Battery"],"picked":"Ball Lightning","floor":1},{"not_picked":["Rebound","Coolheaded"],"picked":"Ball Lightning","floor":5},{"not_picked":["Chill","Sweeping Beam"],"picked":"Conserve Battery","floor":6},{"not_picked":["Go for the Eyes","Stack","Reprogram"],"picked":"SKIP","floor":7},{"not_picked":["Compile Driver","Redo"],"picked":"Melter","floor":8},{"not_picked":["Compile Driver","Lockon","Go for the Eyes"],"picked":"SKIP","floor":12},{"not_picked":["Reprogram","Beam Cell","Machine Learning"],"picked":"SKIP","floor":13},{"not_picked":["Sweeping Beam","Storm","Coolheaded"],"picked":"SKIP","floor":14},{"not_picked":["All For One","Reboot"],"picked":"Electrodynamics","floor":16},{"not_picked":["Gash","Turbo"],"picked":"Defragment","floor":18},{"not_picked":["Streamline","Hello World"],"picked":"Reinforced Body","floor":19},{"not_picked":["Doom and Gloom+1","Gash"],"picked":"Cold Snap+1","floor":20},{"not_picked":["Sweeping Beam","Stack"],"picked":"Cold Snap","floor":21},{"not_picked":["Rebound","Hyperbeam"],"picked":"Conserve Battery","floor":23},{"not_picked":["Redo","Recycle"],"picked":"Reprogram","floor":25},{"not_picked":["Conserve Battery","Chill","Ball Lightning"],"picked":"SKIP","floor":28},{"not_picked":["Sweeping Beam","Hello World"],"picked":"Ball Lightning+1","floor":29},{"not_picked":["Darkness","All For One"],"picked":"Self Repair","floor":30}],"player_experience":425476,"relics_obtained":[{"floor":9,"key":"Dodecahedron"},{"floor":23,"key":"Oddly Smooth Stone"},{"floor":26,"key":"Thread and Needle"}],"event_choices":[{"event_name":"The Cleric","player_choice":"Card Removal","floor":2,"damage_taken":0},{"event_name":"Scrap Ooze","player_choice":"success","floor":3,"damage_taken":12},{"event_name":"World of Goop","player_choice":"Left","floor":10,"damage_taken":0},{"event_name":"Ghosts","player_choice":"Became a Ghost","floor":24,"damage_taken":0}],"is_beta":false,"boss_relics":[{"not_picked":["Runic Dome","Black Star"],"picked":"Nuclear Battery"}],"items_purged_floors":[4,22,31],"is_endless":false,"potions_floor_spawned":[5,7,13,14,18,25,29,30],"killed_by":"Collector","ascension_level":12}