{"path_per_floor":["M","M","M","?","M","R","$","R","T","R","M","E","?","M","R","B",null,"M","M","M"],"character_chosen":"THE_SILENT","items_purchased":[],"gold_per_floor":[114,129,144,144,159,159,84,84,84,84,99,129,129,148,148,273,273,292,311,330,330],"floor_reached":21,"campfire_rested":0,"playtime":1111,"item_purchase_floors":[],"current_hp_per_floor":[70,70,70,70,68,68,68,68,68,68,68,64,47,47,47,70,70,68,63,49,45],"items_purged":["Regret"],"gold":330,"score":233,"play_id":"948f6af3-fe29-4081-a6f5-78ecf31de3d9","local_time":"20180605223054","daily_mods":["Allstar","Binary","Night Terrors"],"is_prod":false,"is_daily":true,"chose_seed":false,"is_ascension_mode":false,"campfire_upgraded":4,"win_rate":0,"timestamp":1528263054,"campfire_choices":[{"data":"Apotheosis","floor":6,"key":"SMITH"},{"data":"Magnetism","floor":8,"key":"SMITH"},{"data":"Blind","floor":10,"key":"SMITH"},{"data":"Malaise","floor":15,"key":"SMITH"}],"path_taken":["M","M","M","?","?","R","$","R","T","R","M","E","?","M","R","BOSS","M","?","M","M"],"build_version":"2018-05-31","seed_source_timestamp":0,"purchased_purges":1,"victory":false,"master_deck":["Defend_G","Defend_G","Defend_G","Defend_G","Defend_G","Strike_G","Strike_G","Strike_G","Strike_G","Strike_G","Survivor","Neutralize","Secret Technique","Apotheosis+1","Magnetism+1","Good Instincts","Blind+1","Dagger Spray","Quick Slash","Malaise+1","Heel Hook","Crippling Poison","Burst","Parasite","Parasite","Parasite","Quick Slash"],"max_hp_per_floor":[70,70,70,70,70,70,70,70,70,70,70,70,70,70,70,70,70,70,70,70,70],"relics":["Ring of the Snake","Pantograph","Letter Opener","Happy Flower","Golden Idol","Calling Bell","Lantern","Paper Crane","Dead Branch"],"card_choices":[{"not_picked":["Dodge and Roll"],"picked":"Dagger Spray","floor":1},{"not_picked":["Flying Knee"],"picked":"Quick Slash","floor":2},{"not_picked":["Well Laid Plans"],"picked":"Malaise","floor":3},{"not_picked":["Outmaneuver"],"picked":"Heel Hook","floor":5},{"not_picked":["Dagger Throw"],"picked":"Crippling Poison","floor":11},{"not_picked":["Deflect","Distraction"],"picked":"SKIP","floor":12},{"not_picked":["Calculated Gamble","Poisoned Stab"],"picked":"SKIP","floor":14},{"not_picked":["Night Terror"],"picked":"Burst","floor":16},{"not_picked":["Blade Dance","Concentrate"],"picked":"SKIP","floor":18},{"not_picked":["PiercingWail","Deadly Poison"],"picked":"SKIP","floor":19},{"not_picked":["Acrobatics"],"picked":"Quick Slash","floor":20}],"player_experience":302751,"potions_floor_usage":[16,16,20,20],"damage_taken":[{"damage":0,"enemies":"2 Louse","floor":1,"turns":4},{"damage":0,"enemies":"Small Slimes","floor":2,"turns":4},{"damage":0,"enemies":"Cultist","floor":3,"turns":4},{"damage":2,"enemies":"Exordium Wildlife","floor":5,"turns":4},{"damage":0,"enemies":"Large Slime","floor":11,"turns":4},{"damage":4,"enemies":"3 Sentries","floor":12,"turns":4},{"damage":0,"enemies":"Red Slaver","floor":14,"turns":3},{"damage":0,"enemies":"Hexaghost","floor":16,"turns":8},{"damage":2,"enemies":"Shell Parasite","floor":18,"turns":10},{"damage":5,"enemies":"2 Thieves","floor":19,"turns":4},{"damage":14,"enemies":"Cultist and Chosen","floor":20,"turns":9},{"damage":4,"enemies":"Centurion and Healer","floor":21,"turns":1}],"relics_obtained":[{"floor":9,"key":"Letter Opener"},{"floor":12,"key":"Happy Flower"},{"floor":17,"key":"Lantern"},{"floor":17,"key":"Paper Crane"},{"floor":17,"key":"Dead Branch"}],"event_choices":[{"event_name":"Big Fish","player_choice":"Box","floor":4,"damage_taken":0},{"event_name":"Golden Idol","player_choice":"Take Damage","floor":13,"damage_taken":0}],"boss_relics":[{"not_picked":["Eternal Feather","Black Star"],"picked":"Calling Bell"}],"items_purged_floors":[7],"potions_floor_spawned":[3,5,11,14,18,20],"seed_played":"-7143404662059475798","killed_by":"Centurion and Healer","ascension_level":0,"potions_obtained":[{"floor":3,"key":"Ancient Potion"},{"floor":5,"key":"GhostInAJar"},{"floor":11,"key":"Poison Potion"},{"floor":14,"key":"Poison Potion"},{"floor":18,"key":"FearPotion"},{"floor":20,"key":"GhostInAJar"}],"is_trial":false}