{"gold_per_floor":[118,138,138,154,329,364,364,379,379,379,379,399,399,413,413,413],"floor_reached":16,"playtime":677,"items_purged":[],"score":102,"play_id":"1de4af13-a64e-4fe2-b65d-daf87f51b1ec","local_time":"20180715234910","is_ascension_mode":false,"campfire_choices":[{"floor":7,"key":"REST"},{"floor":10,"key":"REST"},{"floor":13,"key":"REST"},{"floor":15,"key":"REST"}],"neow_cost":"NONE","seed_source_timestamp":430310637138795,"circlet_count":0,"master_deck":["Strike_R","Strike_R","Strike_R","Strike_R","Strike_R","Defend_R","Defend_R","Defend_R","Defend_R","Bash","Heavy Blade","Armaments","Injury","Rupture","Doubt","Flex","Pommel Strike","Normality","Double Tap","Perfected Strike"],"relics":["Burning Blood","Golden Idol","Darkstone Periapt","Magic Flower","Calipers"],"potions_floor_usage":[6,6],"damage_taken":[{"damage":7,"enemies":"Small Slimes","floor":1,"turns":4},{"damage":6,"enemies":"Jaw Worm","floor":2,"turns":3},{"damage":0,"enemies":"2 Louse","floor":4,"turns":2},{"damage":75,"enemies":"Lagavulin","floor":6,"turns":10},{"damage":34,"enemies":"Exordium Thugs","floor":8,"turns":7},{"damage":12,"enemies":"2 Fungi Beasts","floor":12,"turns":4},{"damage":68,"enemies":"Gremlin Gang","floor":14,"turns":10},{"damage":46,"enemies":"The Guardian","floor":16,"turns":8}],"seed_played":"327422245299037107","potions_obtained":[{"floor":12,"key":"SpeedPotion"}],"is_trial":false,"path_per_floor":["M","M","?","M","?","E","R","M","T","R","?","M","R","M","R"],"character_chosen":"IRONCLAD","items_purchased":[],"campfire_rested":4,"item_purchase_floors":[],"current_hp_per_floor":[79,79,79,80,80,19,43,15,15,39,45,42,67,21,46,0],"gold":413,"neow_bonus":"THREE_SMALL_POTIONS","is_prod":false,"is_daily":false,"chose_seed":false,"campfire_upgraded":0,"win_rate":0.0,"timestamp":1531691350,"path_taken":["M","M","?","M","?","E","R","M","T","R","?","?","R","M","R","BOSS"],"build_version":"2018-07-12","purchased_purges":0,"victory":false,"max_hp_per_floor":[80,80,80,80,80,80,80,80,80,80,86,86,86,86,86,86],"card_choices":[{"not_picked":["Pommel Strike","True Grit"],"picked":"Heavy Blade","floor":1},{"not_picked":["Cleave","Headbutt"],"picked":"Armaments","floor":2},{"not_picked":["Uppercut","Pommel Strike"],"picked":"Rupture","floor":4},{"not_picked":["Body Slam","Whirlwind"],"picked":"Flex","floor":6},{"not_picked":["Warcry","Wild Strike"],"picked":"Pommel Strike","floor":8},{"not_picked":["Thunderclap","Headbutt"],"picked":"Double Tap","floor":12},{"not_picked":["Pommel Strike","Sword Boomerang"],"picked":"Perfected Strike","floor":14}],"player_experience":57376,"relics_obtained":[{"floor":6,"key":"Darkstone Periapt"},{"floor":9,"key":"Magic Flower"}],"event_choices":[{"event_name":"Golden Idol","player_choice":"Take Wound","floor":3,"damage_taken":0},{"event_name":"Liars Game","player_choice":"agreed","floor":5,"damage_taken":0},{"event_name":"Accursed Blacksmith","player_choice":"Rummage","floor":11,"damage_taken":0}],"boss_relics":[],"items_purged_floors":[],"is_endless":false,"potions_floor_spawned":[4,12],"killed_by":"The Guardian","ascension_level":0}