{"gold_per_floor":[114,129,129,129,54,54,84,99,124,154,54,69,69,84,84,184,184,199,74,89,89,104,134,134,134,134,134,164,172,187,202,202,302,332,347,347,362,362,377,377,407,419,506,548,575,87,102,117,117,117],"floor_reached":51,"playtime":3668,"items_purged":["Fiend Fire","Fiend Fire","Fiend Fire","Shame"],"score":732,"play_id":"b8b4c1b9-2c1d-420e-9473-2e6edf98c4f5","local_time":"20181022232558","daily_mods":["Specialized","Time Dilation","Night Terrors"],"is_ascension_mode":false,"campfire_choices":[{"data":"Bash","floor":6,"key":"SMITH"},{"data":"Armaments","floor":13,"key":"SMITH"},{"data":"Metallicize","floor":15,"key":"SMITH"},{"data":"Inflame","floor":25,"key":"SMITH"},{"floor":27,"key":"REST"},{"data":"Metallicize","floor":32,"key":"SMITH"},{"data":"Barricade","floor":40,"key":"SMITH"},{"floor":42,"key":"REST"},{"data":"Offering","floor":49,"key":"SMITH"}],"neow_cost":"","seed_source_timestamp":0,"circlet_count":0,"master_deck":["Strike_R","Strike_R","Strike_R","Strike_R","Defend_R","Defend_R","Defend_R","Defend_R","Bash+1","Shrug It Off","Iron Wave","Metallicize+1","Thunderclap","Offering+1","Armaments+1","Uppercut+1","Metallicize+1","Battle Trance+1","Inflame+1","Thunderclap+1","Clothesline+1","Barricade+1","Shame","Doubt","Iron Wave+1","Uppercut+1","Dropkick+1"],"special_seed":17827,"relics":["Burning Blood","PreservedInsect","Lantern","Self Forming Clay","Mark of Pain","Strawberry","Dodecahedron","Molten Egg 2","Red Mask","Calling Bell","Tiny Chest","Pear","Bird Faced Urn","Pocketwatch","MawBank","Kunai","Centennial Puzzle","OrangePellets","Boot"],"potions_floor_usage":[16,16,18,28,29,33,41,50,50,50],"damage_taken":[{"damage":8,"enemies":"Jaw Worm","floor":1,"turns":3},{"damage":1,"enemies":"2 Louse","floor":2,"turns":2},{"damage":14,"enemies":"Gremlin Nob","floor":7,"turns":3},{"damage":0,"enemies":"Small Slimes","floor":8,"turns":3},{"damage":6,"enemies":"3 Sentries","floor":10,"turns":9},{"damage":6,"enemies":"2 Fungi Beasts","floor":12,"turns":2},{"damage":6,"enemies":"Large Slime","floor":14,"turns":3},{"damage":28,"enemies":"Hexaghost","floor":16,"turns":10},{"damage":6,"enemies":"2 Thieves","floor":18,"turns":3},{"damage":22,"enemies":"Spheric Guardian","floor":20,"turns":4},{"damage":15,"enemies":"Centurion and Healer","floor":22,"turns":5},{"damage":17,"enemies":"Book of Stabbing","floor":23,"turns":4},{"damage":6,"enemies":"Gremlin Leader","floor":28,"turns":4},{"damage":2,"enemies":"Masked Bandits","floor":29,"turns":3},{"damage":6,"enemies":"Snake Plant","floor":30,"turns":2},{"damage":7,"enemies":"Snecko","floor":31,"turns":4},{"damage":66,"enemies":"Collector","floor":33,"turns":11},{"damage":13,"enemies":"3 Darklings","floor":35,"turns":9},{"damage":16,"enemies":"3 Shapes","floor":37,"turns":2},{"damage":6,"enemies":"Mind Bloom Boss Battle","floor":38,"turns":9},{"damage":37,"enemies":"Spire Growth","floor":39,"turns":6},{"damage":34,"enemies":"Reptomancer","floor":41,"turns":6},{"damage":33,"enemies":"Giant Head","floor":44,"turns":10},{"damage":6,"enemies":"4 Shapes","floor":45,"turns":4},{"damage":6,"enemies":"Maw","floor":47,"turns":7},{"damage":11,"enemies":"Transient","floor":48,"turns":5},{"damage":43,"enemies":"Awakened One","floor":50,"turns":15}],"seed_played":"6411126748383649417","potions_obtained":[{"floor":1,"key":"Dexterity Potion"},{"floor":7,"key":"Fire Potion"},{"floor":10,"key":"SpeedPotion"},{"floor":16,"key":"Dexterity Potion"},{"floor":23,"key":"Poison Potion"},{"floor":28,"key":"Poison Potion"},{"floor":29,"key":"SmokeBomb"},{"floor":31,"key":"Regen Potion"},{"floor":37,"key":"Strength Potion"},{"floor":38,"key":"Regen Potion"},{"floor":45,"key":"PowerPotion"}],"is_trial":false,"path_per_floor":["M","M","?","?","$","R","E","M","T","E","$","M","R","M","R","B",null,"M","$","M","?","M","E","?","R","T","R","E","?","M","M","R","B",null,"M","?","M","?","M","R","E","R","T","E","M","$","M","M","R","B"],"character_chosen":"IRONCLAD","items_purchased":["OrangePellets","Boot"],"campfire_rested":2,"item_purchase_floors":[46,46],"current_hp_per_floor":[78,80,80,73,73,73,65,71,71,71,71,71,71,71,71,49,80,80,80,64,64,55,51,51,51,51,82,82,82,82,81,81,21,92,92,92,88,92,67,67,47,87,87,66,72,72,80,83,83,87],"gold":117,"neow_bonus":"","is_prod":false,"is_daily":true,"chose_seed":false,"campfire_upgraded":7,"win_rate":0,"timestamp":1540275958,"path_taken":["M","M","?","?","$","R","E","?","T","E","?","M","R","M","R","BOSS","M","$","M","?","M","E","?","R","T","R","E","?","?","M","R","BOSS","M","?","M","?","M","R","E","R","T","E","M","$","M","M","R","BOSS"],"build_version":"2018-10-18","purchased_purges":4,"victory":true,"max_hp_per_floor":[80,80,80,80,80,80,80,80,80,80,80,80,80,80,80,80,80,80,80,80,80,80,87,87,87,87,82,82,82,82,82,82,82,92,92,92,92,92,92,92,92,87,87,87,87,87,87,87,87,87],"card_choices":[{"not_picked":["Body Slam","Flex"],"picked":"Shrug It Off","floor":1},{"not_picked":["Rupture","Body Slam"],"picked":"Iron Wave","floor":2},{"not_picked":["Immolate","Shrug It Off"],"picked":"Metallicize","floor":7},{"not_picked":["Entrench","Disarm"],"picked":"Thunderclap","floor":8},{"not_picked":["Clothesline","Thunderclap"],"picked":"Offering","floor":10},{"not_picked":["Body Slam","Flame Barrier"],"picked":"Armaments","floor":12},{"not_picked":["Clash","Heavy Blade"],"picked":"Dropkick","floor":14},{"not_picked":["Evolve","Clothesline"],"picked":"Uppercut+1","floor":18},{"not_picked":["Pommel Strike+1","Body Slam"],"picked":"Metallicize","floor":20},{"not_picked":["Cleave","Perfected Strike"],"picked":"Battle Trance+1","floor":22},{"not_picked":["Corruption","Dark Embrace"],"picked":"Inflame","floor":23},{"not_picked":["Rupture","Seeing Red+1"],"picked":"Thunderclap+1","floor":28},{"not_picked":["Feel No Pain","Armaments","Heavy Blade+1"],"picked":"SKIP","floor":30},{"not_picked":["Thunderclap+1","Armaments"],"picked":"Clothesline+1","floor":31},{"not_picked":["Bludgeon+1","Fiend Fire+1"],"picked":"Barricade","floor":33},{"not_picked":["Cleave+1","Corruption+1","Anger+1"],"picked":"SKIP","floor":35},{"not_picked":["Flex+1","Perfected Strike+1","Flame Barrier+1"],"picked":"SKIP","floor":37},{"not_picked":["Warcry+1","Perfected Strike+1","Rupture+1"],"picked":"SKIP","floor":39},{"not_picked":["Cleave+1","Rampage+1"],"picked":"Iron Wave+1","floor":41},{"not_picked":["Clash+1","True Grit"],"picked":"Uppercut+1","floor":44},{"not_picked":["Spot Weakness","Flex+1"],"picked":"Dropkick+1","floor":45},{"not_picked":["Flame Barrier+1","Perfected Strike+1","Body Slam+1"],"picked":"SKIP","floor":47},{"not_picked":["Searing Blow+1","Heavy Blade+1","Warcry+1"],"picked":"SKIP","floor":48}],"player_experience":511063,"relics_obtained":[{"floor":7,"key":"PreservedInsect"},{"floor":9,"key":"Lantern"},{"floor":10,"key":"Self Forming Clay"},{"floor":23,"key":"Strawberry"},{"floor":26,"key":"Dodecahedron"},{"floor":28,"key":"Molten Egg 2"},{"floor":29,"key":"Red Mask"},{"floor":34,"key":"Tiny Chest"},{"floor":34,"key":"Pear"},{"floor":34,"key":"Bird Faced Urn"},{"floor":38,"key":"Pocketwatch"},{"floor":41,"key":"MawBank"},{"floor":43,"key":"Kunai"},{"floor":44,"key":"Centennial Puzzle"}],"event_choices":[{"cards_removed":["Fiend Fire"],"damage_healed":0,"gold_gain":0,"player_choice":"Forget","damage_taken":0,"max_hp_gain":0,"max_hp_loss":0,"event_name":"Living Wall","floor":3,"gold_loss":0},{"cards_removed":["Fiend Fire"],"damage_healed":0,"gold_gain":0,"player_choice":"Card Removal","damage_taken":7,"max_hp_gain":0,"max_hp_loss":0,"event_name":"Golden Wing","floor":4,"gold_loss":0},{"damage_healed":0,"gold_gain":0,"player_choice":"Ignored","damage_taken":0,"max_hp_gain":0,"max_hp_loss":0,"event_name":"Ghosts","floor":21,"gold_loss":0},{"cards_removed":["Strike_R"],"damage_healed":0,"gold_gain":0,"player_choice":"Offered Basic","damage_taken":0,"max_hp_gain":0,"max_hp_loss":0,"event_name":"Bonfire Elementals","floor":24,"gold_loss":0},{"damage_healed":0,"gold_gain":0,"player_choice":"Fought Bandits","damage_taken":0,"max_hp_gain":0,"max_hp_loss":0,"event_name":"Masked Bandits","floor":29,"gold_loss":0},{"cards_removed":["Dropkick"],"damage_healed":0,"gold_gain":0,"player_choice":"Removed Attack","damage_taken":0,"max_hp_gain":0,"max_hp_loss":0,"event_name":"Falling","floor":36,"gold_loss":0},{"damage_healed":0,"gold_gain":0,"player_choice":"Fight","damage_taken":0,"max_hp_gain":0,"max_hp_loss":0,"event_name":"MindBloom","floor":38,"gold_loss":0}],"is_beta":false,"boss_relics":[{"not_picked":["Tiny House","Sozu"],"picked":"Mark of Pain"},{"not_picked":["Snecko Eye","Black Star"],"picked":"Calling Bell"}],"items_purged_floors":[5,11,19,46],"is_endless":false,"potions_floor_spawned":[1,7,10,16,23,28,29,31,37,38,45,47],"ascension_level":0}