{"gold_per_floor":[115,40,40,52,70,70,47,47,47,47,47,47,66,80,80,156,156,175,225,225,225,197,197,13,24,75,91,0,0,25,25],"floor_reached":31,"playtime":2826,"items_purged":["Strike_B","Decay"],"score":561,"play_id":"df4f5719-a7a2-4bd9-b408-da01b3cfe5e9","local_time":"20180924170544","is_ascension_mode":true,"campfire_choices":[{"floor":6,"key":"REST"},{"floor":8,"key":"REST"},{"data":"Zap","floor":10,"key":"SMITH"},{"floor":15,"key":"REST"},{"floor":23,"key":"REST"},{"floor":29,"key":"REST"}],"neow_cost":"","seed_source_timestamp":0,"circlet_count":0,"master_deck":["Strike_B","Strike_B","Defend_B","Defend_B","Defend_B","Defend_B","Zap+1","Dualcast+1","AscendersBane","Streamline","Steam","Darkness+1","Glacier+1","Auto Shields","Electrodynamics","Glacier","Sweeping Beam","Sunder","Redo+1","Steam+1","Loop+1"],"special_seed":0,"relics":["Cracked Core","Boot","Velvet Choker","Centennial Puzzle","Frozen Egg 2"],"potions_floor_usage":[13,16,25,27],"damage_taken":[{"damage":12,"enemies":"Small Slimes","floor":1,"turns":4},{"damage":2,"enemies":"2 Louse","floor":4,"turns":2},{"damage":0,"enemies":"Cultist","floor":5,"turns":3},{"damage":21,"enemies":"Exordium Thugs","floor":7,"turns":4},{"damage":0,"enemies":"Red Slaver","floor":13,"turns":2},{"damage":4,"enemies":"Blue Slaver","floor":14,"turns":4},{"damage":0,"enemies":"Slime Boss","floor":16,"turns":6},{"damage":12,"enemies":"Shell Parasite","floor":18,"turns":6},{"damage":12,"enemies":"2 Thieves","floor":22,"turns":4},{"damage":21,"enemies":"Snecko","floor":25,"turns":5},{"damage":1,"enemies":"3 Cultists","floor":27,"turns":4},{"damage":52,"enemies":"Slavers","floor":30,"turns":6},{"damage":26,"enemies":"Cultist and Chosen","floor":31,"turns":9}],"seed_played":"-2240238717561452682","potions_obtained":[{"floor":7,"key":"AttackPotion"},{"floor":13,"key":"PowerPotion"},{"floor":16,"key":"LiquidBronze"},{"floor":25,"key":"SteroidPotion"},{"floor":30,"key":"Energy Potion"}],"is_trial":false,"path_per_floor":["M","$","?","M","M","R","M","R","T","R","?","?","M","M","R","B",null,"M","?","?","?","M","R","$","M","T","M","?","R","E"],"character_chosen":"DEFECT","items_purchased":["Sunder"],"campfire_rested":5,"item_purchase_floors":[24],"current_hp_per_floor":[52,52,45,43,43,64,43,64,64,64,64,43,43,39,60,60,68,56,56,56,56,44,65,65,44,44,43,43,64,12,0],"gold":25,"neow_bonus":"","is_prod":false,"is_daily":false,"chose_seed":false,"campfire_upgraded":1,"win_rate":0,"timestamp":1537801544,"path_taken":["M","$","?","?","M","R","M","R","T","R","?","?","M","?","R","BOSS","M","?","?","?","M","R","$","M","T","M","?","R","E","M"],"build_version":"2018-09-20","purchased_purges":2,"victory":false,"max_hp_per_floor":[71,71,71,71,71,71,71,71,71,71,71,71,71,71,71,71,71,71,71,71,71,71,71,71,71,71,71,71,71,71,71],"card_choices":[{"not_picked":["Go for the Eyes","FTL"],"picked":"Streamline","floor":1},{"not_picked":["Redo","Sweeping Beam"],"picked":"Steam","floor":4},{"not_picked":["Streamline","Gash"],"picked":"Darkness","floor":5},{"not_picked":["Go for the Eyes","Steam"],"picked":"Glacier","floor":7},{"not_picked":["Compile Driver","Undo"],"picked":"Auto Shields","floor":13},{"not_picked":["Redo","Steam Power","Conserve Battery"],"picked":"SKIP","floor":14},{"not_picked":["Machine Learning","Hyperbeam"],"picked":"Electrodynamics","floor":16},{"not_picked":["Ball Lightning","Hologram","Cold Snap+1"],"picked":"SKIP","floor":18},{"not_picked":["Recycle","Force Field+1"],"picked":"Sweeping Beam","floor":22},{"not_picked":["Hologram","Capacitor"],"picked":"Redo+1","floor":25},{"not_picked":["Hologram","Chill+1"],"picked":"Steam+1","floor":27},{"not_picked":["Aggregate","Heatsinks"],"picked":"Loop","floor":30}],"player_experience":625326,"relics_obtained":[{"floor":9,"key":"Boot"},{"floor":26,"key":"Centennial Puzzle"},{"floor":30,"key":"Frozen Egg 2"}],"event_choices":[{"event_name":"Golden Wing","player_choice":"Card Removal","floor":3,"damage_taken":0},{"event_name":"Upgrade Shrine","player_choice":"Upgraded","floor":11,"damage_taken":0},{"event_name":"Shining Light","player_choice":"Entered Light","floor":12,"damage_taken":0},{"event_name":"Nest","player_choice":"Stole From Cult","floor":19,"damage_taken":0},{"event_name":"The Library","player_choice":"Read","floor":20,"damage_taken":0},{"event_name":"Forgotten Altar","player_choice":"Smashed Altar","floor":21,"damage_taken":0},{"event_name":"Masked Bandits","player_choice":"Paid Fearfully","floor":28,"damage_taken":0}],"is_beta":false,"boss_relics":[{"not_picked":["Lizard Tail","Pandora\u0027s Box"],"picked":"Velvet Choker"}],"items_purged_floors":[2,24],"is_endless":false,"potions_floor_spawned":[7,13,16,25,30],"killed_by":"Cultist and Chosen","ascension_level":18}