{"gold_per_floor":[369,369,369,369,381,381,14,14,91,122,122,137,151,175,175,277,277,294,294,305,305,220,220],"floor_reached":23,"playtime":1009,"items_purged":[],"score":243,"play_id":"9688e711-b668-43eb-80a7-506e5cbc9eaa","local_time":"20180916145324","is_ascension_mode":true,"campfire_choices":[{"data":"Leap","floor":6,"key":"SMITH"},{"data":"White Noise","floor":8,"key":"SMITH"},{"floor":11,"key":"REST"},{"floor":15,"key":"REST"}],"neow_cost":"TEN_PERCENT_HP_LOSS","seed_source_timestamp":93701431126106,"circlet_count":0,"master_deck":["Strike_B","Strike_B","Strike_B","Strike_B","Defend_B","Defend_B","Defend_B","Defend_B","Zap+1","Dualcast+1","Leap+1","White Noise+1","All For One","Go for the Eyes","Melter","Self Repair","Seek","Chaos+1","Decay","Go for the Eyes+1"],"relics":["Cracked Core","GremlinMask","StoneCalendar","Tiny Chest","Odd Mushroom","Nuclear Battery","Nloth\u0027s Gift","Bag of Preparation"],"potions_floor_usage":[14,18,23],"damage_taken":[{"damage":0,"enemies":"2 Louse","floor":1,"turns":3},{"damage":4,"enemies":"Small Slimes","floor":5,"turns":3},{"damage":20,"enemies":"Lagavulin","floor":10,"turns":7},{"damage":7,"enemies":"Jaw Worm","floor":12,"turns":3},{"damage":3,"enemies":"Blue Slaver","floor":13,"turns":2},{"damage":13,"enemies":"The Mushroom Lair","floor":14,"turns":3},{"damage":28,"enemies":"The Guardian","floor":16,"turns":7},{"damage":32,"enemies":"2 Thieves","floor":18,"turns":5},{"damage":24,"enemies":"Chosen","floor":20,"turns":6},{"damage":34,"enemies":"Gremlin Leader","floor":23,"turns":4}],"seed_played":"-1034283234627132050","potions_obtained":[{"floor":1,"key":"LiquidBronze"},{"floor":13,"key":"Strength Potion"},{"floor":20,"key":"SteroidPotion"}],"is_trial":false,"path_per_floor":["M","?","?","?","M","R","$","R","T","E","R","M","M","?","R","B",null,"M","?","M","?","?"],"character_chosen":"DEFECT","items_purchased":["StoneCalendar","White Noise"],"campfire_rested":2,"item_purchase_floors":[7,7],"current_hp_per_floor":[68,68,68,68,64,64,64,64,64,44,64,64,61,48,68,47,63,38,38,28,28,28,0],"gold":220,"neow_bonus":"TWO_FIFTY_GOLD","is_prod":false,"is_daily":false,"chose_seed":false,"campfire_upgraded":2,"win_rate":0,"timestamp":1537102404,"path_taken":["M","?","?","?","?","R","$","R","T","E","R","M","M","?","R","BOSS","M","?","M","?","?","E"],"build_version":"2018-09-06","purchased_purges":0,"victory":false,"max_hp_per_floor":[68,68,68,68,68,68,68,68,68,68,68,68,68,68,68,68,68,68,68,68,68,68,68],"card_choices":[{"not_picked":["Tempest","Hologram","Lockon"],"picked":"SKIP","floor":1},{"not_picked":["Recycle","Ball Lightning"],"picked":"Leap","floor":5},{"not_picked":["Consume","Hologram"],"picked":"All For One","floor":10},{"not_picked":["Fusion","Compile Driver"],"picked":"Go for the Eyes","floor":12},{"not_picked":["Barrage","Compile Driver"],"picked":"Melter","floor":13},{"not_picked":["Steam","Leap"],"picked":"Self Repair","floor":14},{"not_picked":["Multi-Cast","Reboot"],"picked":"Seek","floor":16},{"not_picked":["Sweeping Beam","BootSequence"],"picked":"Chaos+1","floor":18},{"not_picked":["Barrage+1","Capacitor"],"picked":"Go for the Eyes+1","floor":20}],"player_experience":230320,"relics_obtained":[{"floor":9,"key":"Tiny Chest"},{"floor":10,"key":"Boot"},{"floor":14,"key":"Odd Mushroom"}],"event_choices":[{"event_name":"Living Wall","player_choice":"Grow","floor":2,"damage_taken":0},{"event_name":"Upgrade Shrine","player_choice":"Upgraded","floor":3,"damage_taken":0},{"event_name":"FaceTrader","player_choice":"Trade","floor":4,"damage_taken":0},{"event_name":"Mushrooms","player_choice":"Fought Mushrooms","floor":14,"damage_taken":0},{"event_name":"Forgotten Altar","player_choice":"Smashed Altar","floor":19,"damage_taken":0},{"event_name":"N\u0027loth","player_choice":"Traded a Boot","floor":21,"damage_taken":0},{"event_name":"Addict","player_choice":"Obtained Relic","floor":22,"damage_taken":0}],"is_beta":false,"boss_relics":[{"not_picked":["Eternal Feather","Orrery"],"picked":"Nuclear Battery"}],"items_purged_floors":[],"is_endless":false,"potions_floor_spawned":[1,13,20],"killed_by":"Gremlin Leader","ascension_level":6}