{"path_per_floor":["M","M","M","?","M","E","R","E","T"],"character_chosen":"DEFECT","items_purchased":[],"gold_per_floor":[119,129,140,140,153,181,181,211,211,211],"floor_reached":10,"campfire_rested":0,"playtime":302,"item_purchase_floors":[],"current_hp_per_floor":[75,75,68,68,45,37,37,15,15,0],"items_purged":[],"gold":211,"score":90,"play_id":"19d4bfb3-0d9d-4df9-b44b-c71a97f83769","local_time":"20180530235853","is_prod":false,"is_daily":false,"chose_seed":false,"is_ascension_mode":true,"campfire_upgraded":1,"win_rate":0,"timestamp":1527739133,"campfire_choices":[{"data":"Dualcast","floor":7,"key":"SMITH"}],"path_taken":["M","?","M","?","M","E","R","E","T","E"],"build_version":"2018-05-30","seed_source_timestamp":210514574424157,"purchased_purges":0,"victory":false,"master_deck":["Strike_B","Strike_B","Strike_B","Strike_B","Defend_B","Defend_B","Defend_B","Defend_B","Zap","Dualcast+1","FTL","Streamline","Defragment","Fusion","Beam Cell"],"max_hp_per_floor":[75,75,75,75,75,75,75,75,75,75],"relics":["Cracked Core","DataDisk","Blood Vial","Regal Pillow"],"card_choices":[{"not_picked":["Ball Lightning","Turbo"],"picked":"FTL","floor":1},{"not_picked":["Melter","Rebound"],"picked":"Streamline","floor":2},{"not_picked":["Aggregate","Leap"],"picked":"Defragment","floor":3},{"not_picked":["Reinforced Body","Hologram","Consume"],"picked":"SKIP","floor":5},{"not_picked":["Barrage","Gash"],"picked":"Fusion","floor":6},{"not_picked":["Sweeping Beam","Conserve Battery"],"picked":"Beam Cell","floor":8}],"player_experience":219781,"potions_floor_usage":[6,6,10],"damage_taken":[{"damage":0,"enemies":"Cultist","floor":1,"turns":4},{"damage":0,"enemies":"Small Slimes","floor":2,"turns":3},{"damage":7,"enemies":"Jaw Worm","floor":3,"turns":2},{"damage":23,"enemies":"Exordium Thugs","floor":5,"turns":3},{"damage":8,"enemies":"Gremlin Nob","floor":6,"turns":3},{"damage":22,"enemies":"3 Sentries","floor":8,"turns":5},{"damage":30,"enemies":"Lagavulin","floor":10,"turns":5}],"relics_obtained":[{"floor":6,"key":"DataDisk"},{"floor":8,"key":"Blood Vial"},{"floor":9,"key":"Regal Pillow"}],"event_choices":[{"event_name":"The Woman in Blue","player_choice":"Bought 0 Potions","floor":4,"damage_taken":0}],"boss_relics":[],"items_purged_floors":[],"potions_floor_spawned":[1,3,8],"seed_played":"-7067478275780917013","killed_by":"Lagavulin","ascension_level":3,"potions_obtained":[{"floor":1,"key":"PowerPotion"},{"floor":3,"key":"AttackPotion"},{"floor":8,"key":"FocusPotion"}],"is_trial":false}