{"path_per_floor":["M","?","?","M","M","E","R","E","T","T","E","R","M","$","R","B",null,"M","?","?","?","M","R","E","R","T","?","R","E","$","E","R","B",null,"M","M","?","?","?","E","R","M","T","?","M","$","R","M","R","B"],"character_chosen":"IRONCLAD","items_purchased":["Shuriken","Shrug It Off","Bag of Marbles","EssenceOfSteel","Poison Potion","Metallicize+1","Secret Weapon","Regen Potion","Fire Breathing+1"],"gold_per_floor":[212,212,212,226,241,272,272,311,311,311,350,350,374,0,0,121,121,140,140,140,140,155,155,188,188,188,188,188,232,14,45,45,164,164,180,205,205,205,538,568,568,578,630,630,647,325,325,335,335,335],"floor_reached":51,"campfire_rested":0,"playtime":3507,"item_purchase_floors":[14,14,30,30,30,46,46,46,46],"current_hp_per_floor":[78,58,58,58,63,50,50,32,39,39,31,31,36,36,36,24,87,76,76,76,60,66,66,72,72,72,72,72,75,75,81,81,80,87,80,86,86,76,76,82,82,87,87,87,87,87,87,87,87,64],"items_purged":["Defend_R"],"gold":335,"score":899,"play_id":"557e3a97-1a99-4f97-8e6e-28b8fca3a604","local_time":"20180530103658","is_prod":false,"is_daily":false,"chose_seed":false,"is_ascension_mode":true,"campfire_upgraded":7,"win_rate":0,"timestamp":1527669418,"campfire_choices":[{"data":"Metallicize","floor":7,"key":"SMITH"},{"data":"1","floor":12,"key":"LIFT"},{"data":"2","floor":15,"key":"LIFT"},{"data":"3","floor":23,"key":"LIFT"},{"data":"Limit Break","floor":25,"key":"SMITH"},{"data":"Bludgeon","floor":28,"key":"SMITH"},{"data":"Heavy Blade","floor":32,"key":"SMITH"},{"data":"Anger","floor":41,"key":"SMITH"},{"data":"Thinking Ahead","floor":47,"key":"SMITH"},{"data":"Anger","floor":49,"key":"SMITH"}],"path_taken":["M","?","?","M","M","E","R","E","T","?","E","R","?","?","R","BOSS","M","?","?","?","M","R","E","R","T","?","R","E","$","E","R","BOSS","M","M","?","?","?","E","R","M","T","?","M","$","R","M","R","BOSS"],"build_version":"2018-05-28","seed_source_timestamp":235887722132373,"purchased_purges":1,"victory":true,"master_deck":["Strike_R","Strike_R","Strike_R","Strike_R","Strike_R","Bash","Armaments+1","Metallicize+1","Limit Break+1","Shrug It Off","Double Tap","Anger+1","Immolate+1","Immolate+1","Necronomicurse","Anger+1","Bludgeon+1","Heavy Blade+1","Immolate+1","Bandage Up","Thinking Ahead+1","Flash of Steel","Seeing Red","Metallicize+1","Secret Weapon","Fire Breathing+1","Anger+1"],"max_hp_per_floor":[80,80,80,80,80,80,80,80,87,87,87,87,87,87,87,87,87,87,87,87,87,87,87,87,87,87,87,87,87,87,87,87,87,87,87,87,87,87,87,87,87,87,87,87,87,87,87,87,87,87],"relics":["Burning Blood","Bottled Flame","Matryoshka","Strawberry","Self Forming Clay","Bag of Preparation","Girya","Ancient Tea Set","Shuriken","Astrolabe","Vajra","Necronomicon","Letter Opener","The Courier","Frozen Egg 2","Bag of Marbles","Juzu Bracelet","Lizard Tail","Kunai","Happy Flower"],"card_choices":[{"not_picked":["True Grit","Shockwave"],"picked":"Armaments","floor":1},{"not_picked":["Body Slam","Twin Strike","Flex"],"picked":"SKIP","floor":4},{"not_picked":["True Grit","Bloodletting"],"picked":"Metallicize","floor":5},{"not_picked":["Body Slam","Offering","Sever Soul"],"picked":"SKIP","floor":6},{"not_picked":["Ghostly Armor","Searing Blow","Clash"],"picked":"SKIP","floor":8},{"not_picked":["Evolve","Headbutt","Intimidate"],"picked":"SKIP","floor":11},{"not_picked":["Headbutt","Shrug It Off"],"picked":"Limit Break","floor":13},{"not_picked":["Reaper","Fiend Fire"],"picked":"Double Tap","floor":16},{"not_picked":["Blood for Blood+1","True Grit","Carnage+1"],"picked":"SKIP","floor":18},{"not_picked":["Armaments","Spot Weakness"],"picked":"Anger","floor":22},{"not_picked":["Rupture","Warcry"],"picked":"Bludgeon","floor":24},{"not_picked":["Sword Boomerang","Clothesline","Searing Blow"],"picked":"SKIP","floor":29},{"not_picked":["Burning Pact","Fire Breathing+1"],"picked":"Heavy Blade","floor":31},{"not_picked":["Impervious","Dark Embrace+1"],"picked":"Immolate","floor":33},{"not_picked":["Intimidate","Burning Pact","Rage"],"picked":"SKIP","floor":35},{"not_picked":["Clothesline","Ghostly Armor+1","Armaments"],"picked":"SKIP","floor":36},{"not_picked":["Madness","Magnetism+1"],"picked":"Bandage Up","floor":38},{"not_picked":["Dark Shackles","Mind Blast"],"picked":"Thinking Ahead","floor":38},{"not_picked":["Dramatic Entrance","Mind Blast"],"picked":"Flash of Steel","floor":38},{"not_picked":["Dual Wield+1","Rampage+1","Heavy Blade"],"picked":"SKIP","floor":40},{"not_picked":["Whirlwind","Burning Pact","Flame Barrier+1"],"picked":"SKIP","floor":42},{"not_picked":["Rupture+1","Ghostly Armor+1"],"picked":"Seeing Red","floor":45},{"not_picked":["Body Slam+1","Thunderclap"],"picked":"Anger","floor":48}],"player_experience":142241,"potions_floor_usage":[6,16,29,33,33,33,45,50,50,50],"damage_taken":[{"damage":8,"enemies":"Jaw Worm","floor":1,"turns":5},{"damage":6,"enemies":"2 Louse","floor":4,"turns":3},{"damage":1,"enemies":"Cultist","floor":5,"turns":3},{"damage":19,"enemies":"Gremlin Nob","floor":6,"turns":4},{"damage":24,"enemies":"3 Sentries","floor":8,"turns":13},{"damage":14,"enemies":"Gremlin Nob","floor":11,"turns":5},{"damage":1,"enemies":"3 Louse","floor":13,"turns":3},{"damage":18,"enemies":"The Guardian","floor":16,"turns":7},{"damage":17,"enemies":"Spheric Guardian","floor":18,"turns":4},{"damage":0,"enemies":"3 Byrds","floor":22,"turns":1},{"damage":0,"enemies":"Gremlin Leader","floor":24,"turns":2},{"damage":11,"enemies":"Slavers","floor":29,"turns":2},{"damage":0,"enemies":"Gremlin Leader","floor":31,"turns":3},{"damage":7,"enemies":"Automaton","floor":33,"turns":4},{"damage":13,"enemies":"3 Shapes","floor":35,"turns":2},{"damage":0,"enemies":"Flame Bruiser 1 Orb","floor":36,"turns":1},{"damage":0,"enemies":"2 Orb Walkers","floor":40,"turns":1},{"damage":2,"enemies":"Transient","floor":42,"turns":5},{"damage":0,"enemies":"3 Darklings","floor":45,"turns":2},{"damage":0,"enemies":"Sphere and 2 Shapes","floor":48,"turns":1},{"damage":42,"enemies":"Donu and Deca","floor":50,"turns":5}],"relics_obtained":[{"floor":6,"key":"Bottled Flame"},{"floor":8,"key":"Matryoshka"},{"floor":9,"key":"Strawberry"},{"floor":9,"key":"Self Forming Clay"},{"floor":10,"key":"Bag of Preparation"},{"floor":10,"key":"Girya"},{"floor":11,"key":"Ancient Tea Set"},{"floor":21,"key":"Necronomicon"},{"floor":24,"key":"Letter Opener"},{"floor":26,"key":"The Courier"},{"floor":29,"key":"Frozen Egg 2"},{"floor":31,"key":"Juzu Bracelet"},{"floor":40,"key":"Kunai"},{"floor":43,"key":"Happy Flower"}],"event_choices":[{"event_name":"Golden Idol","player_choice":"Take Damage","floor":2,"damage_taken":0},{"event_name":"Living Wall","player_choice":"Grow","floor":3,"damage_taken":0},{"event_name":"The Mausoleum","player_choice":"Yes","floor":19,"damage_taken":0},{"event_name":"Back to Basics","player_choice":"Elegance","floor":20,"damage_taken":0},{"event_name":"Cursed Tome","player_choice":"Obtained Book","floor":21,"damage_taken":0},{"event_name":"Ghosts","player_choice":"Ignored","floor":27,"damage_taken":0},{"event_name":"Upgrade Shrine","player_choice":"Upgraded","floor":37,"damage_taken":0},{"event_name":"SensoryStone","player_choice":"Memory 3","floor":38,"damage_taken":0},{"event_name":"The Moai Head","player_choice":"Gave Idol","floor":39,"damage_taken":0},{"event_name":"Tomb of Lord Red Mask","player_choice":"Ignored","floor":44,"damage_taken":0}],"boss_relics":[{"not_picked":["Calling Bell","White Beast Statue"],"picked":"Astrolabe"},{"not_picked":["Runic Cube","Pandora\u0027s Box"],"picked":"Lizard Tail"}],"items_purged_floors":[14],"potions_floor_spawned":[5,11,24,29,31,35,40,42],"seed_played":"3884471851892788741","ascension_level":2,"potions_obtained":[{"floor":5,"key":"Strength Potion"},{"floor":11,"key":"LiquidBronze"},{"floor":24,"key":"BloodPotion"},{"floor":29,"key":"SkillPotion"},{"floor":31,"key":"Weak Potion"},{"floor":35,"key":"Weak Potion"},{"floor":40,"key":"Weak Potion"},{"floor":42,"key":"SteroidPotion"}],"is_trial":false}