{"gold_per_floor":[117,136,61,77,2,2,2,2,2,35,49,49,49,27,27,27],"floor_reached":16,"playtime":716,"items_purged":["Strike_B"],"score":190,"play_id":"4b2be8fb-fb2d-4747-b2b4-05ee577188a5","local_time":"20180924212535","is_ascension_mode":true,"campfire_choices":[{"data":"Consume","floor":7,"key":"SMITH"},{"floor":15,"key":"REST"}],"neow_cost":"","seed_source_timestamp":808735156537333,"circlet_count":0,"master_deck":["Strike_B","Strike_B","Defend_B","Defend_B","Defend_B","Defend_B","Zap","Dualcast","AscendersBane","Reinforced Body","Sweeping Beam","Consume+1","Coolheaded","Cold Snap","Steam"],"relics":["Cracked Core","Bird Faced Urn","Omamori","Orichalcum"],"potions_floor_usage":[10],"damage_taken":[{"damage":4,"enemies":"2 Louse","floor":1,"turns":2},{"damage":9,"enemies":"Small Slimes","floor":2,"turns":4},{"damage":0,"enemies":"Cultist","floor":4,"turns":3},{"damage":10,"enemies":"3 Sentries","floor":10,"turns":2},{"damage":19,"enemies":"Exordium Wildlife","floor":11,"turns":4},{"damage":10,"enemies":"Exordium Thugs","floor":14,"turns":5},{"damage":42,"enemies":"Hexaghost","floor":16,"turns":16}],"seed_played":"9092701803726146125","potions_obtained":[{"floor":1,"key":"Energy Potion"},{"floor":2,"key":"Ancient Potion"},{"floor":4,"key":"PowerPotion"}],"is_trial":false,"path_per_floor":["M","M","?","M","$","?","R","$","T","E","M","T","?","M","R"],"character_chosen":"DEFECT","items_purchased":[],"campfire_rested":1,"item_purchase_floors":[],"current_hp_per_floor":[60,51,51,51,51,56,56,56,56,48,29,29,29,19,41,0],"gold":27,"neow_bonus":"","is_prod":false,"is_daily":false,"chose_seed":false,"campfire_upgraded":1,"win_rate":0,"timestamp":1537817135,"path_taken":["M","M","?","M","$","?","R","?","T","E","?","?","?","M","R","BOSS"],"build_version":"2018-09-20","purchased_purges":1,"victory":false,"max_hp_per_floor":[71,71,71,71,71,76,76,76,76,76,76,76,76,76,76,76],"card_choices":[{"not_picked":["Streamline","Stack"],"picked":"Reinforced Body","floor":1},{"not_picked":["Tempest","Skim"],"picked":"Sweeping Beam","floor":2},{"not_picked":["Steam","Aggregate"],"picked":"Consume","floor":4},{"not_picked":["Gash","Hologram"],"picked":"Coolheaded","floor":10},{"not_picked":["Leap","Turbo"],"picked":"Cold Snap","floor":11},{"not_picked":["Heatsinks","Turbo"],"picked":"Steam","floor":14}],"player_experience":642816,"relics_obtained":[{"floor":9,"key":"Bird Faced Urn"},{"floor":10,"key":"Omamori"},{"floor":12,"key":"Orichalcum"}],"event_choices":[{"event_name":"The Cleric","player_choice":"Card Removal","floor":3,"damage_taken":0},{"event_name":"Big Fish","player_choice":"Donut","floor":6,"damage_taken":0},{"event_name":"Shining Light","player_choice":"Ignored","floor":13,"damage_taken":0}],"is_beta":false,"boss_relics":[],"items_purged_floors":[5],"is_endless":false,"potions_floor_spawned":[1,2,4],"killed_by":"Hexaghost","ascension_level":18}