{"gold_per_floor":[114,129,144,106,56,106,106,121,121,136,136,151,151,181,181,281,281,296,221,221,182,197,197,227,227,302,302,332,332,332],"floor_reached":30,"playtime":920,"items_purged":[],"score":391,"play_id":"4b0a30e4-9f71-46e2-a697-3f1cfa93594d","local_time":"20180702194832","daily_mods":["Specialized","Lethality","Hoarder"],"is_ascension_mode":false,"campfire_choices":[{"floor":11.0,"key":"REST"},{"floor":13.0,"key":"REST"},{"floor":15.0,"key":"REST"},{"floor":23,"key":"REST"},{"floor":25,"key":"REST"},{"floor":27,"key":"REST"},{"floor":29,"key":"REST"}],"neow_cost":"","seed_source_timestamp":0,"circlet_count":0,"master_deck":["Defend_G","Defend_G","Defend_G","Defend_G","Defend_G","Strike_G","Strike_G","Strike_G","Strike_G","Strike_G","Survivor","Neutralize+1","Phantasmal Killer","Phantasmal Killer","Phantasmal Killer","Phantasmal Killer","Phantasmal Killer","Phantasmal Killer","Phantasmal Killer","Phantasmal Killer","Phantasmal Killer","Phantasmal Killer","Phantasmal Killer","Phantasmal Killer","Slice","Slice","Slice","Dagger Spray","Dagger Spray+1","Dagger Spray","Terror","Terror","Terror","Caltrops","Caltrops","Caltrops","Infinite Blades","Infinite Blades","Infinite Blades","Dagger Spray","Dagger Spray","Dagger Spray","Well Laid Plans","Well Laid Plans","Well Laid Plans","Noxious Fumes","Noxious Fumes","Noxious Fumes","Glass Knife","Glass Knife","Glass Knife","Backstab","Backstab","Backstab","Writhe","Writhe","Writhe","Footwork","Footwork","Footwork","Footwork","Footwork","Footwork"],"special_seed":17715,"relics":["Ring of the Snake","Whetstone","Paper Crane","Snake Skull","Fusion Hammer","Ninja Scroll","Anchor","Blue Candle","Juzu Bracelet"],"potions_floor_usage":[30,30,30],"damage_taken":[{"damage":14.0,"enemies":"Small Slimes","floor":1.0,"turns":4.0},{"damage":0.0,"enemies":"Cultist","floor":2.0,"turns":2.0},{"damage":6.0,"enemies":"Jaw Worm","floor":3.0,"turns":2.0},{"damage":7.0,"enemies":"Large Slime","floor":8.0,"turns":2.0},{"damage":16.0,"enemies":"2 Fungi Beasts","floor":10.0,"turns":3.0},{"damage":0.0,"enemies":"Exordium Wildlife","floor":12.0,"turns":2.0},{"damage":21.0,"enemies":"Lagavulin","floor":14.0,"turns":3.0},{"damage":39.0,"enemies":"The Guardian","floor":16.0,"turns":8.0},{"damage":27,"enemies":"2 Thieves","floor":18,"turns":3},{"damage":0,"enemies":"Spheric Guardian","floor":22,"turns":1},{"damage":40,"enemies":"Book of Stabbing","floor":24,"turns":3},{"damage":45,"enemies":"Slavers","floor":28,"turns":5},{"damage":59,"enemies":"Gremlin Leader","floor":30,"turns":5}],"seed_played":"-5295216616361332357","potions_obtained":[{"floor":2.0,"key":"Regen Potion"},{"floor":3.0,"key":"Block Potion"},{"floor":8.0,"key":"Poison Potion"},{"floor":10.0,"key":"SkillPotion"},{"floor":12.0,"key":"FearPotion"},{"floor":22,"key":"Regen Potion"}],"is_trial":false,"path_per_floor":["M","M","M","$","?","T","?","M","T","M","R","M","R","E","R","B",null,"M","?","?","$","M","R","E","R","T","R","E","R"],"character_chosen":"THE_SILENT","items_purchased":["Caltrops","Footwork"],"campfire_rested":7,"item_purchase_floors":[],"current_hp_per_floor":[56,56,50,50,50,50,50,43,43,27,48,48,69,48,69,30,70,43,43,43,43,43,64,24,45,45,66,21,42,0],"gold":332,"neow_bonus":"","is_prod":false,"is_daily":true,"chose_seed":false,"campfire_upgraded":0,"win_rate":0,"timestamp":1530586112,"path_taken":["M","M","M","$","?","?","?","?","T","M","R","M","R","E","R","BOSS","M","?","?","$","M","R","E","R","T","R","E","R","E"],"build_version":"2018-06-28","purchased_purges":0,"victory":false,"max_hp_per_floor":[70,70,70,70,70,70,70,70,70,70,70,70,70,70,70,70,70,70,70,70,70,70,70,70,70,70,70,70,70,70],"card_choices":[{"not_picked":["Endless Agony","Backflip"],"picked":"Slice","floor":1.0},{"not_picked":["Sucker Punch","Dash"],"picked":"Dagger Spray","floor":2.0},{"not_picked":["Grand Finale","Endless Agony"],"picked":"Terror","floor":3.0},{"not_picked":["Sucker Punch","Outmaneuver"],"picked":"Infinite Blades","floor":8.0},{"not_picked":["Deadly Poison","Prepared"],"picked":"Dagger Spray","floor":10.0},{"not_picked":["Concentrate","Dodge and Roll"],"picked":"Well Laid Plans","floor":12.0},{"not_picked":["Phantasmal Killer","Footwork"],"picked":"Noxious Fumes","floor":14.0},{"not_picked":["Tools of the Trade","Doppelganger"],"picked":"Glass Knife","floor":16.0},{"not_picked":["Masterful Stab+1","Terror"],"picked":"Backstab","floor":18},{"not_picked":["Poisoned Stab","Well Laid Plans+1"],"picked":"Footwork","floor":22},{"not_picked":["Unload","Predator","Bouncing Flask"],"picked":"SKIP","floor":24},{"not_picked":["Outmaneuver","Deadly Poison","Setup"],"picked":"SKIP","floor":28}],"player_experience":341772,"relics_obtained":[{"floor":6.0,"key":"Whetstone"},{"floor":9.0,"key":"Paper Crane"},{"floor":14.0,"key":"Snake Skull"},{"floor":24,"key":"Anchor"},{"floor":26,"key":"Blue Candle"},{"floor":28,"key":"Juzu Bracelet"}],"event_choices":[{"event_name":"The Cleric","player_choice":"Card Removal","floor":5.0,"damage_taken":0.0},{"event_name":"Living Wall","player_choice":"Forget","floor":7.0,"damage_taken":0.0},{"event_name":"Beggar","player_choice":"Gave Gold","floor":19,"damage_taken":0},{"event_name":"The Mausoleum","player_choice":"Yes","floor":20,"damage_taken":0}],"boss_relics":[{"not_picked":["Empty Cage","Philosopher\u0027s Stone"],"picked":"Fusion Hammer"}],"items_purged_floors":[],"is_endless":false,"potions_floor_spawned":[2,3,8,10,12,16,22],"killed_by":"Gremlin Leader","ascension_level":0}