{"gold_per_floor":[110,110,128,128,142,167,167,201,201,201,230,32,46,46,46,144,144,155,166,166,185,28,28,58,58,58,76,91,123,143,159,159,259,259,274,320,339,359,359,389,389,415,415,426,490,510,523,553,553,553],"floor_reached":51,"playtime":3873,"items_purged":["Strike_G"],"score":1248,"play_id":"30cf04af-11d5-49d2-a7dc-d6863b8db5e5","local_time":"20180630190336","is_ascension_mode":true,"campfire_choices":[{"floor":7,"key":"REST"},{"floor":10,"key":"REST"},{"data":"Accuracy","floor":15,"key":"SMITH"},{"floor":23,"key":"REST"},{"floor":25,"key":"REST"},{"data":"Footwork","floor":32,"key":"SMITH"},{"floor":49,"key":"REST"}],"neow_cost":"NONE","seed_source_timestamp":627079449081174,"circlet_count":0,"master_deck":["Defend_G","Defend_G+1","Defend_G","Defend_G+1","Defend_G","Strike_G","Strike_G","Strike_G","Strike_G","Survivor","Neutralize","AscendersBane","Cloak And Dagger+1","Quick Slash","Glass Knife","Cloak And Dagger+1","Accuracy+1","Sucker Punch","Cloak And Dagger+1","Burst+1","Dodge and Roll+1","Flying Knee","Backflip+1","Malaise+1","Footwork+1","Sucker Punch","Blade Dance+1","Envenom","Infinite Blades","Madness+1","Madness+1","Riddle With Holes+1","Catalyst+1"],"relics":["Ring of the Snake","Toxic Egg 2","Bird Faced Urn","Centennial Puzzle","Boot","Potion Belt","Incense Burner","Black Star","Pen Nib","Blood Vial","Art of War","Kunai","Molten Egg 2","Mummified Hand","Fusion Hammer","The Specimen","Matryoshka","Smiling Mask","Snake Skull","Regal Pillow","Juzu Bracelet","Pantograph","Tiny Chest","Omamori","War Paint","Singing Bowl"],"potions_floor_usage":[8,21,24,29,33,33,36,50,50,50,50],"damage_taken":[{"damage":5,"enemies":"Cultist","floor":1,"turns":4},{"damage":7,"enemies":"Jaw Worm","floor":3,"turns":4},{"damage":6,"enemies":"2 Louse","floor":5,"turns":3},{"damage":25,"enemies":"3 Sentries","floor":6,"turns":12},{"damage":19,"enemies":"Lagavulin","floor":8,"turns":7},{"damage":4,"enemies":"Gremlin Nob","floor":11,"turns":3},{"damage":1,"enemies":"Large Slime","floor":13,"turns":4},{"damage":26,"enemies":"The Guardian","floor":16,"turns":13},{"damage":16,"enemies":"2 Thieves","floor":18,"turns":4},{"damage":8,"enemies":"Shell Parasite","floor":19,"turns":2},{"damage":15,"enemies":"3 Cultists","floor":21,"turns":5},{"damage":16,"enemies":"Gremlin Leader","floor":24,"turns":8},{"damage":12,"enemies":"Snake Plant","floor":27,"turns":4},{"damage":1,"enemies":"Cultist and Chosen","floor":28,"turns":8},{"damage":7,"enemies":"Slavers","floor":29,"turns":6},{"damage":1,"enemies":"Snecko","floor":30,"turns":6},{"damage":0,"enemies":"Snake Plant","floor":31,"turns":6},{"damage":45,"enemies":"Champ","floor":33,"turns":17},{"damage":1,"enemies":"Orb Walker","floor":35,"turns":2},{"damage":0,"floor":36,"turns":5},{"damage":8,"enemies":"3 Shapes","floor":37,"turns":4},{"damage":1,"enemies":"Sphere and 2 Shapes","floor":38,"turns":5},{"damage":3,"enemies":"Giant Head","floor":40,"turns":9},{"damage":0,"enemies":"4 Shapes","floor":44,"turns":6},{"damage":8,"enemies":"Nemesis","floor":45,"turns":7},{"damage":3,"enemies":"3 Darklings","floor":46,"turns":6},{"damage":10,"enemies":"Sphere and 2 Shapes","floor":47,"turns":6},{"damage":2,"enemies":"Giant Head","floor":48,"turns":6},{"damage":30,"enemies":"Time Eater","floor":50,"turns":12}],"seed_played":"-2383912341795751428","potions_obtained":[{"floor":1,"key":"Dexterity Potion"},{"floor":11,"key":"LiquidBronze"},{"floor":13,"key":"Explosive Potion"},{"floor":16,"key":"SkillPotion"},{"floor":21,"key":"Strength Potion"},{"floor":24,"key":"SmokeBomb"},{"floor":30,"key":"EssenceOfSteel"},{"floor":31,"key":"SpeedPotion"},{"floor":33,"key":"LiquidBronze"},{"floor":35,"key":"Dexterity Potion"},{"floor":44,"key":"AttackPotion"},{"floor":46,"key":"FearPotion"}],"is_trial":false,"path_per_floor":["M","T","M","T","M","E","R","E","T","R","E","$","M","?","R","B",null,"M","M","?","M","$","R","E","R","T","M","M","E","M","M","R","B",null,"M","?","M","M","?","E","?","T","T","M","E","M","M","E","R","B"],"character_chosen":"THE_SILENT","items_purchased":["Accuracy","Sucker Punch","Pen Nib"],"campfire_rested":5,"item_purchase_floors":[12,12,22],"current_hp_per_floor":[65,65,58,58,52,27,50,31,31,54,50,50,51,48,48,24,64,50,44,44,31,31,54,40,63,63,57,62,61,66,72,72,33,66,69,77,75,77,77,74,64,64,64,74,76,77,73,79,79,55],"gold":553,"neow_bonus":"TEN_PERCENT_HP_BONUS","is_prod":false,"is_daily":false,"chose_seed":false,"campfire_upgraded":2,"win_rate":0,"timestamp":1530410616,"path_taken":["M","?","M","?","?","E","R","E","T","R","E","$","M","?","R","BOSS","M","?","?","M","$","R","E","R","T","M","M","E","?","M","R","BOSS","M","?","?","M","?","E","?","?","T","M","E","M","M","E","R","BOSS"],"build_version":"2018-06-28","purchased_purges":1,"victory":true,"max_hp_per_floor":[77,77,77,77,77,77,77,77,77,77,77,77,77,77,77,77,77,77,77,77,77,77,77,77,77,77,77,77,77,77,77,77,77,77,77,77,77,77,77,77,77,77,77,77,77,77,77,79,79,79],"card_choices":[{"not_picked":["Expertise","Deflect"],"picked":"Deadly Poison","floor":1},{"not_picked":["Eviscerate","Reflex+1"],"picked":"Cloak And Dagger+1","floor":3},{"not_picked":["Underhanded Strike","Choke"],"picked":"Quick Slash","floor":5},{"not_picked":["Riddle With Holes","Concentrate+1"],"picked":"Glass Knife","floor":6},{"not_picked":["Dodge and Roll+1","Acrobatics+1"],"picked":"Cloak And Dagger+1","floor":8},{"not_picked":["Slice","Acrobatics+1","Outmaneuver+1"],"picked":"SKIP","floor":11},{"not_picked":["Deflect+1","Flying Knee"],"picked":"Cloak And Dagger+1","floor":13},{"not_picked":["Tactician+1","Wraith Form v2"],"picked":"Burst+1","floor":16},{"not_picked":["Prepared+1","Quick Slash"],"picked":"Dodge and Roll+1","floor":18},{"not_picked":["Expertise+1","Eviscerate"],"picked":"Flying Knee","floor":19},{"not_picked":["Distraction+1","Backflip+1"],"picked":"Malaise+1","floor":21},{"not_picked":["Bouncing Flask+1","Leg Sweep+1"],"picked":"Footwork","floor":24},{"not_picked":["Prepared+1","Setup+1"],"picked":"Sucker Punch","floor":27},{"not_picked":["Heel Hook","Poisoned Stab","Quick Slash"],"picked":"SKIP","floor":28},{"not_picked":["Phantasmal Killer+1","Quick Slash","Dagger Throw"],"picked":"SKIP","floor":29},{"not_picked":["Acrobatics+1","Expertise+1"],"picked":"Blade Dance+1","floor":30},{"not_picked":["Masterful Stab+1","Noxious Fumes","Caltrops"],"picked":"SKIP","floor":31},{"not_picked":["Phantasmal Killer+1","After Image"],"picked":"Envenom","floor":33},{"not_picked":["Well Laid Plans","Distraction+1","All Out Attack+1"],"picked":"SKIP","floor":35},{"not_picked":["Endless Agony+1","Dodge and Roll+1","Deflect+1"],"picked":"SKIP","floor":37},{"not_picked":["Flying Knee+1","Prepared+1","Finisher+1"],"picked":"SKIP","floor":38},{"not_picked":["Underhanded Strike+1","Dagger Throw+1"],"picked":"Infinite Blades","floor":40},{"not_picked":["Backstab+1","Underhanded Strike+1"],"picked":"Riddle With Holes+1","floor":44},{"not_picked":["Dodge and Roll+1","Setup+1","Underhanded Strike+1"],"picked":"SKIP","floor":45},{"not_picked":["Calculated Gamble+1","Slice+1"],"picked":"Catalyst+1","floor":46},{"not_picked":["Deadly Poison+1","Bane+1","Cloak And Dagger+1"],"picked":"SKIP","floor":47},{"not_picked":["Bullet Time+1","Dagger Throw+1","Prepared+1"],"picked":"Singing Bowl","floor":48}],"player_experience":332213,"relics_obtained":[{"floor":2,"key":"Toxic Egg 2"},{"floor":6,"key":"Bird Faced Urn"},{"floor":8,"key":"Centennial Puzzle"},{"floor":9,"key":"Boot"},{"floor":11,"key":"Potion Belt"},{"floor":24,"key":"Blood Vial"},{"floor":24,"key":"Art of War"},{"floor":26,"key":"Kunai"},{"floor":29,"key":"Molten Egg 2"},{"floor":29,"key":"Mummified Hand"},{"floor":36,"key":"The Specimen"},{"floor":40,"key":"Matryoshka"},{"floor":40,"key":"Smiling Mask"},{"floor":42,"key":"Snake Skull"},{"floor":42,"key":"Regal Pillow"},{"floor":43,"key":"Juzu Bracelet"},{"floor":43,"key":"Pantograph"},{"floor":45,"key":"Tiny Chest"},{"floor":45,"key":"Omamori"},{"floor":48,"key":"War Paint"},{"floor":48,"key":"Singing Bowl"}],"event_choices":[{"event_name":"Scrap Ooze","player_choice":"success","floor":14,"damage_taken":3},{"event_name":"Transmorgrifier","player_choice":"Transform","floor":20,"damage_taken":0},{"event_name":"Mysterious Sphere","player_choice":"Fight","floor":36,"damage_taken":0},{"event_name":"Tomb of Lord Red Mask","player_choice":"Ignored","floor":39,"damage_taken":0},{"event_name":"Winding Halls","player_choice":"Embrace Madness","floor":41,"damage_taken":0}],"boss_relics":[{"not_picked":["Coffee Dripper","Astrolabe"],"picked":"Black Star"},{"not_picked":["Tiny House","Lizard Tail"],"picked":"Fusion Hammer"}],"items_purged_floors":[12],"is_endless":false,"potions_floor_spawned":[1,11,13,16,21,24,30,31,33,35,44,46],"ascension_level":12}