{"gold_per_floor":[117,133,133,146,68,95,113,113,113,113,142,142,153,118,118,197,197,137,156,10,22,22,22,22,33,33,46,56,56,66,66,66,66],"floor_reached":33,"playtime":2436,"items_purged":[],"score":424,"play_id":"9e8d512b-9c27-4eca-9ab3-576d55ff0935","local_time":"20180922063930","is_ascension_mode":true,"campfire_choices":[{"floor":8,"key":"REST"},{"floor":10,"key":"REST"},{"data":"Static Discharge","floor":15,"key":"SMITH"},{"floor":23,"key":"REST"},{"floor":29,"key":"REST"},{"floor":32,"key":"REST"}],"neow_cost":"NONE","seed_source_timestamp":581044853867937,"circlet_count":0,"master_deck":["Strike_B+1","Strike_B+1","Defend_B","Defend_B","Defend_B","Defend_B+1","Zap","Dualcast","AscendersBane","Glacier","Chill+1","Consume","Rip and Tear","Conserve Battery","Coolheaded","Streamline+1","Static Discharge+1","Buffer","Defragment+1","Auto Shields","Melter+1","Shame","Static Discharge","Redo+1"],"relics":["Cracked Core","Whetstone","Art of War","Gremlin Horn","Kunai","Empty Cage","Anchor","Boot","Question Card"],"potions_floor_usage":[6,11,19,21,25,30,33,33],"damage_taken":[{"damage":0,"enemies":"Small Slimes","floor":1,"turns":3},{"damage":1,"enemies":"2 Louse","floor":2,"turns":2},{"damage":0,"enemies":"Cultist","floor":4,"turns":3},{"damage":16,"enemies":"3 Sentries","floor":6,"turns":9},{"damage":20,"enemies":"Gremlin Gang","floor":7,"turns":7},{"damage":14,"enemies":"Lagavulin","floor":11,"turns":6},{"damage":0,"enemies":"Large Slime","floor":13,"turns":7},{"damage":24,"enemies":"Hexaghost","floor":16,"turns":8},{"damage":5,"enemies":"2 Thieves","floor":18,"turns":4},{"damage":6,"enemies":"Shell Parasite","floor":19,"turns":6},{"damage":9,"enemies":"Snake Plant","floor":21,"turns":5},{"damage":5,"enemies":"Cultist and Chosen","floor":25,"turns":10},{"damage":14,"enemies":"Centurion and Healer","floor":27,"turns":11},{"damage":32,"enemies":"3 Cultists","floor":28,"turns":6},{"damage":0,"enemies":"Snecko","floor":30,"turns":7},{"damage":61,"enemies":"Collector","floor":33,"turns":11}],"seed_played":"1515380008495798926","potions_obtained":[{"floor":4,"key":"Swift Potion"},{"floor":7,"key":"Strength Potion"},{"floor":13,"key":"PowerPotion"},{"floor":16,"key":"Dexterity Potion"},{"floor":19,"key":"Explosive Potion"},{"floor":27,"key":"Block Potion"},{"floor":28,"key":"SpeedPotion"},{"floor":30,"key":"PowerPotion"}],"is_trial":false,"path_per_floor":["M","M","?","M","$","E","M","R","T","R","E","?","M","?","R","B",null,"M","M","$","M","?","R","$","M","T","M","M","R","M","$","R"],"character_chosen":"DEFECT","items_purchased":["Rip and Tear","Anchor"],"campfire_rested":5,"item_purchase_floors":[5,20],"current_hp_per_floor":[68,67,52,52,52,36,16,38,38,60,46,46,46,64,64,40,66,61,55,55,46,46,68,68,63,63,49,17,39,39,39,61,0],"gold":66,"neow_bonus":"RANDOM_COMMON_RELIC","is_prod":false,"is_daily":false,"chose_seed":false,"campfire_upgraded":1,"win_rate":0,"timestamp":1537591170,"path_taken":["M","M","?","?","$","E","?","R","T","R","E","?","M","?","R","BOSS","M","?","$","M","?","R","$","M","T","M","M","R","M","$","R","BOSS"],"build_version":"2018-09-20","purchased_purges":0,"victory":false,"max_hp_per_floor":[75,75,75,75,75,75,75,75,75,75,75,75,75,75,75,75,75,75,75,75,75,75,75,75,75,75,75,75,75,75,75,75,75],"card_choices":[{"not_picked":["Go for the Eyes","Steam"],"picked":"Glacier","floor":1},{"not_picked":["Turbo","Redo"],"picked":"Chill","floor":2},{"not_picked":["Coolheaded","Gash"],"picked":"Consume","floor":4},{"not_picked":["Heatsinks","Redo"],"picked":"Conserve Battery","floor":6},{"not_picked":["Barrage","Compile Driver"],"picked":"Coolheaded","floor":7},{"not_picked":["Beam Cell","Fission"],"picked":"Streamline","floor":11},{"not_picked":["Ball Lightning","Hologram"],"picked":"Static Discharge","floor":13},{"not_picked":["All For One","Hyperbeam"],"picked":"Buffer","floor":16},{"not_picked":["Turbo","Go for the Eyes"],"picked":"Defragment+1","floor":18},{"not_picked":["Leap","Reboot"],"picked":"Auto Shields","floor":19},{"not_picked":["Cold Snap","Recycle"],"picked":"Melter+1","floor":21},{"not_picked":["Conserve Battery","Chaos"],"picked":"Static Discharge","floor":25},{"not_picked":["Compile Driver","Redo","Steam","Sweeping Beam"],"picked":"SKIP","floor":27},{"not_picked":["Streamline+1","Cold Snap+1","Storm"],"picked":"Redo+1","floor":28},{"not_picked":["Storm","Heatsinks","Leap","Gash"],"picked":"SKIP","floor":30}],"player_experience":517188,"relics_obtained":[{"floor":6,"key":"Art of War"},{"floor":9,"key":"Gremlin Horn"},{"floor":11,"key":"Kunai"},{"floor":26,"key":"Question Card"}],"event_choices":[{"event_name":"Shining Light","player_choice":"Entered Light","floor":3,"damage_taken":0},{"event_name":"Living Wall","player_choice":"Grow","floor":12,"damage_taken":0},{"event_name":"The Cleric","player_choice":"Healed","floor":14,"damage_taken":0},{"event_name":"Addict","player_choice":"Stole Relic","floor":22,"damage_taken":0}],"is_beta":false,"boss_relics":[{"not_picked":["Snecko Eye","Runic Dome"],"picked":"Empty Cage"}],"items_purged_floors":[],"is_endless":false,"potions_floor_spawned":[4,7,13,16,19,27,28,30],"killed_by":"Collector","ascension_level":13}