{"gold_per_floor":[212,212,228,228,228,258,258,275,275,275,275,160,160,174,174,271,271,282,282,15,15,15,44,44],"floor_reached":24,"playtime":694,"items_purged":[],"score":284,"play_id":"938eead1-7c5d-45e5-90cb-5cf8db5c7dbd","local_time":"20181223222033","is_ascension_mode":true,"campfire_choices":[{"data":"Zap","floor":7,"key":"SMITH"},{"data":"White Noise","floor":11,"key":"SMITH"},{"floor":15,"key":"REST"}],"neow_cost":"NONE","seed_source_timestamp":199008507713976,"circlet_count":0,"master_deck":["Strike_B","Strike_B","Strike_B","Defend_B","Defend_B","Defend_B","Defend_B","Zap+1","Dualcast","Redo","Rip and Tear","Leap","White Noise+1","Storm","Melter","Storm","Glacier","Consume","Electrodynamics","Lockon","Beam Cell+1","White Noise+1","Loop","Decay","Aggregate+1"],"relics":["Cracked Core","Prayer Wheel","Ginger","Question Card","White Beast Statue","DollysMirror","MutagenicStrength","Bronze Scales"],"potions_floor_usage":[16,18,18,24,24],"damage_taken":[{"damage":6,"enemies":"Jaw Worm","floor":1,"turns":4},{"damage":0,"enemies":"2 Louse","floor":3,"turns":2},{"damage":35,"enemies":"3 Sentries","floor":6,"turns":7},{"damage":0,"enemies":"Cultist","floor":8,"turns":3},{"damage":6,"enemies":"2 Fungi Beasts","floor":14,"turns":3},{"damage":16,"enemies":"The Guardian","floor":16,"turns":8},{"damage":16,"enemies":"Shell Parasite","floor":18,"turns":4},{"damage":42,"enemies":"Slavers","floor":23,"turns":3},{"damage":0,"enemies":"3 Byrds","floor":24,"turns":1}],"seed_played":"7344102288746924137","potions_obtained":[{"floor":1,"key":"Strength Potion"},{"floor":6,"key":"SpeedPotion"},{"floor":16,"key":"FearPotion"},{"floor":18,"key":"Strength Potion"},{"floor":23,"key":"FocusPotion"}],"is_trial":false,"path_per_floor":["M","$","M","?","?","E","R","M","T","?","R","$","$","M","R","B",null,"M","?","$","?","?","E","M"],"character_chosen":"DEFECT","items_purchased":["Melter","Storm","DollysMirror","Loop"],"campfire_rested":1,"item_purchase_floors":[12,12,20,20],"current_hp_per_floor":[62,62,62,62,62,27,27,27,27,20,20,20,20,14,36,20,61,45,45,45,45,45,3,3],"gold":44,"neow_bonus":"HUNDRED_GOLD","is_prod":false,"is_daily":false,"chose_seed":false,"campfire_upgraded":2,"win_rate":0,"timestamp":1545600033,"path_taken":["M","$","M","?","?","E","R","M","T","?","R","?","$","M","R","BOSS","M","?","$","?","?","E","M"],"build_version":"2018-12-20","purchased_purges":0,"victory":false,"max_hp_per_floor":[75,75,75,75,75,75,75,75,75,75,75,75,75,75,75,75,75,75,75,75,75,75,75,75],"card_choices":[{"not_picked":["Tempest","Hologram"],"picked":"Redo","floor":1},{"not_picked":["Go for the Eyes","Coolheaded"],"picked":"Rip and Tear","floor":3},{"not_picked":["Conserve Battery","Streamline"],"picked":"Leap","floor":6},{"not_picked":["Genetic Algorithm","Storm"],"picked":"White Noise","floor":8},{"not_picked":["Cold Snap","Gash"],"picked":"Storm","floor":8},{"not_picked":["Lockon","Hologram","Cold Snap"],"picked":"Glacier","floor":14},{"not_picked":["Machine Learning","Conserve Battery","Fusion"],"picked":"Consume","floor":14},{"not_picked":["Creative AI","All For One","Buffer"],"picked":"Electrodynamics","floor":16},{"not_picked":["Go for the Eyes","Blizzard","Chill"],"picked":"Lockon","floor":18},{"not_picked":["Go for the Eyes","Sweeping Beam","Rebound"],"picked":"Beam Cell+1","floor":18},{"not_picked":["Barrage","Streamline","Leap"],"picked":"Aggregate+1","floor":23}],"player_experience":454125,"relics_obtained":[{"floor":6,"key":"Prayer Wheel"},{"floor":9,"key":"Ginger"},{"floor":23,"key":"Bronze Scales"}],"event_choices":[{"damage_healed":0,"gold_gain":0,"player_choice":"Ignored","damage_taken":0,"max_hp_gain":0,"max_hp_loss":0,"event_name":"Golden Wing","floor":4,"gold_loss":0},{"damage_healed":0,"gold_gain":0,"player_choice":"Ignored","damage_taken":0,"max_hp_gain":0,"max_hp_loss":0,"event_name":"Shining Light","floor":5,"gold_loss":0},{"damage_healed":0,"gold_gain":0,"player_choice":"Success","damage_taken":7,"relics_obtained":["Question Card"],"max_hp_gain":0,"max_hp_loss":0,"event_name":"Scrap Ooze","floor":10,"gold_loss":0},{"cards_removed":["Strike_B"],"damage_healed":0,"gold_gain":0,"player_choice":"Elegance","damage_taken":0,"max_hp_gain":0,"max_hp_loss":0,"event_name":"Back to Basics","floor":19,"gold_loss":0},{"damage_healed":0,"gold_gain":0,"player_choice":"Smashed Altar","damage_taken":0,"max_hp_gain":0,"max_hp_loss":0,"event_name":"Forgotten Altar","floor":21,"gold_loss":0,"cards_obtained":["Decay"]},{"damage_healed":0,"gold_gain":0,"player_choice":"Inject Mutagens","damage_taken":0,"relics_obtained":["MutagenicStrength"],"max_hp_gain":0,"max_hp_loss":0,"event_name":"Drug Dealer","floor":22,"gold_loss":0}],"is_beta":false,"boss_relics":[{"not_picked":["Fusion Hammer","Snecko Eye"],"picked":"White Beast Statue"}],"items_purged_floors":[],"is_endless":false,"potions_floor_spawned":[1,6,16,18,23],"killed_by":"3 Byrds","ascension_level":7}