{"gold_per_floor":[115,115,131,145,164,164,164,164,164,183,183,215,215,290,290,388,388,399,415,429,519,532,532,552,552,552,552],"floor_reached":27,"playtime":1045,"items_purged":[],"score":240,"play_id":"e2d27aa1-4b40-4873-812c-26fd0786b83d","local_time":"20190128121956","is_ascension_mode":false,"campfire_choices":[{"data":"Zap","floor":6,"key":"SMITH"},{"data":"Zap","floor":8,"key":"SMITH"},{"data":"Lockon","floor":13,"key":"SMITH"},{"data":"Streamline","floor":15,"key":"SMITH"},{"floor":23,"key":"REST"}],"neow_cost":"NONE","seed_source_timestamp":51489113115311,"circlet_count":0,"master_deck":["Strike_B+1","Strike_B+1","Defend_B","Defend_B","Defend_B","Defend_B","Zap+1","Dualcast","Streamline+1","Lockon+1","Zap+1","Defragment","BootSequence+1","Self Repair+1","Lockon","Amplify"],"relics":["Cracked Core","Singing Bowl","Dodecahedron","Inserter","Bronze Scales"],"potions_floor_usage":[12,16,18,20,24],"damage_taken":[{"damage":5,"enemies":"Small Slimes","floor":1,"turns":3},{"damage":0,"enemies":"Cultist","floor":3,"turns":2},{"damage":6,"enemies":"Jaw Worm","floor":4,"turns":3},{"damage":15,"enemies":"Looter","floor":5,"turns":3},{"damage":9,"enemies":"Blue Slaver","floor":10,"turns":3},{"damage":16,"enemies":"Gremlin Nob","floor":12,"turns":3},{"damage":18,"enemies":"Slime Boss","floor":16,"turns":7},{"damage":5,"enemies":"Spheric Guardian","floor":18,"turns":3},{"damage":20,"enemies":"2 Thieves","floor":19,"turns":3},{"damage":10,"enemies":"Snecko","floor":20,"turns":5},{"damage":25,"enemies":"Centurion and Healer","floor":22,"turns":6},{"damage":29,"enemies":"Sentry and Sphere","floor":24,"turns":5},{"damage":17,"enemies":"Snake Plant","floor":27,"turns":2}],"seed_played":"-207803590452813169","potions_obtained":[{"floor":5,"key":"AttackPotion"},{"floor":12,"key":"PowerPotion"},{"floor":16,"key":"Swift Potion"},{"floor":18,"key":"Strength Potion"},{"floor":22,"key":"Block Potion"}],"is_trial":false,"path_per_floor":["M","?","M","M","M","R","?","R","T","M","?","E","R","?","R","B",null,"M","M","M","?","M","R","M","?","T","M"],"character_chosen":"DEFECT","items_purchased":[],"campfire_rested":1,"item_purchase_floors":[],"current_hp_per_floor":[77,77,77,71,56,56,40,40,40,33,61,47,47,36,36,20,88,85,65,57,39,16,44,15,15,15,0],"gold":552,"neow_bonus":"TEN_PERCENT_HP_BONUS","is_prod":false,"is_daily":false,"chose_seed":false,"campfire_upgraded":4,"win_rate":0,"timestamp":1548695996,"path_taken":["M","?","?","M","M","R","?","R","T","M","?","E","R","?","R","BOSS","M","M","M","?","?","R","M","?","T","M"],"build_version":"2019-01-23","purchased_purges":0,"victory":false,"max_hp_per_floor":[82,82,82,82,82,82,82,82,82,84,84,86,86,86,86,88,88,90,90,92,92,94,94,94,94,94,94],"card_choices":[{"not_picked":["Go for the Eyes","Conserve Battery"],"picked":"Streamline","floor":1},{"not_picked":["Gash","Skim"],"picked":"Defragment","floor":3},{"not_picked":["Multi-Cast","Cold Snap","Redo"],"picked":"SKIP","floor":4},{"not_picked":["Hologram","Turbo","Sweeping Beam"],"picked":"SKIP","floor":5},{"not_picked":["Turbo","Reprogram","Steam Power"],"picked":"Singing Bowl","floor":10},{"not_picked":["Streamline","Blizzard","Scrape"],"picked":"Singing Bowl","floor":12},{"not_picked":["Hyperbeam","Seek","Echo Form"],"picked":"Singing Bowl","floor":16},{"not_picked":["Gash","Capacitor","Stack"],"picked":"Singing Bowl","floor":18},{"not_picked":["Hologram+1","Glacier"],"picked":"BootSequence+1","floor":19},{"not_picked":["Sunder","Streamline+1","Steam"],"picked":"Singing Bowl","floor":20},{"not_picked":["Ball Lightning+1","Sunder","Coolheaded"],"picked":"Singing Bowl","floor":22},{"not_picked":["Go for the Eyes","Chill"],"picked":"Self Repair+1","floor":24}],"player_experience":591646,"relics_obtained":[{"floor":9,"key":"Singing Bowl"},{"floor":12,"key":"Dodecahedron"},{"floor":26,"key":"Bronze Scales"}],"event_choices":[{"damage_healed":0,"gold_gain":0,"player_choice":"2 cards matched","damage_taken":0,"max_hp_gain":0,"max_hp_loss":0,"event_name":"Match and Keep!","floor":2,"gold_loss":0,"cards_obtained":["Lockon","Zap"]},{"damage_healed":0,"gold_gain":0,"player_choice":"Entered Light","damage_taken":16,"max_hp_gain":0,"max_hp_loss":0,"event_name":"Shining Light","floor":7,"gold_loss":0,"cards_upgraded":["Strike_B","Strike_B"]},{"damage_healed":28,"gold_gain":0,"player_choice":"Banana","damage_taken":0,"max_hp_gain":0,"max_hp_loss":0,"event_name":"Big Fish","floor":11,"gold_loss":0},{"damage_healed":0,"gold_gain":75,"player_choice":"Gather Gold","damage_taken":11,"max_hp_gain":0,"max_hp_loss":0,"event_name":"World of Goop","floor":14,"gold_loss":0},{"damage_healed":0,"gold_gain":90,"player_choice":"GOLD ","damage_taken":18,"max_hp_gain":0,"max_hp_loss":0,"event_name":"Knowing Skull","floor":21,"potions_obtained":[],"gold_loss":0,"cards_obtained":[]},{"damage_healed":0,"gold_gain":0,"cards_transformed":["Strike_B","Strike_B"],"player_choice":"Became Test Subject","damage_taken":0,"max_hp_gain":0,"max_hp_loss":0,"event_name":"Drug Dealer","floor":25,"gold_loss":0,"cards_obtained":["Lockon","Amplify"]}],"is_beta":false,"boss_relics":[{"not_picked":["Tiny House","Eternal Feather"],"picked":"Inserter"}],"items_purged_floors":[],"is_endless":false,"potions_floor_spawned":[5,12,16,18,22],"killed_by":"Snake Plant","ascension_level":0}