{"path_per_floor":["M","M","?","?","M","E","R","M","T","R","T","R","M","M","R","B",null,"M","M"],"character_chosen":"THE_SILENT","items_purchased":[],"gold_per_floor":[10,30,30,10,29,57,57,73,97,97,97,97,111,125,125,223,223,241,255,255],"floor_reached":20,"campfire_rested":1,"playtime":546,"item_purchase_floors":[],"current_hp_per_floor":[68,68,54,54,50,33,33,21,21,21,21,21,21,17,38,22,58,35,3,0],"items_purged":[],"gold":255,"score":220,"play_id":"9cc131d4-4990-414a-ad82-7810bf1a88f8","local_time":"20180531230355","is_prod":false,"is_daily":false,"chose_seed":false,"is_ascension_mode":true,"campfire_upgraded":3,"win_rate":0,"timestamp":1527822235,"campfire_choices":[{"data":"Terror","floor":7,"key":"SMITH"},{"data":"Neutralize","floor":10,"key":"SMITH"},{"data":"Outmaneuver","floor":12,"key":"SMITH"},{"floor":15,"key":"REST"}],"path_taken":["M","M","?","?","?","E","R","M","T","R","?","R","M","M","R","BOSS","M","M","M"],"build_version":"2018-05-30v2","seed_source_timestamp":293372884811088,"purchased_purges":0,"victory":false,"master_deck":["Defend_G","Defend_G","Defend_G","Strike_G+1","Strike_G","Strike_G+1","Strike_G","Strike_G","Survivor","Neutralize+1","Terror+1","Poisoned Stab","Catalyst","Outmaneuver+1","Flying Knee","Deadly Poison","Poisoned Stab","Night Terror","Deadly Poison+1","Poisoned Stab"],"max_hp_per_floor":[70,70,70,70,70,70,70,70,70,70,70,70,70,70,70,70,70,70,70,70],"relics":["Ring of the Snake","Vajra","Bag of Marbles","Mercury Hourglass","Black Star"],"card_choices":[{"not_picked":["Quick Slash","Blade Dance"],"picked":"Terror","floor":1},{"not_picked":["Quick Slash","Prepared"],"picked":"Poisoned Stab","floor":2},{"not_picked":["Poisoned Stab","Malaise"],"picked":"Catalyst","floor":5},{"not_picked":["Cloak And Dagger","Wraith Form v2"],"picked":"Outmaneuver","floor":6},{"not_picked":["Acrobatics","Infinite Blades"],"picked":"Flying Knee","floor":8},{"not_picked":["Dodge and Roll","Expertise"],"picked":"Deadly Poison","floor":13},{"not_picked":["Flying Knee","PiercingWail"],"picked":"Poisoned Stab","floor":14},{"not_picked":["Phantasmal Killer","Tactician"],"picked":"Night Terror","floor":16},{"not_picked":["Blur+1","Terror"],"picked":"Deadly Poison+1","floor":18},{"not_picked":["Deadly Poison","PiercingWail+1"],"picked":"Poisoned Stab","floor":19}],"player_experience":238392,"potions_floor_usage":[16,16],"damage_taken":[{"damage":2,"enemies":"2 Louse","floor":1,"turns":3},{"damage":0,"enemies":"Small Slimes","floor":2,"turns":3},{"damage":4,"enemies":"Jaw Worm","floor":5,"turns":2},{"damage":17,"enemies":"Lagavulin","floor":6,"turns":5},{"damage":12,"enemies":"Exordium Wildlife","floor":8,"turns":4},{"damage":0,"enemies":"3 Louse","floor":13,"turns":1},{"damage":4,"enemies":"Blue Slaver","floor":14,"turns":2},{"damage":16,"enemies":"Hexaghost","floor":16,"turns":6},{"damage":23,"enemies":"3 Byrds","floor":18,"turns":4},{"damage":32,"enemies":"Shell Parasite","floor":19,"turns":5},{"damage":16,"enemies":"Chosen and Byrds","floor":20,"turns":2}],"relics_obtained":[{"floor":6,"key":"Vajra"},{"floor":9,"key":"Bag of Marbles"},{"floor":11,"key":"Mercury Hourglass"}],"event_choices":[{"event_name":"Shining Light","player_choice":"Entered Light","floor":3,"damage_taken":0},{"event_name":"World of Goop","player_choice":"Left","floor":4,"damage_taken":0}],"boss_relics":[{"not_picked":["Eternal Feather","Velvet Choker"],"picked":"Black Star"}],"items_purged_floors":[],"potions_floor_spawned":[2,5,14,19],"seed_played":"3015582457953937354","killed_by":"Chosen and Byrds","ascension_level":5,"potions_obtained":[{"floor":2,"key":"SteroidPotion"},{"floor":5,"key":"SpeedPotion"},{"floor":14,"key":"AttackPotion"},{"floor":19,"key":"EssenceOfSteel"}],"is_trial":false}