{"gold_per_floor":[114,128,128,142,158,158,185,185,238,249,9,9,27,27],"floor_reached":14,"playtime":580,"items_purged":["Strike_B"],"score":179,"play_id":"cb665cb8-d015-4b73-aeee-454606ccb79d","local_time":"20181102174447","is_ascension_mode":true,"campfire_choices":[{"data":"Chaos","floor":6,"key":"SMITH"},{"data":"Redo","floor":8,"key":"SMITH"},{"floor":12,"key":"REST"}],"neow_cost":"NONE","seed_source_timestamp":604799771328956,"circlet_count":0,"master_deck":["AscendersBane","Strike_B","Strike_B","Strike_B","Defend_B","Defend_B","Defend_B","Defend_B","Zap","Dualcast","FTL","Hologram","Coolheaded","Capacitor","Chaos+1","Redo+1","FTL","Seek"],"relics":["Cracked Core","Pantograph","Happy Flower","Centennial Puzzle"],"potions_floor_usage":[3,7],"damage_taken":[{"damage":9,"enemies":"Jaw Worm","floor":1,"turns":3},{"damage":1,"enemies":"Cultist","floor":2,"turns":3},{"damage":1,"enemies":"Small Slimes","floor":4,"turns":4},{"damage":4,"enemies":"Blue Slaver","floor":5,"turns":5},{"damage":33,"enemies":"Gremlin Nob","floor":7,"turns":4},{"damage":0,"enemies":"Large Slime","floor":10,"turns":6},{"damage":6,"enemies":"Exordium Wildlife","floor":13,"turns":3},{"damage":37,"enemies":"3 Sentries","floor":14,"turns":8}],"seed_played":"-5245195760142769412","potions_obtained":[{"floor":1,"key":"Fruit Juice"},{"floor":2,"key":"AttackPotion"},{"floor":3,"key":"FocusPotion"}],"is_trial":false,"path_per_floor":["M","M","?","M","M","R","E","R","T","M","$","R","M","E"],"character_chosen":"DEFECT","items_purchased":["Centennial Puzzle"],"campfire_rested":1,"item_purchase_floors":[11],"current_hp_per_floor":[55,54,59,58,54,54,21,21,21,21,21,43,37,0],"gold":27,"neow_bonus":"THREE_CARDS","is_prod":false,"is_daily":false,"chose_seed":false,"campfire_upgraded":2,"win_rate":0,"timestamp":1541177087,"path_taken":["M","M","?","M","?","R","E","R","T","M","$","R","M","E"],"build_version":"2018-11-01v2","purchased_purges":1,"victory":false,"max_hp_per_floor":[71,71,76,76,76,76,76,76,76,76,76,76,76,76],"card_choices":[{"not_picked":["Coolheaded","Streamline"],"picked":"FTL","floor":0},{"not_picked":["Redo","Rebound"],"picked":"Hologram","floor":1},{"not_picked":["Force Field","Blizzard"],"picked":"Coolheaded","floor":2},{"not_picked":["Barrage","Sweeping Beam"],"picked":"Capacitor","floor":4},{"not_picked":["Steam","Streamline"],"picked":"Chaos","floor":5},{"not_picked":["Rebound","Sweeping Beam"],"picked":"Redo","floor":7},{"not_picked":["Recycle","Ball Lightning"],"picked":"FTL","floor":10},{"not_picked":["Gash","Beam Cell"],"picked":"Seek","floor":13}],"player_experience":305451,"relics_obtained":[{"floor":7,"key":"Pantograph"},{"floor":9,"key":"Happy Flower"}],"event_choices":[{"damage_healed":0,"gold_gain":0,"player_choice":"Got Potions","damage_taken":0,"max_hp_gain":0,"max_hp_loss":0,"event_name":"Lab","floor":3,"gold_loss":0}],"is_beta":true,"boss_relics":[],"items_purged_floors":[11],"is_endless":false,"potions_floor_spawned":[1,2,4,5],"killed_by":"3 Sentries","ascension_level":19}