{"path_per_floor":["M","?","M","?","$","R","E","M","T","E","R","$","M","M","R","B",null,"M","?","?","M","M","E","R","E","T"],"character_chosen":"DEFECT","items_purchased":[],"gold_per_floor":[115,115,129,129,54,54,87,102,102,133,133,33,48,67,67,165,195,206,131,131,143,161,186,186,212,238,238],"floor_reached":27,"campfire_rested":2,"playtime":911,"item_purchase_floors":[],"current_hp_per_floor":[68,68,67,67,67,67,53,50,50,5,27,27,27,27,27,15,65,58,58,42,42,38,16,47,32,32,0],"items_purged":["Defend_B","Strike_B"],"gold":238,"score":351,"play_id":"d0b5a522-fb60-458b-ac6b-57c2b26e2a6f","local_time":"20180602024654","is_prod":false,"is_daily":false,"chose_seed":false,"is_ascension_mode":true,"campfire_upgraded":2,"win_rate":0,"timestamp":1527922014,"campfire_choices":[{"data":"Leap","floor":6,"key":"SMITH"},{"floor":11,"key":"REST"},{"data":"Redo","floor":15,"key":"SMITH"},{"floor":24,"key":"REST"}],"path_taken":["M","?","M","?","?","R","E","M","T","E","R","$","?","M","R","BOSS","M","?","?","M","M","E","R","E","T","E"],"build_version":"2018-05-30v2","seed_source_timestamp":392702333351375,"purchased_purges":2,"victory":false,"master_deck":["Strike_B","Strike_B+1","Defend_B","Defend_B","Defend_B","Zap+1","Dualcast+1","Leap","Leap+1","Redo+1","Compile Driver","Compile Driver","Static Discharge","Core Surge","Steam Power"],"max_hp_per_floor":[75,75,75,75,75,75,75,75,75,75,75,75,75,75,75,75,80,85,85,90,90,90,104,104,104,104,104],"relics":["Cracked Core","Potion Belt","Ginger","Shuriken","Symbiotic Virus","Tiny House","Mango","Bottled Flame","Blood Vial"],"card_choices":[{"not_picked":["Storm","Darkness"],"picked":"Leap","floor":1},{"not_picked":["Barrage","Turbo"],"picked":"Leap","floor":3},{"not_picked":["Turbo","Stack"],"picked":"Redo","floor":7},{"not_picked":["Storm","Compile Driver","Heatsinks"],"picked":"SKIP","floor":8},{"not_picked":["Go for the Eyes","Lockon"],"picked":"Compile Driver","floor":10},{"not_picked":["Barrage","Stack"],"picked":"Compile Driver","floor":13},{"not_picked":["Scrape","Chaos"],"picked":"Static Discharge","floor":14},{"not_picked":["Amplify","Buffer"],"picked":"Core Surge","floor":16},{"not_picked":["Melter","Force Field+1","Beam Cell"],"picked":"SKIP","floor":18},{"not_picked":["Coolheaded","Darkness"],"picked":"Steam Power","floor":21},{"not_picked":["Chaos","Barrage","Beam Cell"],"picked":"SKIP","floor":22},{"not_picked":["Steam","Gash","Streamline"],"picked":"SKIP","floor":23},{"not_picked":["Hello World","Go for the Eyes","Skim"],"picked":"SKIP","floor":25}],"player_experience":256817,"potions_floor_usage":[10,18,23],"damage_taken":[{"damage":7,"enemies":"Jaw Worm","floor":1,"turns":3},{"damage":1,"enemies":"Cultist","floor":3,"turns":3},{"damage":14,"enemies":"3 Sentries","floor":7,"turns":10},{"damage":3,"enemies":"2 Louse","floor":8,"turns":2},{"damage":45,"enemies":"Gremlin Nob","floor":10,"turns":5},{"damage":0,"enemies":"Red Slaver","floor":13,"turns":3},{"damage":0,"enemies":"Blue Slaver","floor":14,"turns":3},{"damage":12,"enemies":"The Guardian","floor":16,"turns":7},{"damage":12,"enemies":"3 Byrds","floor":18,"turns":4},{"damage":0,"enemies":"Chosen","floor":21,"turns":4},{"damage":4,"enemies":"Snecko","floor":22,"turns":3},{"damage":36,"enemies":"Slavers","floor":23,"turns":6},{"damage":15,"enemies":"Gremlin Leader","floor":25,"turns":8},{"damage":37,"enemies":"Slavers","floor":27,"turns":2}],"relics_obtained":[{"floor":7,"key":"Ginger"},{"floor":9,"key":"Shuriken"},{"floor":10,"key":"Symbiotic Virus"},{"floor":23,"key":"Mango"},{"floor":25,"key":"Bottled Flame"},{"floor":26,"key":"Blood Vial"}],"event_choices":[{"event_name":"Upgrade Shrine","player_choice":"Upgraded","floor":2,"damage_taken":0},{"event_name":"Accursed Blacksmith","player_choice":"Forge","floor":4,"damage_taken":0},{"event_name":"Beggar","player_choice":"Gave Gold","floor":19,"damage_taken":0},{"event_name":"Forgotten Altar","player_choice":"Shed Blood","floor":20,"damage_taken":0}],"boss_relics":[{"not_picked":["Velvet Choker","Runic Pyramid"],"picked":"Tiny House"}],"items_purged_floors":[5,12],"potions_floor_spawned":[3,13],"seed_played":"2609723398853866610","killed_by":"Slavers","ascension_level":5,"potions_obtained":[{"floor":3,"key":"FearPotion"},{"floor":13,"key":"Energy Potion"},{"floor":17,"key":"Fruit Juice"}],"is_trial":false}