{"path_per_floor":["M","M","?","M","M","R","M","?","T","R","M","E","M","?","R","B",null,"M","$","M","?","?","R","M","E","T","M","R","E","R","M","R","B",null,"M","M","?","M","$","E","M","M","T","R","E","M","$","T","R","B"],"character_chosen":"DEFECT","items_purchased":["Meat on the Bone","Bottled Lightning","Orichalcum","Flash of Steel","Weak Potion"],"gold_per_floor":[113,126,126,140,154,154,174,249,249,249,260,290,307,307,307,403,403,414,165,181,181,181,181,191,223,247,257,257,291,291,306,306,401,401,413,432,432,443,184,210,224,237,292,292,325,337,42,42,42,42],"floor_reached":51,"campfire_rested":6,"playtime":3152,"item_purchase_floors":[19,39,47,47,47],"current_hp_per_floor":[75,73,66,59,45,45,34,23,23,45,38,36,24,24,46,31,75,75,75,63,63,63,63,51,40,40,36,58,47,47,47,69,43,75,68,68,59,43,43,27,27,13,13,35,31,43,43,43,65,45],"items_purged":["Strike_B","Decay","Injury"],"gold":42,"score":831,"play_id":"dfaf07c0-a7f9-42f8-96b5-6f54d88e286a","local_time":"20180615200519","is_prod":false,"is_daily":false,"chose_seed":false,"is_ascension_mode":true,"campfire_upgraded":3,"win_rate":0,"timestamp":1529118319,"campfire_choices":[{"data":"Capacitor","floor":6,"key":"SMITH"},{"floor":10,"key":"REST"},{"floor":15,"key":"REST"},{"data":"Seek","floor":23,"key":"SMITH"},{"floor":28,"key":"REST"},{"data":"Defragment","floor":30,"key":"SMITH"},{"floor":32,"key":"REST"},{"floor":44,"key":"REST"},{"floor":49,"key":"REST"}],"path_taken":["M","M","?","M","?","R","M","?","T","R","M","E","M","?","R","BOSS","M","$","M","?","?","R","M","E","T","M","R","E","R","M","R","BOSS","M","M","?","M","$","E","M","M","T","R","E","M","$","?","R","BOSS"],"build_version":"2018-06-14","seed_source_timestamp":162185446287487,"purchased_purges":3,"victory":true,"master_deck":["Strike_B+1","Strike_B+1","Defend_B+1","Defend_B+1","Defend_B+1","Zap","Dualcast","Ball Lightning","Capacitor+1","Ball Lightning+1","Cold Snap","Sweeping Beam","Defragment+1","Lockon","Cold Snap","Seek+1","Leap","Consume+1","Go for the Eyes","Coolheaded","Defragment+1","Glacier+1","Madness","Madness","Meteor Strike+1","Amplify","Streamline","Coolheaded","Coolheaded+1","Chaos+1","Flash of Steel","Pain"],"max_hp_per_floor":[75,75,75,75,75,75,75,75,75,75,75,75,75,75,75,75,75,75,75,75,75,75,75,75,75,75,75,75,75,75,75,75,75,75,75,75,75,75,75,75,75,75,75,75,75,75,75,75,75,75],"relics":["Cracked Core","Smiling Mask","The Courier","Cursed Key","Meat on the Bone","Gremlin Horn","Ancient Tea Set","Anchor","Fusion Hammer","Bottled Lightning","Whetstone","Vajra","Bag of Marbles","Orichalcum","Mercury Hourglass"],"card_choices":[{"not_picked":["Heatsinks","Rebound"],"picked":"Ball Lightning","floor":1},{"not_picked":["Chill","Compile Driver"],"picked":"Capacitor","floor":2},{"not_picked":["Barrage","Rip and Tear"],"picked":"Ball Lightning","floor":4},{"not_picked":["Go for the Eyes","Turbo"],"picked":"Cold Snap","floor":5},{"not_picked":["Hello World","Hologram"],"picked":"Sweeping Beam","floor":7},{"not_picked":["Tempest","Heatsinks"],"picked":"Defragment","floor":11},{"not_picked":["Multi-Cast","Sunder"],"picked":"Lockon","floor":12},{"not_picked":["Melter","Streamline"],"picked":"Cold Snap","floor":13},{"not_picked":["Echo Form","Core Surge"],"picked":"Seek","floor":16},{"not_picked":["Heatsinks","Force Field"],"picked":"Leap","floor":18},{"not_picked":["Tempest+1","Steam"],"picked":"Consume+1","floor":20},{"not_picked":["Rip and Tear","Steam"],"picked":"Go for the Eyes","floor":24},{"not_picked":["Stack","Beam Cell"],"picked":"Coolheaded","floor":25},{"not_picked":["Coolheaded","Undo"],"picked":"Defragment","floor":27},{"not_picked":["Sweeping Beam","Steam","Static Discharge"],"picked":"SKIP","floor":29},{"not_picked":["Lockon","Genetic Algorithm+1","Redo"],"picked":"SKIP","floor":31},{"not_picked":["Rebound+1","Stack","Hello World"],"picked":"SKIP","floor":35},{"not_picked":["Conserve Battery+1","Compile Driver+1"],"picked":"Glacier+1","floor":36},{"not_picked":["Go for the Eyes+1","Scrape+1"],"picked":"Meteor Strike","floor":38},{"not_picked":["Stack","Turbo+1"],"picked":"Amplify","floor":40},{"not_picked":["Skim","Compile Driver+1"],"picked":"Streamline","floor":41},{"not_picked":["Recycle+1","Go for the Eyes+1"],"picked":"Coolheaded","floor":42},{"not_picked":["Compile Driver","Conserve Battery"],"picked":"Coolheaded+1","floor":45},{"not_picked":["Coolheaded+1","Undo+1"],"picked":"Chaos+1","floor":46}],"player_experience":313688,"potions_floor_usage":[11,12,12,25,29,31,40,40,40,50,50,50],"damage_taken":[{"damage":0,"enemies":"2 Louse","floor":1,"turns":2},{"damage":2,"enemies":"Jaw Worm","floor":2,"turns":3},{"damage":7,"enemies":"Small Slimes","floor":4,"turns":2},{"damage":14,"enemies":"Red Slaver","floor":5,"turns":2},{"damage":11,"enemies":"Blue Slaver","floor":7,"turns":2},{"damage":7,"enemies":"Exordium Wildlife","floor":11,"turns":2},{"damage":2,"enemies":"3 Sentries","floor":12,"turns":6},{"damage":12,"enemies":"Red Slaver","floor":13,"turns":2},{"damage":15,"enemies":"The Guardian","floor":16,"turns":9},{"damage":0,"enemies":"Spheric Guardian","floor":18,"turns":3},{"damage":12,"enemies":"3 Byrds","floor":20,"turns":4},{"damage":12,"enemies":"Snake Plant","floor":24,"turns":4},{"damage":11,"enemies":"Gremlin Leader","floor":25,"turns":5},{"damage":16,"enemies":"Snecko","floor":27,"turns":6},{"damage":23,"enemies":"Book of Stabbing","floor":29,"turns":5},{"damage":0,"enemies":"3 Cultists","floor":31,"turns":4},{"damage":26,"enemies":"Automaton","floor":33,"turns":10},{"damage":7,"enemies":"3 Shapes","floor":35,"turns":4},{"damage":0,"enemies":"Orb Walker","floor":36,"turns":3},{"damage":16,"enemies":"4 Shapes","floor":38,"turns":4},{"damage":28,"enemies":"Giant Head","floor":40,"turns":10},{"damage":12,"enemies":"Maw","floor":41,"turns":7},{"damage":26,"enemies":"3 Darklings","floor":42,"turns":5},{"damage":16,"enemies":"Nemesis","floor":45,"turns":7},{"damage":0,"enemies":"Sphere and 2 Shapes","floor":46,"turns":6},{"damage":32,"enemies":"Awakened One","floor":50,"turns":13}],"relics_obtained":[{"floor":9,"key":"Smiling Mask"},{"floor":12,"key":"The Courier"},{"floor":25,"key":"Gremlin Horn"},{"floor":26,"key":"Ancient Tea Set"},{"floor":29,"key":"Anchor"},{"floor":40,"key":"Whetstone"},{"floor":43,"key":"Vajra"},{"floor":45,"key":"Bag of Marbles"},{"floor":48,"key":"Mercury Hourglass"}],"event_choices":[{"event_name":"Golden Wing","player_choice":"Card Removal","floor":3,"damage_taken":0},{"event_name":"World of Goop","player_choice":"Gather Gold","floor":8,"damage_taken":0},{"event_name":"Living Wall","player_choice":"Grow","floor":14,"damage_taken":0},{"event_name":"Vampires","player_choice":"Ignored","floor":21,"damage_taken":0},{"event_name":"Back to Basics","player_choice":"Simplicity","floor":22,"damage_taken":0},{"event_name":"Winding Halls","player_choice":"Embrace Madness","floor":37,"damage_taken":0}],"boss_relics":[{"not_picked":["Eternal Feather","Runic Pyramid"],"picked":"Cursed Key"},{"not_picked":["Coffee Dripper","Lizard Tail"],"picked":"Fusion Hammer"}],"items_purged_floors":[19,39,47],"is_endless":false,"potions_floor_spawned":[4,7,11,13,20,24,27,31,38,41,42,45],"seed_played":"-4905166444735753362","ascension_level":3,"potions_obtained":[{"floor":4,"key":"FocusPotion"},{"floor":7,"key":"AttackPotion"},{"floor":11,"key":"EssenceOfSteel"},{"floor":13,"key":"GamblersBrew"},{"floor":20,"key":"Explosive Potion"},{"floor":24,"key":"SpeedPotion"},{"floor":27,"key":"EntropicBrew"},{"floor":31,"key":"Ancient Potion"},{"floor":38,"key":"AttackPotion"},{"floor":41,"key":"SkillPotion"},{"floor":42,"key":"Fire Potion"}],"is_trial":false}