{"gold_per_floor":[110,110,126,144,155,155,330,358,434,434,454,472,472],"floor_reached":13,"playtime":543,"items_purged":[],"score":144,"play_id":"fee6e3e0-96d2-4b0f-9a50-f21a00a3787f","local_time":"20181228133949","is_ascension_mode":true,"campfire_choices":[{"data":"Zap","floor":6,"key":"SMITH"},{"floor":10,"key":"REST"}],"neow_cost":"NONE","seed_source_timestamp":693093902574274,"circlet_count":0,"master_deck":["AscendersBane","Strike_B","Strike_B","Strike_B","Defend_B","Defend_B","Defend_B","Defend_B","Zap+1","Dualcast","Echo Form","Cold Snap","Machine Learning","Ball Lightning","Hologram","Barrage","Doubt","Compile Driver"],"relics":["Cracked Core","Ginger"],"potions_floor_usage":[8,13,13],"damage_taken":[{"damage":14,"enemies":"2 Louse","floor":1,"turns":3},{"damage":0,"enemies":"Small Slimes","floor":3,"turns":3},{"damage":7,"enemies":"Jaw Worm","floor":4,"turns":3},{"damage":4,"enemies":"Looter","floor":5,"turns":3},{"damage":42,"enemies":"Gremlin Nob","floor":8,"turns":5},{"damage":0,"enemies":"2 Fungi Beasts","floor":11,"turns":2},{"damage":21,"enemies":"Lots of Slimes","floor":12,"turns":4},{"damage":3,"enemies":"3 Louse","floor":13,"turns":1}],"seed_played":"-5026292352096188971","potions_obtained":[{"floor":3,"key":"FearPotion"},{"floor":5,"key":"FearPotion"},{"floor":8,"key":"Weak Potion"}],"is_trial":false,"path_per_floor":["M","?","M","M","M","R","?","E","T","R","M","M","M"],"character_chosen":"DEFECT","items_purchased":[],"campfire_rested":1,"item_purchase_floors":[],"current_hp_per_floor":[54,54,54,47,43,43,43,1,1,23,23,2,0],"gold":472,"neow_bonus":"ONE_RANDOM_RARE_CARD","is_prod":false,"is_daily":false,"chose_seed":false,"campfire_upgraded":1,"win_rate":0,"timestamp":1546025989,"path_taken":["M","?","M","M","M","R","?","E","T","R","M","M","M"],"build_version":"2018-12-20","purchased_purges":0,"victory":false,"max_hp_per_floor":[75,75,75,75,75,75,75,75,75,75,75,75,75],"card_choices":[{"not_picked":["Hologram","Compile Driver"],"picked":"Cold Snap","floor":1},{"not_picked":["Force Field","Turbo"],"picked":"Ball Lightning","floor":3},{"not_picked":["Beam Cell","Turbo"],"picked":"Hologram","floor":4},{"not_picked":["Hologram","Gash"],"picked":"Barrage","floor":5},{"not_picked":["Melter","Compile Driver","Darkness"],"picked":"SKIP","floor":8},{"not_picked":["White Noise","Reprogram"],"picked":"Compile Driver","floor":11},{"not_picked":["Fusion","Stack","Turbo"],"picked":"SKIP","floor":12}],"player_experience":322719,"relics_obtained":[{"floor":8,"key":"Ginger"}],"event_choices":[{"damage_healed":0,"gold_gain":0,"cards_transformed":["Strike_B"],"player_choice":"Change","damage_taken":0,"max_hp_gain":0,"max_hp_loss":0,"event_name":"Living Wall","floor":2,"gold_loss":0,"cards_obtained":["Machine Learning"]},{"damage_healed":0,"gold_gain":175,"player_choice":"AGREE","damage_taken":0,"max_hp_gain":0,"max_hp_loss":0,"event_name":"Liars Game","floor":7,"gold_loss":0,"cards_obtained":["Doubt"]}],"is_beta":false,"boss_relics":[],"items_purged_floors":[],"is_endless":false,"potions_floor_spawned":[3,5,8],"killed_by":"3 Louse","ascension_level":13}