{"gold_per_floor":[118,137,57,67,86,86,16,16,16,16,28,28,28,38,38,112,112,123,136,46,60,78,78,96,96,96,109,34,48,68,68,68,68],"floor_reached":33,"playtime":4474,"items_purged":["Defend_B"],"score":401,"play_id":"57c49d43-cab9-4fb4-af7e-051e11996763","local_time":"20180920121259","is_ascension_mode":true,"campfire_choices":[{"data":"Dualcast","floor":6,"key":"SMITH"},{"data":"Static Discharge","floor":10,"key":"SMITH"},{"floor":15,"key":"REST"},{"floor":23,"key":"REST"},{"floor":25,"key":"REST"},{"floor":32,"key":"REST"}],"neow_cost":"NONE","seed_source_timestamp":426212252831731,"circlet_count":0,"master_deck":["Defend_B","Defend_B","Defend_B","Zap+1","Dualcast+1","AscendersBane","Sweeping Beam","Capacitor","Reprogram+1","Seek","Static Discharge+1","Tempest","Echo Form","Auto Shields+1","Tempest+1","Auto Shields+1","Consume","Steam+1","Self Repair","Conserve Battery+1","FTL","Writhe"],"relics":["Cracked Core","DataDisk","Mercury Hourglass","Astrolabe","Boot","Mummified Hand"],"potions_floor_usage":[16,16,16,19,22,22,33],"damage_taken":[{"damage":2,"enemies":"2 Louse","floor":1,"turns":2},{"damage":4,"enemies":"Jaw Worm","floor":2,"turns":3},{"damage":0,"enemies":"Small Slimes","floor":4,"turns":2},{"damage":12,"enemies":"3 Louse","floor":5,"turns":4},{"damage":9,"enemies":"Exordium Thugs","floor":11,"turns":3},{"damage":2,"enemies":"Large Slime","floor":14,"turns":4},{"damage":34,"enemies":"Hexaghost","floor":16,"turns":6},{"damage":4,"enemies":"2 Thieves","floor":18,"turns":3},{"damage":0,"enemies":"Spheric Guardian","floor":19,"turns":3},{"damage":35,"enemies":"Snecko","floor":21,"turns":5},{"damage":5,"enemies":"3 Cultists","floor":22,"turns":5},{"damage":32,"enemies":"Snake Plant","floor":24,"turns":5},{"damage":12,"enemies":"Centurion and Healer","floor":27,"turns":8},{"damage":16,"enemies":"Chosen and Byrds","floor":29,"turns":5},{"damage":15,"enemies":"3 Cultists","floor":30,"turns":4},{"damage":62,"enemies":"Champ","floor":33,"turns":8}],"seed_played":"-1772705592112421836","potions_obtained":[{"floor":2,"key":"EntropicBrew"},{"floor":4,"key":"Strength Potion"},{"floor":18,"key":"Fire Potion"},{"floor":21,"key":"Ancient Potion"},{"floor":24,"key":"FocusPotion"}],"is_trial":false,"path_per_floor":["M","M","$","M","M","R","$","?","T","R","M","?","?","M","R","B",null,"M","M","?","M","M","R","M","R","T","M","$","M","M","?","R"],"character_chosen":"DEFECT","items_purchased":["Capacitor","Static Discharge"],"campfire_rested":4,"item_purchase_floors":[3,7],"current_hp_per_floor":[66,62,62,62,50,50,50,55,55,55,46,46,46,44,68,34,69,65,65,65,30,25,49,17,41,41,36,36,27,19,19,43,0],"gold":68,"neow_bonus":"RANDOM_COMMON_RELIC","is_prod":false,"is_daily":false,"chose_seed":false,"campfire_upgraded":2,"win_rate":0,"timestamp":1537438379,"path_taken":["M","M","$","M","M","R","$","?","T","R","M","?","?","M","R","BOSS","M","M","?","M","M","R","M","R","T","M","?","M","?","?","R","BOSS"],"build_version":"2018-09-06","purchased_purges":1,"victory":false,"max_hp_per_floor":[75,75,75,75,75,75,75,80,80,80,80,80,80,80,80,80,80,80,80,80,80,80,80,80,80,80,80,80,80,80,80,80,80],"card_choices":[{"not_picked":["Leap","Barrage","Double Energy"],"picked":"SKIP","floor":1},{"not_picked":["Genetic Algorithm","Double Energy"],"picked":"Sweeping Beam","floor":2},{"not_picked":["Steam","Beam Cell"],"picked":"Reprogram","floor":4},{"not_picked":["Redo","Force Field"],"picked":"Seek","floor":5},{"not_picked":["Streamline","Rebound"],"picked":"Tempest","floor":11},{"not_picked":["Compile Driver","Hologram","Force Field"],"picked":"SKIP","floor":14},{"not_picked":["All For One","Rainbow"],"picked":"Echo Form","floor":16},{"not_picked":["Beam Cell","Tempest"],"picked":"Consume","floor":18},{"not_picked":["Lockon","Streamline","Go for the Eyes"],"picked":"SKIP","floor":19},{"not_picked":["Redo","Streamline+1"],"picked":"Steam+1","floor":21},{"not_picked":["Consume+1","Hologram","Echo Form"],"picked":"SKIP","floor":22},{"not_picked":["White Noise","Beam Cell"],"picked":"Self Repair","floor":24},{"not_picked":["Storm","Beam Cell"],"picked":"Conserve Battery+1","floor":27},{"not_picked":["Steam Power","Force Field"],"picked":"FTL","floor":29},{"not_picked":["Steam","Hologram","Beam Cell"],"picked":"SKIP","floor":30}],"player_experience":451965,"relics_obtained":[{"floor":9,"key":"Mercury Hourglass"},{"floor":26,"key":"Boot"}],"event_choices":[{"event_name":"Big Fish","player_choice":"Donut","floor":8,"damage_taken":0},{"event_name":"The Cleric","player_choice":"Leave","floor":12,"damage_taken":0},{"event_name":"Living Wall","player_choice":"Grow","floor":13,"damage_taken":0},{"event_name":"Designer","player_choice":"Full Service","floor":20,"damage_taken":0},{"event_name":"The Mausoleum","player_choice":"Yes","floor":31,"damage_taken":0}],"is_beta":false,"boss_relics":[{"not_picked":["Velvet Choker","Snecko Eye"],"picked":"Astrolabe"}],"items_purged_floors":[28],"is_endless":false,"potions_floor_spawned":[2,4,14,18,21,24],"killed_by":"Champ","ascension_level":13}