{"gold_per_floor":[116,135,135,151,151,151,189,189,189,214,214,257,2,2,2,128,128,146,146,185,98,134,134,172,172,251,295,64,64,88,109,109,233,233,266,284,97,97,97,97,161,161,185,219,90,90,105,105,105,105],"floor_reached":50,"playtime":1724,"items_purged":["Strike_B"],"score":834,"play_id":"5bcaf8b7-5ded-4a71-8ce0-9f4d23d56a65","local_time":"20181228234333","is_ascension_mode":true,"campfire_choices":[{"data":"Streamline","floor":6,"key":"SMITH"},{"floor":15,"key":"REST"},{"floor":23,"key":"REST"},{"floor":25,"key":"REST"},{"data":"Enlightenment","floor":29,"key":"SMITH"},{"floor":32,"key":"REST"},{"floor":40,"key":"REST"},{"floor":42,"key":"REST"},{"floor":46,"key":"REST"},{"data":"Seek","floor":49,"key":"SMITH"}],"neow_cost":"NONE","seed_source_timestamp":634963373651307,"circlet_count":0,"master_deck":["Strike_B","Strike_B","Strike_B","Defend_B","Defend_B","Defend_B","Defend_B","Zap+1","Dualcast","Sweeping Beam","Streamline+1","Static Discharge+1","Beam Cell","Sunder","Self Repair+1","HandOfGreed","Creative AI+1","Static Discharge+1","Stack","Sweeping Beam+1","Stack+1","Enlightenment+1","Heatsinks+1","Stack","Genetic Algorithm+1","Redo+1","Static Discharge+1","Seek+1","Hologram","Ball Lightning+1","Turbo+1","Static Discharge+1","Metamorphosis","Mayhem+1","Violence","Barrage+1","Static Discharge+1"],"relics":["Cracked Core","NeowsBlessing","Golden Idol","Frozen Egg 2","Pear","Emotion Chip","Smiling Mask","Prayer Wheel","Busted Crown","Dead Branch","Mercury Hourglass","Blood Vial","Lee\u0027s Waffle","Nuclear Battery","DataDisk","Mango","PreservedInsect","Regal Pillow"],"potions_floor_usage":[12,16,16,22,27,33,50,50],"damage_taken":[{"damage":0,"enemies":"Small Slimes","floor":1,"turns":1},{"damage":0,"enemies":"Jaw Worm","floor":2,"turns":1},{"damage":0,"enemies":"Cultist","floor":4,"turns":1},{"damage":10,"enemies":"Gremlin Nob","floor":7,"turns":3},{"damage":0,"enemies":"Exordium Wildlife","floor":10,"turns":3},{"damage":23,"enemies":"Lagavulin","floor":12,"turns":4},{"damage":21,"enemies":"Hexaghost","floor":16,"turns":5},{"damage":41,"enemies":"Shell Parasite","floor":18,"turns":4},{"damage":7,"enemies":"Chosen","floor":20,"turns":3},{"damage":12,"enemies":"3 Cultists","floor":22,"turns":3},{"damage":53,"enemies":"Gremlin Leader","floor":24,"turns":5},{"damage":16,"enemies":"Book of Stabbing","floor":27,"turns":4},{"damage":19,"enemies":"Snecko","floor":30,"turns":4},{"damage":19,"enemies":"Snake Plant","floor":31,"turns":1},{"damage":69,"enemies":"Automaton","floor":33,"turns":8},{"damage":31,"enemies":"3 Shapes","floor":35,"turns":3},{"damage":20,"enemies":"3 Darklings","floor":36,"turns":3},{"damage":30,"enemies":"Nemesis","floor":41,"turns":5},{"damage":36,"enemies":"Giant Head","floor":44,"turns":5},{"damage":15,"enemies":"Transient","floor":47,"turns":5},{"damage":107,"enemies":"Awakened One","floor":50,"turns":5}],"seed_played":"-5520585955197935009","potions_obtained":[{"floor":1,"key":"EssenceOfSteel"},{"floor":4,"key":"GamblersBrew"},{"floor":7,"key":"SteroidPotion"},{"floor":12,"key":"Swift Potion"},{"floor":16,"key":"Strength Potion"},{"floor":19,"key":"Ancient Potion"},{"floor":24,"key":"Block Potion"},{"floor":31,"key":"Explosive Potion"},{"floor":33,"key":"LiquidBronze"},{"floor":35,"key":"EssenceOfSteel"}],"is_trial":false,"path_per_floor":["M","M","?","M","?","R","E","?","T","M","T","E","$","?","R","B",null,"M","?","M","$","M","R","E","R","T","E","$","R","M","M","R","B",null,"M","M","$","?","?","R","E","R","T","E","$","R","M","?","R","B"],"character_chosen":"DEFECT","items_purchased":["Self Repair+1","HandOfGreed","Enlightenment","Static Discharge+1","Lee\u0027s Waffle","Static Discharge+1","DataDisk","Static Discharge+1"],"campfire_rested":7,"item_purchase_floors":[13,13,21,28,28,37,37,45],"current_hp_per_floor":[68,68,50,50,50,50,40,40,50,50,50,27,27,9,34,23,70,39,39,42,42,30,55,12,37,37,31,92,92,73,56,83,26,76,47,39,39,39,29,56,52,83,83,59,59,105,101,101,101,0],"gold":105,"neow_bonus":"THREE_ENEMY_KILL","is_prod":false,"is_daily":false,"chose_seed":false,"campfire_upgraded":3,"win_rate":0,"timestamp":1546037013,"path_taken":["M","M","?","M","?","R","E","?","T","?","?","E","$","?","R","BOSS","M","?","?","$","M","R","E","R","T","E","$","R","M","M","R","BOSS","M","M","$","?","?","R","E","R","T","E","$","R","M","?","R","BOSS"],"build_version":"2018-12-20","purchased_purges":1,"victory":false,"max_hp_per_floor":[75,75,75,75,75,75,75,75,85,85,85,85,85,85,85,85,85,85,85,85,85,85,85,85,85,85,85,92,92,92,92,92,92,92,92,92,92,92,92,92,106,106,106,106,106,106,106,106,106,106],"card_choices":[{"not_picked":["Reinforced Body","Barrage","Reprogram"],"picked":"SKIP","floor":1},{"not_picked":["Turbo","Barrage"],"picked":"Sweeping Beam","floor":2},{"not_picked":["Redo","Scrape"],"picked":"Streamline","floor":4},{"not_picked":["Beam Cell","Capacitor"],"picked":"Static Discharge","floor":7},{"not_picked":["Hyperbeam","Stack"],"picked":"Beam Cell","floor":10},{"not_picked":["Reinforced Body","Hyperbeam"],"picked":"Sunder","floor":12},{"not_picked":["Hyperbeam","Reboot"],"picked":"Creative AI+1","floor":16},{"not_picked":[],"picked":"Static Discharge+1","floor":18},{"not_picked":[],"picked":"Stack","floor":18},{"not_picked":[],"picked":"Sweeping Beam+1","floor":20},{"not_picked":[],"picked":"Stack+1","floor":20},{"not_picked":[],"picked":"Heatsinks+1","floor":22},{"not_picked":[],"picked":"Stack","floor":22},{"not_picked":[],"picked":"Genetic Algorithm+1","floor":24},{"not_picked":[],"picked":"Redo+1","floor":27},{"not_picked":[],"picked":"Coolheaded+1","floor":30},{"not_picked":["Redo"],"picked":"SKIP","floor":30},{"not_picked":["Ball Lightning"],"picked":"SKIP","floor":31},{"not_picked":["Go for the Eyes"],"picked":"SKIP","floor":31},{"not_picked":[],"picked":"Seek","floor":33},{"not_picked":[],"picked":"Hologram","floor":35},{"not_picked":["Sweeping Beam"],"picked":"SKIP","floor":35},{"not_picked":[],"picked":"Ball Lightning+1","floor":36},{"not_picked":[],"picked":"Turbo+1","floor":36},{"not_picked":[],"picked":"Metamorphosis","floor":39},{"not_picked":[],"picked":"Mayhem+1","floor":39},{"not_picked":[],"picked":"Violence","floor":39},{"not_picked":["Beam Cell"],"picked":"SKIP","floor":41},{"not_picked":[],"picked":"Barrage+1","floor":44},{"not_picked":["Cold Snap+1"],"picked":"SKIP","floor":47},{"not_picked":["Stack"],"picked":"SKIP","floor":47}],"player_experience":466716,"relics_obtained":[{"floor":7,"key":"Frozen Egg 2"},{"floor":9,"key":"Pear"},{"floor":11,"key":"Emotion Chip"},{"floor":12,"key":"Smiling Mask"},{"floor":24,"key":"Dead Branch"},{"floor":26,"key":"Mercury Hourglass"},{"floor":27,"key":"Blood Vial"},{"floor":41,"key":"Mango"},{"floor":43,"key":"PreservedInsect"},{"floor":44,"key":"Regal Pillow"}],"event_choices":[{"damage_healed":0,"gold_gain":0,"player_choice":"Take Damage","damage_taken":18,"relics_obtained":["Golden Idol"],"max_hp_gain":0,"max_hp_loss":0,"event_name":"Golden Idol","floor":3,"gold_loss":0},{"damage_healed":0,"gold_gain":0,"player_choice":"Ignored","damage_taken":0,"max_hp_gain":0,"max_hp_loss":0,"event_name":"Shining Light","floor":5,"gold_loss":0},{"damage_healed":0,"gold_gain":0,"player_choice":"Forge","damage_taken":0,"max_hp_gain":0,"max_hp_loss":0,"event_name":"Accursed Blacksmith","floor":8,"gold_loss":0,"cards_upgraded":["Zap"]},{"damage_healed":0,"gold_gain":0,"player_choice":"Success","damage_taken":18,"relics_obtained":["Prayer Wheel"],"max_hp_gain":0,"max_hp_loss":0,"event_name":"Scrap Ooze","floor":14,"gold_loss":0},{"damage_healed":0,"gold_gain":0,"player_choice":"Got Potions","damage_taken":0,"max_hp_gain":0,"max_hp_loss":0,"event_name":"Lab","floor":19,"gold_loss":0},{"cards_removed":["Coolheaded"],"damage_healed":0,"gold_gain":0,"player_choice":"Removed Skill","damage_taken":0,"max_hp_gain":0,"max_hp_loss":0,"event_name":"Falling","floor":38,"gold_loss":0},{"damage_healed":0,"gold_gain":0,"player_choice":"Memory 3","damage_taken":10,"max_hp_gain":0,"max_hp_loss":0,"event_name":"SensoryStone","floor":39,"gold_loss":0},{"damage_healed":0,"gold_gain":0,"player_choice":"Ignored","damage_taken":0,"max_hp_gain":0,"max_hp_loss":0,"event_name":"SecretPortal","floor":48,"gold_loss":0}],"is_beta":false,"boss_relics":[{"not_picked":["Orrery","Black Star"],"picked":"Busted Crown"},{"not_picked":["Velvet Choker","White Beast Statue"],"picked":"Nuclear Battery"}],"items_purged_floors":[45],"is_endless":false,"potions_floor_spawned":[1,4,7,12,16,20,24,31,33,35,41],"killed_by":"Awakened One","ascension_level":7}