{"gold_per_floor":[419,434,434,109,123,123,133,133,133,133,151,184,184,202,202,298,298,309,335,354,354],"floor_reached":21,"playtime":1317,"items_purged":[],"score":235,"play_id":"2333a2d4-143e-418e-b069-42ebb7849927","local_time":"20180915070914","is_ascension_mode":true,"campfire_choices":[{"data":"White Noise","floor":6,"key":"SMITH"},{"data":"Storm","floor":8,"key":"SMITH"},{"floor":10,"key":"REST"},{"floor":15,"key":"REST"}],"neow_cost":"TEN_PERCENT_HP_LOSS","seed_source_timestamp":59481268328723,"circlet_count":0,"master_deck":["Strike_B","Strike_B","Strike_B","Strike_B","Defend_B","Defend_B","Defend_B","Defend_B","Zap","Dualcast+1","Double Energy","White Noise+1","Coolheaded+1","Storm+1","Double Energy+1","Chill+1","Stack+1","Creative AI","Consume+1","Ball Lightning","Loop"],"relics":["Cracked Core","Old Coin","FaceOfCleric","Toxic Egg 2","PreservedInsect","Letter Opener","Inserter","Red Mask"],"potions_floor_usage":[12,12,16,18],"damage_taken":[{"damage":0,"enemies":"Jaw Worm","floor":1,"turns":3},{"damage":0,"enemies":"Cultist","floor":2,"turns":3},{"damage":9,"enemies":"2 Louse","floor":5,"turns":3},{"damage":20,"enemies":"2 Fungi Beasts","floor":7,"turns":3},{"damage":12,"enemies":"Looter","floor":11,"turns":3},{"damage":20,"enemies":"3 Sentries","floor":12,"turns":4},{"damage":8,"enemies":"3 Louse","floor":14,"turns":3},{"damage":26,"enemies":"The Guardian","floor":16,"turns":13},{"damage":23,"enemies":"Chosen","floor":18,"turns":6},{"damage":17,"enemies":"Masked Bandits","floor":19,"turns":6},{"damage":18,"enemies":"3 Byrds","floor":20,"turns":4},{"damage":25,"enemies":"Snake Plant","floor":21,"turns":3}],"seed_played":"2300905606797039150","potions_obtained":[{"floor":1,"key":"Explosive Potion"},{"floor":7,"key":"Energy Potion"},{"floor":16,"key":"EssenceOfSteel"}],"is_trial":false,"path_per_floor":["M","M","?","$","M","R","M","R","T","R","M","E","?","M","R","B",null,"M","?","M"],"character_chosen":"DEFECT","items_purchased":["Toxic Egg 2","Regen Potion"],"campfire_rested":2,"item_purchase_floors":[4,4],"current_hp_per_floor":[68,68,68,68,60,60,41,41,41,62,51,44,44,37,58,33,64,49,33,23,0],"gold":354,"neow_bonus":"ONE_RARE_RELIC","is_prod":false,"is_daily":false,"chose_seed":false,"campfire_upgraded":2,"win_rate":0,"timestamp":1536988154,"path_taken":["M","M","?","$","M","R","M","R","T","R","M","E","?","M","R","BOSS","M","?","M","?"],"build_version":"2018-09-06","purchased_purges":0,"victory":false,"max_hp_per_floor":[68,68,68,68,69,69,70,70,70,70,71,72,72,73,73,74,74,75,76,77,77],"card_choices":[{"not_picked":["Leap","Skim"],"picked":"Double Energy","floor":1},{"not_picked":["Streamline","Redo"],"picked":"White Noise","floor":2},{"not_picked":["Gash","Melter"],"picked":"Coolheaded+1","floor":5},{"not_picked":["Static Discharge","Coolheaded+1"],"picked":"Storm","floor":7},{"not_picked":["Blizzard","Sweeping Beam"],"picked":"Double Energy+1","floor":11},{"not_picked":["Rip and Tear","Gash"],"picked":"Chill+1","floor":12},{"not_picked":["Rip and Tear","Beam Cell"],"picked":"Stack+1","floor":14},{"not_picked":["Reboot+1","Core Surge"],"picked":"Creative AI","floor":16},{"not_picked":["Auto Shields+1","Leap+1"],"picked":"Consume+1","floor":18},{"not_picked":["Go for the Eyes","Beam Cell"],"picked":"Ball Lightning","floor":19},{"not_picked":["Steam Power+1","Chaos+1"],"picked":"Loop","floor":20}],"player_experience":182827,"relics_obtained":[{"floor":9,"key":"PreservedInsect"},{"floor":12,"key":"Letter Opener"},{"floor":19,"key":"Red Mask"}],"event_choices":[{"event_name":"FaceTrader","player_choice":"Trade","floor":3,"damage_taken":0},{"event_name":"Living Wall","player_choice":"Grow","floor":13,"damage_taken":0},{"event_name":"Masked Bandits","player_choice":"Fought Bandits","floor":19,"damage_taken":0}],"is_beta":false,"boss_relics":[{"not_picked":["Fusion Hammer","Ectoplasm"],"picked":"Inserter"}],"items_purged_floors":[],"is_endless":false,"potions_floor_spawned":[1,7,16],"killed_by":"Snake Plant","ascension_level":6}