{"path_per_floor":["M","M","?","?","M","E","R","E","T","R","M","M","M","M","R","B",null,"M","?","?","$","?","E","M","R","T","$","M","M","M","?","R"],"character_chosen":"THE_SILENT","items_purchased":["Well Laid Plans","Panache"],"gold_per_floor":[113,130,205,205,225,250,250,281,281,281,300,310,324,339,339,437,437,450,365,365,75,75,101,111,111,111,111,125,145,161,161,161],"floor_reached":33,"campfire_rested":2,"playtime":3532,"current_hp_per_floor":[70,70,59,56,62,37,37,26,26,47,46,42,33,33,33,4,70,58,65,65,65,65,40,30,30,30,30,28,28,19,10,34],"items_purged":["Writhe"],"gold":161,"play_id":"62a4d874-7872-4f60-9099-d41f86891625","is_prod":false,"is_daily":false,"campfire_rituals":0,"campfire_upgraded":3,"is_hardmode":false,"path_taken":["M","M","?","?","M","E","R","E","T","R","M","M","?","M","R","BOSS","M","?","?","$","?","E","M","R","T","$","?","M","M","?","R","BOSS"],"build_version":"2018-01-18-PROD4","purchased_purges":1,"victory":false,"master_deck":["Defend_G","Defend_G","Defend_G","Defend_G","Defend_G","Strike_G","Strike_G","Strike_G","Strike_G","Strike_G","Survivor","Neutralize","Bouncing Flask","Blade Dance","Choke","Poisoned Stab","Endless Agony","PiercingWail","Dash","Noxious Fumes","Sucker Punch","Doppelganger","Slice","Well Laid Plans","Panache","PiercingWail","Flying Knee","Infinite Blades","Heel Hook","Acrobatics"],"max_hp_per_floor":[70,70,70,70,70,70,70,70,70,70,70,70,70,70,70,70,70,70,77,77,77,77,77,77,77,77,77,77,77,77,82,82],"relics":["Ring of the Snake","Bag of Preparation","Matryoshka","Bottled Flame","Mummified Hand","Orichalcum","Question Card","Strawberry","Lantern","Ice Cream","Torii","Frozen Egg"],"campfire_meditates":0,"card_choices":[{"not_picked":["Deflect","Eviscerate"],"picked":"Bouncing Flask"},{"not_picked":["Blur","Prepared"],"picked":"Blade Dance"},{"not_picked":["Flechettes","Slice"],"picked":"Choke"},{"not_picked":["Quick Slash","Bouncing Flask"],"picked":"Poisoned Stab"},{"not_picked":["Deflect","PiercingWail"],"picked":"Endless Agony"},{"not_picked":["Blur","Malaise"],"picked":"PiercingWail"},{"not_picked":["Flying Knee","Quick Slash"],"picked":"Dash"},{"not_picked":["Blur","Quick Slash"],"picked":"Noxious Fumes"},{"not_picked":["Blur","Noxious Fumes"],"picked":"Sucker Punch"},{"not_picked":["Envenom","Adrenaline"],"picked":"Doppelganger"},{"not_picked":["Sucker Punch","Prepared","Deflect"],"picked":"Slice"},{"not_picked":["Finisher","Noxious Fumes","Deflect"],"picked":"PiercingWail"},{"not_picked":["Backflip","Distraction","Sucker Punch"],"picked":"Flying Knee"},{"not_picked":["Flying Knee","PiercingWail","All Out Attack"],"picked":"Infinite Blades"},{"not_picked":["Acrobatics","Backstab","Sucker Punch"],"picked":"Heel Hook"},{"not_picked":["Blade Dance","Riddle With Holes","Prepared"],"picked":"Acrobatics"}],"player_experience":19143,"potions_floor_usage":[33,33],"damage_taken":[{"damage":0.0,"enemies":"Small Slimes","floor":1.0,"turns":5.0},{"damage":0.0,"enemies":"Cultist","floor":2.0,"turns":4.0},{"damage":0.0,"enemies":"2 Louse","floor":5.0,"turns":3.0},{"damage":25.0,"enemies":"Gremlin Nob","floor":6.0,"turns":4.0},{"damage":11.0,"enemies":"Lagavulin","floor":8.0,"turns":5.0},{"damage":1.0,"enemies":"Looter","floor":11.0,"turns":2.0},{"damage":4.0,"enemies":"Gremlin Gang","floor":12.0,"turns":4.0},{"damage":9.0,"enemies":"Large Slime","floor":13.0,"turns":5.0},{"damage":0.0,"enemies":"Looter","floor":14.0,"turns":2.0},{"damage":29.0,"enemies":"The Guardian","floor":16.0,"turns":11.0},{"damage":12.0,"enemies":"Chosen","floor":18.0,"turns":5.0},{"damage":25.0,"enemies":"Slavers","floor":23.0,"turns":6.0},{"damage":10.0,"enemies":"2 Thieves","floor":24.0,"turns":4.0},{"damage":2.0,"enemies":"Snake Plant","floor":28.0,"turns":4.0},{"damage":0,"enemies":"3 Cultists","floor":29,"turns":3},{"damage":9,"enemies":"Sentry and Sphere","floor":30,"turns":4},{"damage":35,"enemies":"Champ","floor":33,"turns":7}],"event_choices":[{"event_name":"World of Goop","player_choice":"Gather Gold","floor":3.0,"damage_taken":0.0},{"event_name":"Scrap Ooze","player_choice":"success","floor":4.0,"damage_taken":3.0},{"event_name":"Addict","player_choice":"Obtained Relic","floor":19.0,"damage_taken":0.0},{"event_name":"The Mausoleum","player_choice":"Yes","floor":20.0,"damage_taken":0.0},{"event_name":"Vampires","player_choice":"Ignored","floor":22.0,"damage_taken":0.0},{"event_name":"Forgotten Altar","player_choice":"Shed Blood","floor":31,"damage_taken":0}],"boss_relics":[],"potions_floor_spawned":[2,6,12,14,16,18,29,30],"seed_played":"1768635999224385977","killed_by":"Champ","is_trial":false}