{"path_per_floor":["M","M","?","$","M","E","R","M","T","R","M","E","?","?","R","B",null,"M","$","M","?","?"],"character_chosen":"THE_SILENT","items_purchased":["Poisoned Stab","Well Laid Plans"],"gold_per_floor":[110,130,130,8,28,59,59,72,95,95,105,133,133,133,133,238,238,251,77,91,91,191],"floor_reached":23,"campfire_rested":1,"playtime":1897,"current_hp_per_floor":[62,60,60,60,60,40,58,57,57,57,49,48,48,53,53,51,68,62,62,52,52,52],"items_purged":["Strike_G","Strike_G"],"gold":191,"play_id":"76908306-bca8-4b6e-8636-587d9a66104e","is_prod":false,"is_daily":false,"campfire_rituals":0,"campfire_upgraded":2,"is_hardmode":false,"path_taken":["M","M","?","$","M","E","R","M","T","R","M","E","?","?","R","BOSS","M","$","?","?","?","E"],"build_version":"2018-01-04-PROD1","purchased_purges":2,"victory":false,"master_deck":["Defend_G","Defend_G","Defend_G","Defend_G","Defend_G","Strike_G","Strike_G","Survivor","Neutralize","Flying Knee","Noxious Fumes","Predator","Poisoned Stab","Deflect","Poisoned Stab","Deadly Poison","Dodge and Roll","Noxious Fumes","Burst","Catalyst","Well Laid Plans","Deflect"],"max_hp_per_floor":[63,63,63,63,63,63,63,63,63,63,63,63,63,68,68,68,68,68,68,68,68,68],"relics":["Ring of the Snake","Torii","Kunai","Dream Catcher","Black Star","Nloth\u0027s Gift"],"campfire_meditates":0,"card_choices":[{"not_picked":["Calculated Gamble","Leg Sweep"],"picked":"Flying Knee"},{"not_picked":["Flying Knee","Dodge and Roll"],"picked":"Noxious Fumes"},{"not_picked":["Slice","Finisher"],"picked":"Deflect"},{"not_picked":["Footwork","Reflex"],"picked":"Poisoned Stab"},{"not_picked":["Masterful Stab","Acrobatics"],"picked":"Deadly Poison"},{"not_picked":["Endless Agony","Adrenaline"],"picked":"Dodge and Roll"},{"not_picked":["Sucker Punch","Footwork"],"picked":"Noxious Fumes"},{"not_picked":["Glass Knife","Die Die Die"],"picked":"Burst"},{"not_picked":["Footwork","Deadly Poison"],"picked":"Catalyst"},{"not_picked":["Outmaneuver","Quick Slash"],"picked":"Deflect"}],"player_experience":45151,"potions_floor_usage":[8,8,23],"damage_taken":[{"damage":1,"enemies":"Cultist","floor":1,"turns":4},{"damage":2,"enemies":"Blue Slaver","floor":2,"turns":4},{"damage":0,"enemies":"2 Louse","floor":5,"turns":2},{"damage":20,"enemies":"3 Sentries","floor":6,"turns":6},{"damage":1,"enemies":"Exordium Thugs","floor":8,"turns":4},{"damage":8,"enemies":"Exordium Wildlife","floor":11,"turns":4},{"damage":1,"enemies":"Lagavulin","floor":12,"turns":6},{"damage":2,"enemies":"The Guardian","floor":16,"turns":8},{"damage":6,"enemies":"Spheric Guardian","floor":18,"turns":5},{"damage":10,"enemies":"Chosen","floor":20,"turns":6},{"damage":61,"enemies":"Book of Stabbing","floor":23,"turns":6}],"event_choices":[{"event_name":"Transmorgrifier","player_choice":"Transform","floor":3,"damage_taken":0},{"event_name":"Liars Game","player_choice":"disagreed","floor":13,"damage_taken":0},{"event_name":"Big Fish","player_choice":"Donut","floor":14,"damage_taken":0},{"event_name":"N\u0027loth","player_choice":"Traded a Girya","floor":21,"damage_taken":0},{"event_name":"Golden Shrine","player_choice":"Pray","floor":22,"damage_taken":0}],"boss_relics":[{"not_picked":["Tiny House","Snecko Eye"],"picked":"Black Star"}],"potions_floor_spawned":[1,2,16],"seed_played":"5697014541358817695","killed_by":"Book of Stabbing","is_trial":false}