{"gold_per_floor":[210,210,135,149,56,56,75,75,101,101,116,116,391,410,410,487,487,498,533,583,583,593,593,605,605],"floor_reached":25,"playtime":9560,"items_purged":["Strike_B"],"score":372,"play_id":"7341eb1a-261d-479e-9d12-2f8c55ed7b21","local_time":"20180927182245","is_ascension_mode":true,"campfire_choices":[{"floor":6.0,"key":"REST"},{"data":"Consume","floor":8.0,"key":"SMITH"},{"floor":12.0,"key":"REST"},{"floor":15.0,"key":"REST"},{"floor":23,"key":"REST"}],"neow_cost":"NONE","seed_source_timestamp":0,"circlet_count":0,"master_deck":["Strike_B","Strike_B+1","Defend_B","Defend_B","Defend_B+1","Defend_B","Zap","Dualcast","AscendersBane","Chill","Consume+1","FTL","Regret","Conserve Battery","Buffer","BootSequence","Rebound","Barrage+1","Biased Cognition"],"special_seed":0,"relics":["Cracked Core","Bronze Scales","Lizard Tail","Red Mask"],"potions_floor_usage":[18,22,25],"damage_taken":[{"damage":6.0,"enemies":"Jaw Worm","floor":1.0,"turns":4.0},{"damage":1.0,"enemies":"2 Louse","floor":4.0,"turns":2.0},{"damage":6.0,"enemies":"Cultist","floor":7.0,"turns":3.0},{"damage":13.0,"enemies":"Blue Slaver","floor":11.0,"turns":3.0},{"damage":11.0,"enemies":"Large Slime","floor":14.0,"turns":6.0},{"damage":28.0,"enemies":"Slime Boss","floor":16.0,"turns":12.0},{"damage":11,"enemies":"Shell Parasite","floor":18,"turns":5},{"damage":66,"enemies":"Masked Bandits","floor":19,"turns":6},{"damage":13,"enemies":"Spheric Guardian","floor":22,"turns":4},{"damage":17,"enemies":"Chosen and Byrds","floor":24,"turns":7},{"damage":31,"enemies":"Centurion and Healer","floor":25,"turns":9}],"seed_played":"-7158796762999198133","potions_obtained":[{"floor":7.0,"key":"FocusPotion"},{"floor":14.0,"key":"Weak Potion"},{"floor":16.0,"key":"FocusPotion"},{"floor":19,"key":"PowerPotion"},{"floor":22,"key":"FocusPotion"}],"is_trial":false,"path_per_floor":["M","?","$","M","$","R","M","R","T","?","M","R","?","M","R","B",null,"M","?","?","?","M","R","M"],"character_chosen":"DEFECT","items_purchased":["Consume"],"campfire_rested":4,"item_purchase_floors":[5],"current_hp_per_floor":[58,37,37,36,36,57,51,51,51,44,31,52,52,41,62,34,62,51,30,30,30,17,38,21,0],"gold":605,"neow_bonus":"HUNDRED_GOLD","is_prod":false,"is_daily":false,"chose_seed":false,"campfire_upgraded":1,"win_rate":0,"timestamp":1538065365,"path_taken":["M","?","$","?","$","R","M","R","T","?","M","R","?","M","R","BOSS","M","?","?","?","?","R","M","?"],"build_version":"2018-09-20","purchased_purges":1,"victory":false,"max_hp_per_floor":[71,71,71,71,71,71,71,71,71,71,71,71,71,71,71,71,71,71,71,71,71,71,71,71,71],"card_choices":[{"not_picked":["Stack","Conserve Battery"],"picked":"Chill","floor":1.0},{"not_picked":["Steam Power","Beam Cell","Compile Driver"],"picked":"SKIP","floor":4.0},{"not_picked":["Gash","Stack"],"picked":"FTL","floor":7.0},{"not_picked":["Tempest","Streamline","Storm"],"picked":"SKIP","floor":11.0},{"not_picked":["Double Energy","Leap"],"picked":"Conserve Battery","floor":14.0},{"not_picked":["Reboot","Hyperbeam"],"picked":"Buffer","floor":16.0},{"not_picked":["Coolheaded","Steam"],"picked":"BootSequence","floor":18},{"not_picked":["Coolheaded","Barrage"],"picked":"Rebound","floor":19},{"not_picked":["Heatsinks","Turbo"],"picked":"Barrage+1","floor":22},{"not_picked":["Compile Driver","Steam"],"picked":"Biased Cognition","floor":24}],"player_experience":717461,"relics_obtained":[{"floor":9.0,"key":"Bronze Scales"},{"floor":19,"key":"Red Mask"}],"event_choices":[{"event_name":"Shining Light","player_choice":"Entered Light","floor":2.0,"damage_taken":0.0},{"event_name":"Golden Wing","player_choice":"Card Removal","floor":10.0,"damage_taken":0.0},{"event_name":"Golden Shrine","player_choice":"Desecrate","floor":13.0,"damage_taken":0.0},{"event_name":"Masked Bandits","player_choice":"Fought Bandits","floor":19,"damage_taken":0},{"event_name":"Nest","player_choice":"Stole From Cult","floor":20,"damage_taken":0},{"event_name":"Ghosts","player_choice":"Ignored","floor":21,"damage_taken":0}],"is_beta":false,"boss_relics":[{"not_picked":["Tiny House","Philosopher\u0027s Stone"],"picked":"Lizard Tail"}],"items_purged_floors":[3],"is_endless":false,"potions_floor_spawned":[7,14,16,19,22],"killed_by":"Centurion and Healer","ascension_level":19}