{"gold_per_floor":[215,215,215,235,5,5,39,39,39,70,82,64,41,56,56,127,427,446,462,146,157,157,157,168,168,195,195,214,225,225],"floor_reached":30,"playtime":1310,"items_purged":["Strike_B","Normality"],"score":418,"play_id":"eafdd6fa-6721-49e2-8805-2df52cc7f64f","local_time":"20180920045759","is_ascension_mode":true,"campfire_choices":[{"data":"Loop","floor":6,"key":"SMITH"},{"floor":8,"key":"REST"},{"data":"Zap","floor":11,"key":"SMITH"},{"data":"Static Discharge","floor":15,"key":"SMITH"},{"floor":23,"key":"REST"},{"floor":25,"key":"REST"},{"data":"Defragment","floor":27,"key":"SMITH"}],"neow_cost":"NONE","seed_source_timestamp":403277905449535,"circlet_count":0,"master_deck":["Strike_B","Strike_B","Strike_B","Defend_B","Defend_B","Defend_B","Defend_B","Zap+1","Dualcast+1","AscendersBane","Ball Lightning","Doom and Gloom","White Noise","Loop+1","BootSequence","Loop","Static Discharge+1","Shame","Doubt","Static Discharge","Defragment+1","Static Discharge","Stack+1"],"relics":["Cracked Core","Ancient Tea Set","Darkstone Periapt","MawBank","Calling Bell","Happy Flower","Blue Candle","Old Coin","Regal Pillow","Bag of Preparation"],"potions_floor_usage":[10,14,18,19,29,30],"damage_taken":[{"damage":3,"enemies":"2 Louse","floor":1,"turns":3},{"damage":0,"enemies":"Small Slimes","floor":4,"turns":3},{"damage":30,"enemies":"3 Sentries","floor":7,"turns":4},{"damage":3,"enemies":"Lagavulin","floor":10,"turns":4},{"damage":0,"enemies":"Cultist","floor":14,"turns":3},{"damage":29,"enemies":"Hexaghost","floor":16,"turns":7},{"damage":2,"enemies":"Chosen","floor":18,"turns":6},{"damage":24,"enemies":"2 Thieves","floor":19,"turns":4},{"damage":37,"enemies":"Snecko","floor":21,"turns":5},{"damage":44,"enemies":"Shelled Parasite and Fungi","floor":24,"turns":5},{"damage":32,"enemies":"Snake Plant","floor":28,"turns":4},{"damage":31,"enemies":"Snecko","floor":29,"turns":4},{"damage":7,"enemies":"Sentry and Sphere","floor":30,"turns":2}],"seed_played":"-7926814963802681831","potions_obtained":[{"floor":7,"key":"Block Potion"},{"floor":12,"key":"Energy Potion"},{"floor":12,"key":"SpeedPotion"},{"floor":16,"key":"Dexterity Potion"},{"floor":24,"key":"PowerPotion"},{"floor":28,"key":"AttackPotion"}],"is_trial":false,"path_per_floor":["M","?","?","M","$","R","E","R","T","E","R","?","$","M","R","B",null,"M","M","$","M","?","R","M","R","T","R","M","M"],"character_chosen":"DEFECT","items_purchased":["White Noise","Loop","Loop","Regal Pillow","Static Discharge"],"campfire_rested":3,"item_purchase_floors":[5,5,13,20,20],"current_hp_per_floor":[65,70,70,70,70,70,40,64,64,61,61,61,61,61,61,32,86,84,60,60,23,23,67,23,67,67,67,35,4,0],"gold":225,"neow_bonus":"HUNDRED_GOLD","is_prod":false,"is_daily":false,"chose_seed":false,"campfire_upgraded":4,"win_rate":0,"timestamp":1537412279,"path_taken":["M","?","?","M","$","R","E","R","T","E","R","?","?","M","R","BOSS","M","M","$","M","?","R","M","R","T","R","M","M","M"],"build_version":"2018-09-06","purchased_purges":2,"victory":false,"max_hp_per_floor":[75,80,80,80,80,80,80,80,80,80,80,80,80,80,80,80,98,98,98,98,98,98,98,98,98,98,98,98,98,98],"card_choices":[{"not_picked":["Steam","Stack"],"picked":"Ball Lightning","floor":1},{"not_picked":["Gash","Leap"],"picked":"Doom and Gloom","floor":4},{"not_picked":["Cold Snap","Meteor Strike","Redo"],"picked":"SKIP","floor":7},{"not_picked":["Go for the Eyes","Rebound"],"picked":"BootSequence","floor":10},{"not_picked":["Streamline","Double Energy"],"picked":"Static Discharge","floor":14},{"not_picked":["Lockon","Streamline","Steam"],"picked":"SKIP","floor":18},{"not_picked":["Aggregate","Chaos","Rebound"],"picked":"SKIP","floor":19},{"not_picked":["Rebound+1","Gash","Chill"],"picked":"SKIP","floor":21},{"not_picked":["Double Energy","Cold Snap+1"],"picked":"Defragment","floor":24},{"not_picked":["Ball Lightning","Steam Power"],"picked":"Static Discharge","floor":28},{"not_picked":["Echo Form","Leap"],"picked":"Stack+1","floor":29}],"player_experience":444456,"relics_obtained":[{"floor":7,"key":"Ancient Tea Set"},{"floor":9,"key":"Darkstone Periapt"},{"floor":10,"key":"MawBank"},{"floor":17,"key":"Happy Flower"},{"floor":17,"key":"Blue Candle"},{"floor":17,"key":"Old Coin"},{"floor":26,"key":"Bag of Preparation"}],"event_choices":[{"event_name":"Big Fish","player_choice":"Donut","floor":2,"damage_taken":0},{"event_name":"Living Wall","player_choice":"Grow","floor":3,"damage_taken":0},{"event_name":"The Woman in Blue","player_choice":"Bought 2 Potions","floor":12,"damage_taken":0},{"event_name":"Vampires","player_choice":"Ignored","floor":22,"damage_taken":0}],"is_beta":false,"boss_relics":[{"not_picked":["Inserter","Coffee Dripper"],"picked":"Calling Bell"}],"items_purged_floors":[5,20],"is_endless":false,"potions_floor_spawned":[7,16,24,28],"killed_by":"Sentry and Sphere","ascension_level":13}