{"gold_per_floor":[110,123,136,147,162,162,162,162,162,178,27,27,47,62,62,181,181,206,206,230,250,250],"floor_reached":22,"playtime":1829,"items_purged":[],"score":191,"play_id":"29147183-f31d-402c-a60f-9e223e6b97e3","local_time":"20180902220636","is_ascension_mode":true,"campfire_choices":[{"data":"Noxious Fumes","floor":6,"key":"SMITH"},{"data":"Bane","floor":8,"key":"SMITH"},{"data":"Blade Dance","floor":12,"key":"SMITH"},{"data":"Catalyst","floor":15,"key":"SMITH"}],"neow_cost":"","seed_source_timestamp":196058491364981,"circlet_count":0,"master_deck":["Defend_G","Defend_G","Defend_G","Defend_G","Defend_G","Strike_G","Strike_G","Strike_G","Strike_G","Strike_G","Survivor","Neutralize","Finisher","Noxious Fumes+1","Bane+1","Blade Dance+1","Finisher","Injury","Catalyst+1","Venomology","Poisoned Stab+1","Poisoned Stab","Endless Agony+1"],"relics":["Ring of the Serpent","Golden Idol","Bottled Tornado","Orichalcum"],"potions_floor_usage":[5,16,16,18,20,20,21,22,22],"damage_taken":[{"damage":0,"enemies":"Jaw Worm","floor":1,"turns":4},{"damage":0,"enemies":"2 Louse","floor":2,"turns":3},{"damage":4,"enemies":"Cultist","floor":3,"turns":5},{"damage":6,"enemies":"2 Fungi Beasts","floor":4,"turns":4},{"damage":0,"enemies":"Lots of Slimes","floor":5,"turns":1},{"damage":1,"enemies":"Exordium Wildlife","floor":10,"turns":3},{"damage":2,"enemies":"Exordium Thugs","floor":13,"turns":4},{"damage":3,"enemies":"Blue Slaver","floor":14,"turns":3},{"damage":14,"enemies":"Hexaghost","floor":16,"turns":7},{"damage":4,"enemies":"3 Byrds","floor":18,"turns":4},{"damage":7,"enemies":"Spheric Guardian","floor":20,"turns":5},{"damage":8,"enemies":"Chosen and Byrds","floor":21,"turns":4},{"damage":22,"enemies":"Colosseum Slavers","floor":22,"turns":4},{"damage":44,"enemies":"Colosseum Nobs","floor":22,"turns":3}],"seed_played":"134810465374947197","potions_obtained":[{"floor":1,"key":"EssenceOfSteel"},{"floor":3,"key":"Explosive Potion"},{"floor":5,"key":"FearPotion"},{"floor":16,"key":"SkillPotion"}],"is_trial":false,"path_per_floor":["M","M","M","M","M","R","?","R","T","M","$","R","M","M","R","B",null,"M","?","M","M"],"character_chosen":"THE_SILENT","items_purchased":["Orichalcum"],"campfire_rested":0,"item_purchase_floors":[11],"current_hp_per_floor":[70,70,66,60,60,60,60,60,60,59,59,59,57,54,54,40,70,66,59,66,58,0],"gold":250,"neow_bonus":"","is_prod":false,"is_daily":false,"chose_seed":false,"campfire_upgraded":4,"win_rate":0,"timestamp":1535918796,"path_taken":["M","M","M","M","M","R","?","R","T","?","$","R","M","M","R","BOSS","M","?","?","M","?"],"build_version":"2018-08-30","purchased_purges":0,"victory":false,"max_hp_per_floor":[70,70,70,70,70,70,70,70,70,70,70,70,70,70,70,70,70,70,70,70,70,70],"card_choices":[{"not_picked":["Escape Plan","Eviscerate"],"picked":"Finisher","floor":1},{"not_picked":["Underhanded Strike","Outmaneuver"],"picked":"Noxious Fumes","floor":2},{"not_picked":["Prepared","Quick Slash"],"picked":"Bane","floor":3},{"not_picked":["Underhanded Strike","Dagger Spray"],"picked":"Blade Dance","floor":4},{"not_picked":["Distraction","Eviscerate"],"picked":"Finisher","floor":5},{"not_picked":["Flying Knee","Underhanded Strike","Expertise"],"picked":"SKIP","floor":10},{"not_picked":["Backflip","PiercingWail"],"picked":"Catalyst","floor":13},{"not_picked":["Distraction","Deflect","Dagger Throw"],"picked":"SKIP","floor":14},{"not_picked":["Storm of Steel","Phantasmal Killer"],"picked":"Venomology","floor":16},{"not_picked":["Flechettes","Outmaneuver"],"picked":"Poisoned Stab+1","floor":18},{"not_picked":["Dagger Throw","Dodge and Roll"],"picked":"Poisoned Stab","floor":20},{"not_picked":["Acrobatics","Outmaneuver"],"picked":"Endless Agony+1","floor":21}],"player_experience":73575,"relics_obtained":[{"floor":9,"key":"Bottled Tornado"}],"event_choices":[{"event_name":"Golden Idol","player_choice":"Take Wound","floor":7,"damage_taken":0},{"event_name":"Wheel of Change","player_choice":"Damage","floor":19,"damage_taken":0},{"event_name":"Colosseum","player_choice":"Fight","floor":22,"damage_taken":0},{"event_name":"Colosseum","player_choice":"Fought Nobs","floor":22,"damage_taken":0}],"is_beta":false,"boss_relics":[{"not_picked":["Busted Crown","Orrery"],"picked":"Ring of the Serpent"}],"items_purged_floors":[],"is_endless":false,"potions_floor_spawned":[1,3,5,16,22],"killed_by":"Colosseum Nobs","ascension_level":1}