{"gold_per_floor":[112,139,41,58,72,104,54,88,114,114,125,125,137,170,170,275,275,292,171,181,4,104,129,129,147,170,170,44,107,206,221,221,221],"floor_reached":33,"playtime":2019,"items_purged":["Strike_R","Defend_R","Defend_R","Defend_R"],"score":353,"play_id":"694d7c82-112b-4b7e-829a-57b6a28c4b7f","local_time":"20190325092708","is_ascension_mode":false,"campfire_choices":[{"floor":10,"key":"REST"},{"data":"Cleave","floor":12,"key":"SMITH"},{"data":"Corruption","floor":15,"key":"SMITH"},{"data":"True Grit","floor":24,"key":"SMITH"},{"data":"Metallicize","floor":32,"key":"SMITH"}],"neow_cost":"NONE","seed_source_timestamp":0,"circlet_count":0,"master_deck":["Defend_R","Bash+1","Shrug It Off","Cleave+1","Spot Weakness","Flame Barrier","Feed","Corruption+1","Metallicize+1","Anger","Offering","Iron Wave+1","Whirlwind+1","Sever Soul+1","Inflame","Entrench","Feel No Pain","True Grit+1","Metallicize"],"special_seed":0,"relics":["Burning Blood","Juzu Bracelet","Smiling Mask","Dream Catcher","Happy Flower","Art of War","Astrolabe","Thread and Needle","Dodecahedron","Anchor","Regal Pillow","Enchiridion","Tiny Chest"],"potions_floor_usage":[16,22,22,22,29,33,33],"damage_taken":[{"damage":5.0,"enemies":"Cultist","floor":1.0,"turns":4.0},{"damage":0.0,"enemies":"Jaw Worm","floor":4.0,"turns":3.0},{"damage":0.0,"enemies":"Small Slimes","floor":5.0,"turns":3.0},{"damage":31.0,"enemies":"Gremlin Nob","floor":6.0,"turns":6.0},{"damage":49,"enemies":"Lagavulin","floor":8,"turns":11},{"damage":1,"enemies":"2 Fungi Beasts","floor":11,"turns":4},{"damage":0,"enemies":"3 Louse","floor":13,"turns":3},{"damage":21,"enemies":"3 Sentries","floor":14,"turns":10},{"damage":27,"enemies":"Slime Boss","floor":16,"turns":11},{"damage":0,"enemies":"3 Byrds","floor":18,"turns":2},{"damage":9,"enemies":"Chosen","floor":20,"turns":3},{"damage":16,"enemies":"Colosseum Slavers","floor":22,"turns":3},{"damage":36,"enemies":"Colosseum Nobs","floor":22,"turns":5},{"damage":14,"enemies":"Slavers","floor":23,"turns":4},{"damage":6,"enemies":"Snecko","floor":25,"turns":6},{"damage":6,"enemies":"Gremlin Leader","floor":29,"turns":4},{"damage":0,"enemies":"3 Cultists","floor":31,"turns":6},{"damage":85,"enemies":"Automaton","floor":33,"turns":12}],"seed_played":"-2767430621453114671","potions_obtained":[{"floor":4.0,"key":"SpeedPotion"},{"floor":5.0,"key":"Block Potion"},{"floor":8,"key":"Swift Potion"},{"floor":11,"key":"Regen Potion"},{"floor":16,"key":"Swift Potion"},{"floor":18,"key":"Energy Potion"},{"floor":22,"key":"Dexterity Potion"},{"floor":23,"key":"FearPotion"},{"floor":29,"key":"Fire Potion"}],"is_trial":false,"path_per_floor":["M","T","$","M","M","E","?","E","T","R","M","R","M","E","R","B",null,"M","$","M","$","?","E","R","M","T","?","$","E","?","M","R","B"],"character_chosen":"IRONCLAD","items_purchased":["Cleave","Inflame","Feel No Pain","True Grit","Metallicize"],"campfire_rested":1,"item_purchase_floors":[3,19,21,21,28],"current_hp_per_floor":[80,80,80,80,80,55,55,15,15,39,47,47,56,44,44,23,92,92,92,89,89,61,53,53,53,53,37,37,37,37,43,43,0],"gold":221,"neow_bonus":"UPGRADE_CARD","is_prod":false,"is_daily":false,"chose_seed":false,"campfire_upgraded":4,"win_rate":0,"timestamp":1553520428,"path_taken":["M","?","$","M","M","E","?","E","T","R","M","R","M","E","R","BOSS","M","$","M","$","?","E","R","M","T","?","$","E","?","M","R","BOSS"],"build_version":"2019-01-23","purchased_purges":4,"victory":false,"max_hp_per_floor":[80,80,80,80,80,80,80,83,83,83,86,86,89,92,92,92,92,92,92,92,92,95,95,95,95,95,95,95,95,95,95,95,95],"card_choices":[{"not_picked":["Body Slam","Sever Soul"],"picked":"Shrug It Off","floor":1.0},{"not_picked":["Warcry","Perfected Strike"],"picked":"Spot Weakness","floor":4.0},{"not_picked":["Sever Soul","Clothesline"],"picked":"Flame Barrier","floor":5.0},{"not_picked":["Evolve","Armaments"],"picked":"Feed","floor":6},{"not_picked":["Second Wind","Blood for Blood","Sword Boomerang"],"picked":"SKIP","floor":8},{"not_picked":["Body Slam","Clash"],"picked":"Corruption","floor":11},{"not_picked":["Sever Soul","Pommel Strike"],"picked":"Metallicize","floor":13},{"not_picked":["Twin Strike","Spot Weakness"],"picked":"Anger","floor":14},{"not_picked":["Demon Form","Limit Break"],"picked":"Offering","floor":16},{"not_picked":["Iron Wave","Twin Strike","Warcry"],"picked":"SKIP","floor":18},{"not_picked":["Flame Barrier","Cleave+1"],"picked":"Entrench","floor":20},{"not_picked":["True Grit","Fire Breathing","Clash"],"picked":"SKIP","floor":23},{"not_picked":["Warcry","Heavy Blade+1","Sword Boomerang"],"picked":"SKIP","floor":25},{"not_picked":["Twin Strike","Shrug It Off","Heavy Blade"],"picked":"SKIP","floor":29},{"not_picked":["Cleave+1","Rage","Wild Strike"],"picked":"SKIP","floor":31}],"player_experience":641723,"relics_obtained":[{"floor":2.0,"key":"Juzu Bracelet"},{"floor":6,"key":"Smiling Mask"},{"floor":8,"key":"Dream Catcher"},{"floor":9,"key":"Happy Flower"},{"floor":14,"key":"Art of War"},{"floor":22,"key":"Thread and Needle"},{"floor":22,"key":"Dodecahedron"},{"floor":23,"key":"Anchor"},{"floor":26,"key":"Regal Pillow"},{"floor":27,"key":"Enchiridion"},{"floor":29,"key":"Tiny Chest"}],"event_choices":[{"cards_removed":["Strike_R"],"damage_healed":0,"gold_gain":0,"player_choice":"Card Removal","damage_taken":0,"max_hp_gain":0,"max_hp_loss":0,"event_name":"The Cleric","floor":7,"gold_loss":50},{"damage_healed":0,"gold_gain":0,"player_choice":"Fight","damage_taken":0,"max_hp_gain":0,"max_hp_loss":0,"event_name":"Colosseum","floor":22,"gold_loss":0},{"damage_healed":0,"gold_gain":0,"player_choice":"Fought Nobs","damage_taken":0,"max_hp_gain":0,"max_hp_loss":0,"event_name":"Colosseum","floor":22,"gold_loss":0},{"damage_healed":0,"gold_gain":0,"player_choice":"Obtained Book","damage_taken":16,"max_hp_gain":0,"max_hp_loss":0,"event_name":"Cursed Tome","floor":27,"gold_loss":0},{"damage_healed":0,"gold_gain":99,"player_choice":"Stole From Cult","damage_taken":0,"max_hp_gain":0,"max_hp_loss":0,"event_name":"Nest","floor":30,"gold_loss":0}],"is_beta":false,"boss_relics":[{"not_picked":["Velvet Choker","Calling Bell"],"picked":"Astrolabe"}],"items_purged_floors":[3,19,21,28],"is_endless":false,"potions_floor_spawned":[4,5,8,11,16,18,22,23,29],"killed_by":"Automaton","ascension_level":0}