{"gold_per_floor":[113,126,137,150,0,0,16,16,16,16,26,26,60,35,35,35],"floor_reached":16,"playtime":743,"items_purged":[],"score":102,"play_id":"1e7502a1-fed9-461d-aa49-2ac95aa29e90","local_time":"20190325220159","is_ascension_mode":false,"campfire_choices":[{"data":"Thunderclap","floor":8,"key":"SMITH"},{"data":"Bash","floor":10,"key":"SMITH"},{"floor":15,"key":"REST"}],"neow_cost":"NONE","seed_source_timestamp":39693786414300,"circlet_count":0,"master_deck":["Strike_R","Strike_R","Strike_R","Strike_R","Defend_R","Defend_R","Defend_R","Defend_R","Bash+1","Pommel Strike","Heavy Blade","Shrug It Off","Thunderclap+1","Iron Wave","Shrug It Off","Flame Barrier","True Grit"],"relics":["Burning Blood","Anchor","Bottled Lightning","Question Card"],"potions_floor_usage":[],"damage_taken":[{"damage":1,"enemies":"Cultist","floor":1,"turns":3},{"damage":6,"enemies":"Jaw Worm","floor":2,"turns":3},{"damage":12,"enemies":"Small Slimes","floor":3,"turns":4},{"damage":1,"enemies":"Red Slaver","floor":4,"turns":6},{"damage":10,"enemies":"Looter","floor":7,"turns":3},{"damage":9,"enemies":"2 Fungi Beasts","floor":11,"turns":3},{"damage":35,"enemies":"3 Sentries","floor":13,"turns":8},{"damage":68,"enemies":"Slime Boss","floor":16,"turns":10}],"seed_played":"-9006493009376063778","potions_obtained":[{"floor":2,"key":"SpeedPotion"},{"floor":7,"key":"Fire Potion"}],"is_trial":false,"path_per_floor":["M","M","M","M","$","?","M","R","T","R","M","?","E","$","R","B"],"character_chosen":"IRONCLAD","items_purchased":["Anchor","True Grit"],"campfire_rested":1,"item_purchase_floors":[5,14],"current_hp_per_floor":[80,80,74,79,79,72,68,68,68,68,65,65,36,36,60,0],"gold":35,"neow_bonus":"TRANSFORM_CARD","is_prod":false,"is_daily":false,"chose_seed":false,"campfire_upgraded":2,"win_rate":0.0,"timestamp":1553565719,"path_taken":["M","M","M","M","$","?","M","R","T","R","M","?","E","?","R","BOSS"],"build_version":"2019-01-23","purchased_purges":0,"victory":false,"max_hp_per_floor":[80,80,80,80,80,80,80,80,80,80,80,80,80,80,80,80],"card_choices":[{"not_picked":["True Grit","Clash"],"picked":"Pommel Strike","floor":1},{"not_picked":["Corruption","Wild Strike"],"picked":"Heavy Blade","floor":2},{"not_picked":["Heavy Blade","Carnage"],"picked":"Shrug It Off","floor":3},{"not_picked":["Wild Strike","Evolve"],"picked":"Thunderclap","floor":4},{"not_picked":["Shockwave","Pommel Strike"],"picked":"Iron Wave","floor":7},{"not_picked":["Whirlwind","Warcry"],"picked":"Shrug It Off","floor":11},{"not_picked":["True Grit","Dual Wield"],"picked":"Flame Barrier","floor":13}],"player_experience":32402,"relics_obtained":[{"floor":9,"key":"Bottled Lightning"},{"floor":13,"key":"Question Card"}],"event_choices":[{"cards_removed":["Disarm"],"damage_healed":0,"gold_gain":0,"player_choice":"Card Removal","damage_taken":7,"max_hp_gain":0,"max_hp_loss":0,"event_name":"Golden Wing","floor":6,"gold_loss":0},{"damage_healed":0,"gold_gain":0,"player_choice":"Ignored","damage_taken":0,"max_hp_gain":0,"max_hp_loss":0,"event_name":"Shining Light","floor":12,"gold_loss":0}],"is_beta":false,"boss_relics":[],"items_purged_floors":[],"is_endless":false,"potions_floor_spawned":[2,7],"killed_by":"Slime Boss","ascension_level":0}