{"path_per_floor":["M","?","?","?","T","E","R","E","T","M","M","M","M","M","R","B",null,"M","?","$","M","?","R","M","R","T","M","R","E","M","M","R","B",null,"M","M","$","?","?","R","M","R","T","M","M","R","E","M","R","B"],"character_chosen":"DEFECT","items_purchased":["Loop","Master of Strategy","FTL","Torii","Pantograph"],"gold_per_floor":[118,118,118,293,317,345,345,402,427,439,458,474,492,511,511,612,612,628,628,248,258,258,258,258,258,558,568,568,600,618,636,636,736,766,784,798,166,166,166,166,183,183,183,203,203,203,232,242,242,242],"floor_reached":51,"campfire_rested":2,"playtime":5471,"item_purchase_floors":[20,20,20,37,37],"current_hp_per_floor":[68,68,73,73,80,80,80,80,80,80,80,80,73,73,73,68,82,71,71,71,71,71,71,60,60,60,54,54,42,24,20,61,32,78,70,65,65,88,78,78,77,77,77,77,77,77,33,6,48,14],"items_purged":["Strike_B","Doubt"],"gold":242,"score":974,"play_id":"8927052a-3215-406c-afa0-b800f1dc8829","local_time":"20180611121042","is_prod":false,"is_daily":false,"chose_seed":false,"is_ascension_mode":true,"campfire_upgraded":8,"win_rate":0,"timestamp":1528711842,"campfire_choices":[{"data":"Zap","floor":7,"key":"SMITH"},{"data":"Defragment","floor":15,"key":"SMITH"},{"data":"Chill","floor":23,"key":"SMITH"},{"data":"White Noise","floor":25,"key":"SMITH"},{"data":"Coolheaded","floor":28,"key":"SMITH"},{"floor":32,"key":"REST"},{"data":"Loop","floor":40,"key":"SMITH"},{"data":"Seek","floor":42,"key":"SMITH"},{"data":"Amplify","floor":46,"key":"SMITH"},{"floor":49,"key":"REST"}],"path_taken":["M","?","?","?","?","E","R","E","T","M","M","M","?","?","R","BOSS","M","?","$","M","?","R","M","R","T","M","R","E","M","M","R","BOSS","M","M","$","?","?","R","M","R","T","?","M","R","E","M","R","BOSS"],"build_version":"2018-06-07v3","seed_source_timestamp":99397900543227,"purchased_purges":2,"victory":true,"master_deck":["Strike_B","Defend_B","Defend_B","Defend_B","Defend_B","Zap+1","Dualcast","White Noise+1","Conserve Battery","Cold Snap","Conserve Battery","Chill+1","Defragment+1","Ball Lightning","Cold Snap","Amplify+1","Rebound","Loop+1","Master of Strategy","FTL","Rip and Tear+1","Coolheaded+1","Seek+1","Capacitor","Turbo","Redo+1","Writhe","Panacea","Madness","Jack Of All Trades","Stack+1","Chill+1","Scrape+1"],"max_hp_per_floor":[75,75,80,80,87,87,87,87,87,87,87,87,87,87,87,87,87,87,87,87,87,87,87,87,87,87,87,87,87,87,87,87,87,92,92,92,92,92,92,92,92,92,92,92,92,92,92,92,92,92],"relics":["Cracked Core","NeowsBlessing","Strawberry","Regal Pillow","Tiny Chest","Lantern","Runic Pyramid","Old Coin","Anchor","Tiny House","Torii","Pantograph","Happy Flower","Thread and Needle"],"card_choices":[{"not_picked":["Self Repair","Blizzard"],"picked":"White Noise","floor":1},{"not_picked":["Turbo","Tempest"],"picked":"Conserve Battery","floor":6},{"not_picked":["Multi-Cast","Barrage"],"picked":"Cold Snap","floor":8},{"not_picked":["Genetic Algorithm","Turbo"],"picked":"Conserve Battery","floor":10},{"not_picked":["Lockon","Steam Power"],"picked":"Chill","floor":11},{"not_picked":["Barrage","Chaos"],"picked":"Defragment","floor":12},{"not_picked":["Sweeping Beam","Beam Cell"],"picked":"Ball Lightning","floor":13},{"not_picked":["Heatsinks","Conserve Battery"],"picked":"Cold Snap","floor":14},{"not_picked":["Fission","Creative AI"],"picked":"Amplify","floor":16},{"not_picked":["Gash","Rip and Tear"],"picked":"Rebound","floor":18},{"not_picked":["Barrage+1","Compile Driver","Rip and Tear"],"picked":"SKIP","floor":21},{"not_picked":["Conserve Battery","Consume+1"],"picked":"Coolheaded","floor":27},{"not_picked":["Stack+1","Rebound+1","Static Discharge"],"picked":"SKIP","floor":29},{"not_picked":["Redo","Melter","Darkness+1"],"picked":"SKIP","floor":30},{"not_picked":["Steam","Conserve Battery","Double Energy"],"picked":"SKIP","floor":31},{"not_picked":["Reboot","Thunder Strike"],"picked":"Seek","floor":33},{"not_picked":["Hologram","Leap"],"picked":"Capacitor","floor":34},{"not_picked":["Barrage+1","Cold Snap+1"],"picked":"Turbo","floor":35},{"not_picked":["Gash+1","Stack"],"picked":"Redo+1","floor":36},{"not_picked":["Trip","Finesse"],"picked":"Panacea","floor":39},{"not_picked":["Panacea","Good Instincts"],"picked":"Madness","floor":39},{"not_picked":["Dramatic Entrance","Transmutation"],"picked":"Jack Of All Trades","floor":39},{"not_picked":["Chaos+1","Streamline"],"picked":"Stack+1","floor":41},{"not_picked":["Cold Snap+1","Gash+1"],"picked":"Chill+1","floor":44},{"not_picked":["Consume+1","Hello World+1"],"picked":"Scrape+1","floor":47},{"not_picked":["Chill","Darkness+1","Genetic Algorithm+1"],"picked":"SKIP","floor":48}],"player_experience":362307,"potions_floor_usage":[10,18,24,29,33,45,47,50],"damage_taken":[{"damage":0,"enemies":"Cultist","floor":1,"turns":1},{"damage":0,"enemies":"3 Sentries","floor":6,"turns":1},{"damage":0,"enemies":"Gremlin Nob","floor":8,"turns":1},{"damage":0,"enemies":"Small Slimes","floor":10,"turns":3},{"damage":0,"enemies":"Jaw Worm","floor":11,"turns":3},{"damage":0,"enemies":"3 Louse","floor":12,"turns":4},{"damage":7,"enemies":"Large Slime","floor":13,"turns":6},{"damage":0,"enemies":"Blue Slaver","floor":14,"turns":3},{"damage":5,"enemies":"Slime Boss","floor":16,"turns":8},{"damage":11,"enemies":"3 Byrds","floor":18,"turns":6},{"damage":0,"enemies":"Spheric Guardian","floor":21,"turns":3},{"damage":11,"enemies":"Snecko","floor":24,"turns":5},{"damage":6,"enemies":"Snake Plant","floor":27,"turns":5},{"damage":12,"enemies":"Gremlin Leader","floor":29,"turns":12},{"damage":18,"enemies":"Cultist and Chosen","floor":30,"turns":7},{"damage":4,"enemies":"Sentry and Sphere","floor":31,"turns":6},{"damage":29,"enemies":"Collector","floor":33,"turns":15},{"damage":8,"enemies":"3 Darklings","floor":35,"turns":8},{"damage":5,"enemies":"Orb Walker","floor":36,"turns":4},{"damage":1,"enemies":"Sphere and 2 Shapes","floor":41,"turns":8},{"damage":0,"enemies":"4 Shapes","floor":44,"turns":7},{"damage":0,"enemies":"3 Darklings","floor":45,"turns":2},{"damage":44,"enemies":"Giant Head","floor":47,"turns":13},{"damage":27,"enemies":"Sphere and 2 Shapes","floor":48,"turns":10},{"damage":59,"enemies":"Donu and Deca","floor":50,"turns":15}],"relics_obtained":[{"floor":5,"key":"Strawberry"},{"floor":6,"key":"Regal Pillow"},{"floor":8,"key":"Tiny Chest"},{"floor":9,"key":"Lantern"},{"floor":26,"key":"Old Coin"},{"floor":29,"key":"Anchor"},{"floor":43,"key":"Happy Flower"},{"floor":47,"key":"Thread and Needle"}],"event_choices":[{"event_name":"Bonfire Elementals","player_choice":"BASIC","floor":2,"damage_taken":0},{"event_name":"Big Fish","player_choice":"Donut","floor":3,"damage_taken":0},{"event_name":"Liars Game","player_choice":"agreed","floor":4,"damage_taken":0},{"event_name":"The Lab","player_choice":"Got Potions","floor":19,"damage_taken":0},{"event_name":"Transmorgrifier","player_choice":"Transform","floor":22,"damage_taken":0},{"event_name":"Winding Halls","player_choice":"Writhe","floor":38,"damage_taken":0},{"event_name":"SensoryStone","player_choice":"Memory 3","floor":39,"damage_taken":0}],"boss_relics":[{"not_picked":["Eternal Feather","Velvet Choker"],"picked":"Runic Pyramid"},{"not_picked":["Black Star","Calling Bell"],"picked":"Tiny House"}],"items_purged_floors":[20,37],"potions_floor_spawned":[1,8,10,11,21,24,30,31,33,41,44,45,47],"seed_played":"-3701282128731871508","ascension_level":6,"potions_obtained":[{"floor":1,"key":"SpeedPotion"},{"floor":8,"key":"Explosive Potion"},{"floor":10,"key":"SneckoOil"},{"floor":11,"key":"GamblersBrew"},{"floor":19,"key":"FairyPotion"},{"floor":19,"key":"SmokeBomb"},{"floor":30,"key":"SmokeBomb"},{"floor":31,"key":"SteroidPotion"},{"floor":33,"key":"SkillPotion"},{"floor":47,"key":"LiquidBronze"}],"is_trial":false}