{"gold_per_floor":[109,119,194,194,194,221,221,247,247,247,247],"floor_reached":11,"playtime":340,"items_purged":[],"score":107,"play_id":"f8bade25-029b-4c5e-88f3-b211b286d6a5","local_time":"20180821214436","is_ascension_mode":true,"campfire_choices":[{"floor":7,"key":"REST"},{"floor":10,"key":"REST"}],"neow_cost":"CURSE","seed_source_timestamp":613626674660720,"circlet_count":0,"master_deck":["Strike_R","Strike_R","Strike_R","Strike_R","Strike_R","Defend_R","Defend_R","Defend_R","Defend_R","Bash","Injury","Pommel Strike","Thunderclap","Disarm","Whirlwind"],"relics":["Burning Blood","Mango","Peace Pipe","NlothsMask","Bottled Lightning","Sundial"],"potions_floor_usage":[6],"damage_taken":[{"damage":14,"enemies":"Jaw Worm","floor":1,"turns":6},{"damage":8,"enemies":"2 Louse","floor":2,"turns":3},{"damage":50,"enemies":"Lagavulin","floor":6,"turns":6},{"damage":32,"enemies":"Gremlin Nob","floor":8,"turns":4},{"damage":55,"enemies":"Lagavulin","floor":11,"turns":7}],"seed_played":"-8779951908171719321","potions_obtained":[{"floor":1,"key":"FearPotion"},{"floor":2,"key":"EssenceOfSteel"}],"is_trial":false,"path_per_floor":["M","M","?","?","?","E","R","E","T","R"],"character_chosen":"IRONCLAD","items_purchased":[],"campfire_rested":2,"item_purchase_floors":[],"current_hp_per_floor":[78,76,65,65,65,21,49,23,23,51,0],"gold":247,"neow_bonus":"ONE_RARE_RELIC","is_prod":false,"is_daily":false,"chose_seed":false,"campfire_upgraded":0,"win_rate":0,"timestamp":1534913076,"path_taken":["M","M","?","?","?","E","R","E","T","R","E"],"build_version":"2018-08-16","purchased_purges":0,"victory":false,"max_hp_per_floor":[94,94,94,94,94,94,94,94,94,94,94],"card_choices":[{"not_picked":["Rampage","Clothesline"],"picked":"Pommel Strike","floor":1},{"not_picked":["Armaments","Headbutt"],"picked":"Thunderclap","floor":2},{"not_picked":["Disarm","Dark Embrace","Sentinel"],"picked":"SKIP","floor":6},{"not_picked":["Dark Embrace","Sentinel"],"picked":"Disarm","floor":6},{"not_picked":["Havoc","Feel No Pain"],"picked":"Whirlwind","floor":8}],"player_experience":429456,"relics_obtained":[{"floor":6,"key":"Bottled Lightning"},{"floor":8,"key":"Sundial"}],"event_choices":[{"event_name":"World of Goop","player_choice":"Gather Gold","floor":3,"damage_taken":0},{"event_name":"WeMeetAgain","player_choice":"Potion","floor":4,"damage_taken":0},{"event_name":"FaceTrader","player_choice":"Trade","floor":5,"damage_taken":0}],"is_beta":false,"boss_relics":[],"items_purged_floors":[],"is_endless":false,"potions_floor_spawned":[1,2],"killed_by":"Lagavulin","ascension_level":7}