{"gold_per_floor":[109,126,142,154,79,79,96,96,96,108,8,8,8,71,71,148,148,161,234,234,252,252,252,265,265],"floor_reached":25,"playtime":1480,"items_purged":["Defend_B","Strike_B"],"score":345,"play_id":"6624a978-08c2-466f-804c-4c71b095a39e","local_time":"20180922104803","is_ascension_mode":true,"campfire_choices":[{"data":"Dualcast","floor":6,"key":"SMITH"},{"data":"Capacitor","floor":8,"key":"SMITH"},{"data":"Ball Lightning","floor":13,"key":"SMITH"},{"floor":15,"key":"REST"},{"floor":23,"key":"REST"}],"neow_cost":"NONE","seed_source_timestamp":596913837108570,"circlet_count":0,"master_deck":["Strike_B","Strike_B","Strike_B","Defend_B","Defend_B","Defend_B","Zap+1","Dualcast+1","AscendersBane","Glacier+1","Ball Lightning+1","Cold Snap","Capacitor+1","Seek","Normality","Regret","J.A.X.","Defragment"],"relics":["Cracked Core","Bag of Preparation","Tiny Chest","Cursed Key","Bottled Lightning","Dodecahedron"],"potions_floor_usage":[14,18,21],"damage_taken":[{"damage":4,"enemies":"Small Slimes","floor":1,"turns":4},{"damage":1,"enemies":"Cultist","floor":2,"turns":3},{"damage":2,"enemies":"2 Louse","floor":3,"turns":2},{"damage":4,"enemies":"Red Slaver","floor":4,"turns":3},{"damage":0,"enemies":"Exordium Wildlife","floor":7,"turns":2},{"damage":0,"enemies":"3 Louse","floor":10,"turns":3},{"damage":10,"enemies":"3 Sentries","floor":14,"turns":5},{"damage":33,"enemies":"The Guardian","floor":16,"turns":10},{"damage":8,"enemies":"3 Byrds","floor":18,"turns":5},{"damage":15,"enemies":"Shell Parasite","floor":21,"turns":6},{"damage":40,"enemies":"Shelled Parasite and Fungi","floor":24,"turns":7},{"damage":24,"enemies":"Cultist and Chosen","floor":25,"turns":6}],"seed_played":"7883410755963460345","potions_obtained":[{"floor":1,"key":"FearPotion"},{"floor":3,"key":"Fire Potion"},{"floor":16,"key":"SpeedPotion"},{"floor":24,"key":"Energy Potion"}],"is_trial":false,"path_per_floor":["M","M","M","M","$","R","M","R","T","M","$","?","R","E","R","B",null,"M","T","T","M","?","R","M"],"character_chosen":"DEFECT","items_purchased":[],"campfire_rested":2,"item_purchase_floors":[],"current_hp_per_floor":[60,59,57,53,53,53,53,53,53,53,53,53,53,43,64,31,61,53,53,53,38,38,59,19,0],"gold":265,"neow_bonus":"UPGRADE_CARD","is_prod":false,"is_daily":false,"chose_seed":false,"campfire_upgraded":3,"win_rate":0,"timestamp":1537606083,"path_taken":["M","M","M","M","$","R","M","R","T","M","$","?","R","E","R","BOSS","M","?","?","M","?","R","M","M"],"build_version":"2018-09-20","purchased_purges":2,"victory":false,"max_hp_per_floor":[71,71,71,71,71,71,71,71,71,71,71,71,71,71,71,71,71,71,71,71,71,71,71,71,71],"card_choices":[{"not_picked":["Hello World","BootSequence"],"picked":"Glacier","floor":1},{"not_picked":["Barrage","Conserve Battery"],"picked":"Ball Lightning","floor":2},{"not_picked":["Rebound","Recycle","Go for the Eyes"],"picked":"SKIP","floor":3},{"not_picked":["Undo","Gash"],"picked":"Cold Snap","floor":4},{"not_picked":["Rebound","Conserve Battery"],"picked":"Capacitor","floor":7},{"not_picked":["Genetic Algorithm","Turbo","Barrage"],"picked":"SKIP","floor":10},{"not_picked":["Redo","Hologram","Multi-Cast"],"picked":"SKIP","floor":14},{"not_picked":["Thunder Strike","Creative AI"],"picked":"Seek","floor":16},{"not_picked":["Conserve Battery","Double Energy","Turbo"],"picked":"SKIP","floor":18},{"not_picked":["Barrage","Leap","Aggregate"],"picked":"SKIP","floor":21},{"not_picked":["Hologram","Turbo+1"],"picked":"Defragment","floor":24}],"player_experience":531710,"relics_obtained":[{"floor":9,"key":"Bag of Preparation"},{"floor":14,"key":"Tiny Chest"},{"floor":19,"key":"Bottled Lightning"},{"floor":20,"key":"Dodecahedron"}],"event_choices":[{"event_name":"Accursed Blacksmith","player_choice":"Forge","floor":12,"damage_taken":0},{"event_name":"Drug Dealer","player_choice":"Got JAX","floor":22,"damage_taken":0}],"is_beta":false,"boss_relics":[{"not_picked":["Coffee Dripper","Pandora\u0027s Box"],"picked":"Cursed Key"}],"items_purged_floors":[5,11],"is_endless":false,"potions_floor_spawned":[1,3,10,16,24],"killed_by":"Cultist and Chosen","ascension_level":14}