{"gold_per_floor":[119,194,205,223,235,235,235,246,246,273,273,6,39,52,52,126,126,142,159,174,174,174,203,303,303,329,329,357,377,389,406,406,481,481,499,499,546,546,560,560,589,43,67,100,120,147,157,169,169,169],"floor_reached":51,"playtime":3386,"items_purged":["Writhe"],"score":1474,"play_id":"c7d9f4f1-8b6d-4364-862b-e94cd02aa030","local_time":"20180707165653","is_ascension_mode":true,"campfire_choices":[{"floor":6,"key":"REST"},{"floor":11,"key":"REST"},{"data":"Apotheosis","floor":15,"key":"SMITH"},{"data":"After Image","floor":25,"key":"SMITH"},{"data":"Accuracy","floor":27,"key":"SMITH"},{"data":"Infinite Blades","floor":32,"key":"SMITH"},{"floor":40,"key":"REST"},{"floor":49,"key":"REST"}],"neow_cost":"","seed_source_timestamp":1224781857388729,"circlet_count":0,"master_deck":["Defend_G","Defend_G","Defend_G","Defend_G","Defend_G","Strike_G","Strike_G+1","Strike_G+1","Strike_G","Strike_G","Survivor","Neutralize","AscendersBane","Cloak And Dagger","Accuracy+1","Cloak And Dagger","Heel Hook","Backstab","Infinite Blades","Apotheosis+1","Infinite Blades+1","After Image+1","Malaise","Cloak And Dagger","Parasite","Escape Plan","Infinite Blades","Burst","Clumsy","Clumsy","Accuracy","Thinking Ahead","Pain","Accuracy","Adrenaline","Sucker Punch"],"relics":["Ring of the Snake","Ninja Scroll","Meat on the Bone","Pantograph","Smiling Mask","Cursed Key","Regal Pillow","Singing Bowl","Mummified Hand","Calling Bell","Kunai","Anchor","Mango","Question Card","Paper Crane","Lantern","Boot","Whetstone"],"potions_floor_usage":[5,13,18,20,23,23,35,37,41,50,50],"damage_taken":[{"damage":0,"enemies":"Cultist","floor":1,"turns":3},{"damage":0,"enemies":"Small Slimes","floor":3,"turns":4},{"damage":1,"enemies":"2 Louse","floor":4,"turns":4},{"damage":19,"enemies":"Large Slime","floor":5,"turns":10},{"damage":1,"enemies":"2 Fungi Beasts","floor":8,"turns":3},{"damage":29,"enemies":"Lagavulin","floor":10,"turns":7},{"damage":8,"enemies":"3 Sentries","floor":13,"turns":6},{"damage":0,"enemies":"Looter","floor":14,"turns":1},{"damage":3,"enemies":"The Guardian","floor":16,"turns":9},{"damage":4,"enemies":"Shell Parasite","floor":18,"turns":5},{"damage":5,"enemies":"3 Byrds","floor":19,"turns":4},{"damage":8,"enemies":"Snecko","floor":20,"turns":5},{"damage":3,"enemies":"Book of Stabbing","floor":23,"turns":6},{"damage":5,"enemies":"Slavers","floor":28,"turns":6},{"damage":1,"enemies":"Snake Plant","floor":29,"turns":6},{"damage":8,"enemies":"3 Cultists","floor":30,"turns":5},{"damage":2,"enemies":"Snecko","floor":31,"turns":6},{"damage":23,"enemies":"Champ","floor":33,"turns":12},{"damage":0,"enemies":"3 Shapes","floor":35,"turns":4},{"damage":17,"floor":37,"turns":5},{"damage":38,"enemies":"3 Darklings","floor":39,"turns":7},{"damage":15,"enemies":"Nemesis","floor":41,"turns":9},{"damage":1,"enemies":"Giant Head","floor":44,"turns":8},{"damage":3,"enemies":"Maw","floor":45,"turns":7},{"damage":37,"enemies":"2 Orb Walkers","floor":46,"turns":5},{"damage":22,"enemies":"Sphere and 2 Shapes","floor":47,"turns":5},{"damage":10,"enemies":"4 Shapes","floor":48,"turns":5},{"damage":84,"enemies":"Donu and Deca","floor":50,"turns":9}],"seed_played":"3695132668009755438","potions_obtained":[{"floor":3,"key":"SkillPotion"},{"floor":8,"key":"LiquidBronze"},{"floor":10,"key":"FearPotion"},{"floor":13,"key":"EssenceOfSteel"},{"floor":16,"key":"Block Potion"},{"floor":19,"key":"SteroidPotion"},{"floor":20,"key":"SkillPotion"},{"floor":31,"key":"Block Potion"},{"floor":33,"key":"Fire Potion"},{"floor":39,"key":"SkillPotion"},{"floor":44,"key":"EssenceOfSteel"},{"floor":47,"key":"GamblersBrew"}],"is_trial":false,"path_per_floor":["M","?","M","M","M","R","T","M","T","E","R","$","E","M","R","B",null,"M","M","M","?","?","E","?","R","T","R","E","M","M","M","R","B",null,"M","?","?","?","M","R","E","$","T","E","M","E","M","M","R","B"],"character_chosen":"THE_SILENT","items_purchased":["Apotheosis","Infinite Blades","Paper Crane","Thinking Ahead","SteroidPotion"],"campfire_rested":4,"item_purchase_floors":[12,12,42,42,42],"current_hp_per_floor":[59,48,48,47,28,47,47,46,46,29,48,48,40,40,40,62,65,61,56,48,48,48,45,45,45,45,45,42,43,47,45,45,47,64,66,66,65,65,41,83,68,68,68,67,64,39,31,35,78,22],"gold":169,"neow_bonus":"","is_prod":false,"is_daily":false,"chose_seed":false,"campfire_upgraded":4,"win_rate":0,"timestamp":1531007813,"path_taken":["M","?","M","M","?","R","?","M","T","E","R","$","E","M","R","BOSS","M","M","M","?","?","E","?","R","T","R","E","M","?","M","R","BOSS","M","?","?","?","M","R","E","$","T","E","?","E","M","M","R","BOSS"],"build_version":"2018-07-05","purchased_purges":1,"victory":true,"max_hp_per_floor":[66,66,66,66,66,66,66,66,66,66,66,66,66,66,66,66,66,66,66,66,66,66,66,66,66,66,66,68,70,70,70,70,70,70,72,72,88,88,90,90,90,90,90,90,90,90,92,94,94,94],"card_choices":[{"not_picked":["PiercingWail","Bane"],"picked":"Cloak And Dagger","floor":1},{"not_picked":["Dagger Throw","Setup"],"picked":"Accuracy","floor":3},{"not_picked":["Endless Agony","Acrobatics"],"picked":"Cloak And Dagger","floor":4},{"not_picked":["Outmaneuver","Bane"],"picked":"Heel Hook","floor":5},{"not_picked":["Poisoned Stab","Prepared"],"picked":"Backstab","floor":8},{"not_picked":["Dash","Underhanded Strike"],"picked":"Infinite Blades","floor":10},{"not_picked":["Finisher","All Out Attack"],"picked":"After Image","floor":13},{"not_picked":["Infinite Blades","Flechettes"],"picked":"Malaise","floor":14},{"not_picked":["Dagger Throw+1","Dodge and Roll","Expertise"],"picked":"SKIP","floor":18},{"not_picked":["Bane","Dash","Slice"],"picked":"SKIP","floor":19},{"not_picked":["Crippling Poison","Acrobatics+1","Bouncing Flask"],"picked":"SKIP","floor":20},{"not_picked":["Calculated Gamble","Flying Knee","Setup"],"picked":"SKIP","floor":23},{"not_picked":["Riddle With Holes","Blur","PiercingWail"],"picked":"Singing Bowl","floor":28},{"not_picked":["Sucker Punch","PiercingWail","Slice"],"picked":"Singing Bowl","floor":29},{"not_picked":["Dagger Throw","Underhanded Strike"],"picked":"Escape Plan","floor":30},{"not_picked":["Night Terror","Deflect+1"],"picked":"Infinite Blades","floor":31},{"not_picked":["Doppelganger","Corpse Explosion"],"picked":"Burst","floor":33},{"not_picked":["Dodge and Roll","Sucker Punch","Choke"],"picked":"Singing Bowl","floor":35},{"not_picked":["Choke","Bane","Masterful Stab"],"picked":"Singing Bowl","floor":37},{"not_picked":["Finisher","Underhanded Strike","Bane"],"picked":"Singing Bowl","floor":39},{"not_picked":["Cloak And Dagger","Dagger Throw"],"picked":"Accuracy","floor":41},{"not_picked":["Dagger Throw+1","Endless Agony+1","Riddle With Holes+1"],"picked":"Accuracy","floor":44},{"not_picked":["Backflip","Underhanded Strike","Dagger Spray"],"picked":"Adrenaline","floor":45},{"not_picked":["Calculated Gamble","Riddle With Holes","Outmaneuver"],"picked":"Sucker Punch","floor":46},{"not_picked":["Predator","Quick Slash","PiercingWail+1","Underhanded Strike"],"picked":"Singing Bowl","floor":47},{"not_picked":["Choke","Catalyst","Dagger Throw+1","Night Terror"],"picked":"Singing Bowl","floor":48}],"player_experience":357034,"relics_obtained":[{"floor":7,"key":"Ninja Scroll"},{"floor":9,"key":"Meat on the Bone"},{"floor":10,"key":"Pantograph"},{"floor":13,"key":"Smiling Mask"},{"floor":23,"key":"Regal Pillow"},{"floor":26,"key":"Singing Bowl"},{"floor":28,"key":"Mummified Hand"},{"floor":34,"key":"Kunai"},{"floor":34,"key":"Anchor"},{"floor":37,"key":"Mango"},{"floor":41,"key":"Question Card"},{"floor":43,"key":"Lantern"},{"floor":44,"key":"Boot"},{"floor":46,"key":"Whetstone"}],"event_choices":[{"event_name":"World of Goop","player_choice":"Gather Gold","floor":2,"damage_taken":0},{"event_name":"Drug Dealer","player_choice":"Ignored","floor":21,"damage_taken":0},{"event_name":"The Library","player_choice":"Read","floor":22,"damage_taken":0},{"event_name":"Golden Shrine","player_choice":"Pray","floor":24,"damage_taken":0},{"event_name":"SecretPortal","player_choice":"Rejected Portal.","floor":36,"damage_taken":0},{"event_name":"Mysterious Sphere","player_choice":"Fight","floor":37,"damage_taken":0},{"event_name":"Tomb of Lord Red Mask","player_choice":"Ignored","floor":38,"damage_taken":0}],"boss_relics":[{"not_picked":["Pandora\u0027s Box","Runic Pyramid"],"picked":"Cursed Key"},{"not_picked":["Orrery","Runic Dome"],"picked":"Calling Bell"}],"items_purged_floors":[42],"is_endless":false,"potions_floor_spawned":[3,8,10,13,16,19,20,31,33,39,44,45,47],"ascension_level":14}