{"gold_per_floor":[119,119,130,147,14,49,49,64,118,118,135,135,163,163,163,163],"floor_reached":16,"playtime":619,"items_purged":["Strike_B"],"score":215,"play_id":"7c312e49-190f-433f-8712-bd069528ab8c","local_time":"20190320133222","is_ascension_mode":true,"campfire_choices":[{"data":"Self Repair","floor":7,"key":"SMITH"},{"floor":10,"key":"REST"},{"floor":12,"key":"REST"},{"data":"White Noise","floor":15,"key":"SMITH"}],"neow_cost":"NONE","seed_source_timestamp":82986918030086,"circlet_count":0,"master_deck":["AscendersBane","Strike_B","Strike_B","Strike_B+1","Defend_B","Defend_B","Defend_B","Defend_B","Zap","Dualcast","Self Repair+1","Core Surge","Gash+1","Coolheaded","White Noise+1","Capacitor","Pain"],"relics":["Cracked Core","NeowsBlessing","Whetstone","Tiny Chest","Dream Catcher","WarpedTongs"],"potions_floor_usage":[6,6,13],"damage_taken":[{"damage":0,"enemies":"Small Slimes","floor":1,"turns":1},{"damage":0,"enemies":"Cultist","floor":3,"turns":1},{"damage":0,"enemies":"2 Louse","floor":4,"turns":1},{"damage":21,"enemies":"Lagavulin","floor":6,"turns":7},{"damage":45,"enemies":"Exordium Thugs","floor":8,"turns":5},{"damage":5,"enemies":"Exordium Wildlife","floor":11,"turns":3},{"damage":22,"enemies":"Gremlin Nob","floor":13,"turns":4},{"damage":50,"enemies":"The Guardian","floor":16,"turns":9}],"seed_played":"-7222021433074942879","potions_obtained":[{"floor":2,"key":"Dexterity Potion"},{"floor":2,"key":"Ancient Potion"},{"floor":4,"key":"AttackPotion"},{"floor":8,"key":"Block Potion"}],"is_trial":false,"path_per_floor":["M","?","M","M","$","E","R","M","T","R","M","R","E","?","R","B"],"character_chosen":"DEFECT","items_purchased":["Gash"],"campfire_rested":2,"item_purchase_floors":[5],"current_hp_per_floor":[64,64,64,64,64,50,50,15,15,36,41,62,50,50,50,0],"gold":163,"neow_bonus":"THREE_ENEMY_KILL","is_prod":false,"is_daily":false,"chose_seed":false,"campfire_upgraded":2,"win_rate":0,"timestamp":1553085142,"path_taken":["M","?","?","M","$","E","R","?","T","R","M","R","E","?","R","BOSS"],"build_version":"2019-01-23","purchased_purges":1,"victory":false,"max_hp_per_floor":[71,71,71,71,71,71,71,71,71,71,71,71,71,71,71,71],"card_choices":[{"not_picked":["Beam Cell","Streamline"],"picked":"Self Repair","floor":1},{"not_picked":["Rip and Tear","Recycle","Redo"],"picked":"SKIP","floor":3},{"not_picked":["Melter","Sweeping Beam"],"picked":"Core Surge","floor":4},{"not_picked":["Cold Snap","Hello World"],"picked":"Coolheaded","floor":6},{"not_picked":["Barrage","Ball Lightning","Steam"],"picked":"SKIP","floor":8},{"not_picked":["Hologram","Barrage"],"picked":"White Noise","floor":11},{"not_picked":["Go for the Eyes","Blizzard"],"picked":"Capacitor","floor":13}],"player_experience":767441,"relics_obtained":[{"floor":6,"key":"Whetstone"},{"floor":9,"key":"Tiny Chest"},{"floor":13,"key":"Dream Catcher"}],"event_choices":[{"damage_healed":0,"gold_gain":0,"player_choice":"Got Potions","damage_taken":0,"max_hp_gain":0,"max_hp_loss":0,"event_name":"Lab","floor":2,"gold_loss":0},{"damage_healed":0,"gold_gain":0,"player_choice":"Rummage","damage_taken":0,"relics_obtained":["WarpedTongs"],"max_hp_gain":0,"max_hp_loss":0,"event_name":"Accursed Blacksmith","floor":14,"gold_loss":0,"cards_obtained":["Pain"]}],"is_beta":false,"boss_relics":[],"items_purged_floors":[5],"is_endless":false,"potions_floor_spawned":[4,8],"killed_by":"The Guardian","ascension_level":19}