{"gold_per_floor":[118,130,130,155,170,204,204,227,227,267,267,302,302,321,321,450,450,473,7,23,23],"floor_reached":21,"playtime":3432,"items_purged":["Strike_B"],"score":302,"play_id":"633ca7db-7b33-49cc-b70b-664a54eccd1d","local_time":"20180917200852","is_ascension_mode":true,"campfire_choices":[{"floor":7,"key":"REST"},{"floor":11,"key":"REST"},{"floor":13,"key":"REST"},{"floor":15,"key":"REST"}],"neow_cost":"NONE","seed_source_timestamp":196604991300586,"circlet_count":0,"master_deck":["Strike_B","Strike_B","Defend_B","Defend_B","Defend_B","Zap","Dualcast","AscendersBane","Reinforced Body","Steam","Streamline","Static Discharge","Conserve Battery","White Noise","Storm","Multi-Cast","Steam","Steam+1"],"relics":["Cracked Core","Golden Idol","Letter Opener","Question Card","Boot","Bottled Tornado","Empty Cage","Frozen Egg 2"],"potions_floor_usage":[6,12,18,18,20,20,21],"damage_taken":[{"damage":4,"enemies":"Small Slimes","floor":1,"turns":4},{"damage":0,"enemies":"2 Louse","floor":2,"turns":2},{"damage":1,"enemies":"Cultist","floor":4,"turns":3},{"damage":5,"enemies":"Gremlin Gang","floor":5,"turns":8},{"damage":13,"enemies":"Gremlin Nob","floor":6,"turns":4},{"damage":5,"enemies":"Looter","floor":8,"turns":2},{"damage":30,"enemies":"3 Sentries","floor":10,"turns":7},{"damage":23,"enemies":"Lagavulin","floor":12,"turns":6},{"damage":0,"enemies":"3 Louse","floor":14,"turns":4},{"damage":64,"enemies":"The Guardian","floor":16,"turns":11},{"damage":31,"enemies":"Shell Parasite","floor":18,"turns":11},{"damage":7,"enemies":"3 Byrds","floor":20,"turns":2},{"damage":19,"enemies":"Snake Plant","floor":21,"turns":1}],"seed_played":"-3676631251248979588","potions_obtained":[{"floor":5,"key":"AttackPotion"},{"floor":10,"key":"Fire Potion"},{"floor":12,"key":"Ancient Potion"},{"floor":16,"key":"Poison Potion"},{"floor":18,"key":"FocusPotion"}],"is_trial":false,"path_per_floor":["M","M","?","M","M","E","R","M","T","E","R","E","R","M","R","B",null,"M","$","M"],"character_chosen":"DEFECT","items_purchased":["Frozen Egg 2","EssenceOfSteel","FocusPotion"],"campfire_rested":4,"item_purchase_floors":[19,19,19],"current_hp_per_floor":[64,64,64,63,58,45,65,60,60,30,50,27,47,47,67,3,53,22,22,15,0],"gold":23,"neow_bonus":"THREE_CARDS","is_prod":false,"is_daily":false,"chose_seed":false,"campfire_upgraded":0,"win_rate":0,"timestamp":1537207732,"path_taken":["M","M","?","?","M","E","R","M","T","E","R","E","R","M","R","BOSS","M","$","M","M"],"build_version":"2018-09-06","purchased_purges":1,"victory":false,"max_hp_per_floor":[75,75,69,69,69,69,69,69,69,69,69,69,69,69,69,69,69,69,69,69,69],"card_choices":[{"not_picked":["Streamline","Coolheaded"],"picked":"Reinforced Body","floor":0},{"not_picked":["Cold Snap","Stack"],"picked":"Steam","floor":1},{"not_picked":["Rebound","Hologram"],"picked":"Streamline","floor":2},{"not_picked":["Compile Driver","Cold Snap"],"picked":"Static Discharge","floor":4},{"not_picked":["Steam Power","Gash"],"picked":"Conserve Battery","floor":5},{"not_picked":["Thunder Strike","Genetic Algorithm","Skim"],"picked":"SKIP","floor":6},{"not_picked":["Go for the Eyes","Rebound"],"picked":"White Noise","floor":8},{"not_picked":["Chaos","Reprogram","Compile Driver","Stack"],"picked":"SKIP","floor":10},{"not_picked":["Stack","BootSequence","Gash"],"picked":"Storm","floor":12},{"not_picked":["Go for the Eyes","Compile Driver","Cold Snap","Leap"],"picked":"SKIP","floor":14},{"not_picked":["All For One","Thunder Strike","Core Surge"],"picked":"Multi-Cast","floor":16},{"not_picked":["Redo","Sweeping Beam","Chill"],"picked":"Steam","floor":18},{"not_picked":["Conserve Battery","Cold Snap","Compile Driver"],"picked":"Steam+1","floor":20}],"player_experience":297522,"relics_obtained":[{"floor":6,"key":"Letter Opener"},{"floor":9,"key":"Question Card"},{"floor":10,"key":"Boot"},{"floor":12,"key":"Bottled Tornado"}],"event_choices":[{"event_name":"Golden Idol","player_choice":"Lose Max HP","floor":3,"damage_taken":0}],"is_beta":false,"boss_relics":[{"not_picked":["Pandora\u0027s Box","Eternal Feather"],"picked":"Empty Cage"}],"items_purged_floors":[19],"is_endless":false,"potions_floor_spawned":[5,10,12,16,18],"killed_by":"Snake Plant","ascension_level":10}