{"gold_per_floor":[114,289,289,123,138,138,168,168,168,198,213,213,243,258,258,358,358,373,73,73,88,88,118,118,148,173,203,203,148,148,178,178,278,278,293,293,43,93,93,93,123,138,138,153,183,183,213,228,228,228],"floor_reached":51,"playtime":2988,"items_purged":["Doubt"],"score":1075,"play_id":"fa9ae2cd-d2ee-4555-b077-f6cedc8cbdea","local_time":"20181005215040","daily_mods":["Draft","Blue Cards","Elite Swarm"],"is_ascension_mode":false,"campfire_choices":[{"data":"Terror","floor":6,"key":"SMITH"},{"data":"After Image","floor":8,"key":"SMITH"},{"data":"Blade Dance","floor":12,"key":"SMITH"},{"data":"Envenom","floor":15,"key":"SMITH"},{"data":"Envenom","floor":24,"key":"SMITH"},{"data":"Adrenaline","floor":28,"key":"SMITH"},{"data":"Burst","floor":30,"key":"SMITH"},{"floor":32,"key":"DIG"},{"data":"Pain","floor":40,"key":"PURGE"},{"floor":46,"key":"DIG"},{"floor":49,"key":"DIG"}],"neow_cost":"","seed_source_timestamp":0,"circlet_count":0,"master_deck":["Acrobatics+1","Terror+1","Cloak And Dagger+1","Sweeping Beam","Blade Dance+1","Footwork","PiercingWail","Coolheaded","Dagger Spray","Rebound","Deflect","Quick Slash","Streamline","Flying Knee","Stack","Good Instincts","Cold Snap","After Image+1","Adrenaline+1","Cold Snap","Envenom+1","Envenom+1","Riddle With Holes","Backflip","RitualDagger","Amplify+1","Burst+1","After Image+1","A Thousand Cuts+1","Blade Dance+1","Dark Shackles","Buffer+1"],"special_seed":17810,"relics":["Ring of the Snake","PreservedInsect","Omamori","Nunchaku","Peace Pipe","Eternal Feather","Vajra","Lantern","Mummified Hand","Bottled Lightning","War Paint","Frozen Egg 2","Tiny Chest","Shovel","Blood Vial","Calling Bell","Orichalcum","Pear","StoneCalendar","Gremlin Horn","Regal Pillow","Gambling Chip","Dodecahedron","Singing Bowl","Du-Vu Doll","Sundial","Ninja Scroll","Incense Burner"],"potions_floor_usage":[16,31,50,50,50],"damage_taken":[{"damage":5,"enemies":"Jaw Worm","floor":1,"turns":3},{"damage":1,"enemies":"2 Louse","floor":5,"turns":2},{"damage":0,"enemies":"Lagavulin","floor":7,"turns":4},{"damage":15,"enemies":"Gremlin Nob","floor":10,"turns":4},{"damage":0,"enemies":"Small Slimes","floor":11,"turns":2},{"damage":0,"enemies":"3 Sentries","floor":13,"turns":3},{"damage":0,"enemies":"Looter","floor":14,"turns":2},{"damage":2,"enemies":"The Guardian","floor":16,"turns":8},{"damage":0,"enemies":"Chosen","floor":18,"turns":3},{"damage":0,"enemies":"Shell Parasite","floor":21,"turns":5},{"damage":4,"enemies":"Book of Stabbing","floor":23,"turns":4},{"damage":0,"enemies":"Gremlin Leader","floor":25,"turns":4},{"damage":0,"enemies":"Slavers","floor":27,"turns":3},{"damage":0,"enemies":"Gremlin Leader","floor":31,"turns":3},{"damage":16,"enemies":"Automaton","floor":33,"turns":10},{"damage":3,"enemies":"3 Darklings","floor":35,"turns":4},{"damage":0,"enemies":"2 Orb Walkers","floor":41,"turns":2},{"damage":0,"enemies":"3 Shapes","floor":42,"turns":3},{"damage":0,"enemies":"3 Darklings","floor":44,"turns":2},{"damage":0,"enemies":"Nemesis","floor":45,"turns":3},{"damage":7,"enemies":"2 Orb Walkers","floor":47,"turns":4},{"damage":3,"enemies":"4 Shapes","floor":48,"turns":2},{"damage":12,"enemies":"Time Eater","floor":50,"turns":7}],"seed_played":"-894642481113240428","potions_obtained":[{"floor":1,"key":"LiquidBronze"},{"floor":11,"key":"SteroidPotion"},{"floor":13,"key":"LiquidBronze"},{"floor":23,"key":"Fire Potion"},{"floor":25,"key":"Energy Potion"},{"floor":33,"key":"Strength Potion"},{"floor":48,"key":"Dexterity Potion"}],"is_trial":false,"path_per_floor":["M","?","?","$","M","R","E","R","T","E","M","R","E","M","R","B",null,"M","$","?","M","?","E","R","E","T","E","R","?","R","E","R","B",null,"M","?","$","T","T","R","E","M","T","M","E","R","E","M","R","B"],"character_chosen":"THE_SILENT","items_purchased":["Good Instincts","Vajra","Lantern","Gremlin Horn"],"campfire_rested":0,"item_purchase_floors":[4,19,19,37],"current_hp_per_floor":[65,65,65,65,64,64,64,64,64,49,49,49,49,49,49,47,70,70,70,70,70,64,60,70,70,70,70,70,70,70,70,70,54,80,77,77,77,77,77,80,80,80,80,82,84,84,79,80,88,76],"gold":228,"neow_bonus":"","is_prod":false,"is_daily":true,"chose_seed":false,"campfire_upgraded":7,"win_rate":0,"timestamp":1538801440,"path_taken":["M","?","?","$","M","R","E","R","T","E","M","R","E","M","R","BOSS","M","$","?","M","?","E","R","E","T","E","R","?","R","E","R","BOSS","M","?","?","?","?","R","E","M","T","?","E","R","E","?","R","BOSS"],"build_version":"2018-10-04","purchased_purges":1,"victory":true,"max_hp_per_floor":[70,70,70,70,70,70,70,70,70,70,70,70,70,70,70,70,70,70,70,70,70,70,70,70,70,70,70,70,70,70,70,70,70,80,80,80,80,80,80,80,80,80,80,82,84,84,86,88,88,88],"card_choices":[{"not_picked":["Finisher","BootSequence"],"picked":"Acrobatics","floor":0},{"not_picked":["Turbo","Tempest"],"picked":"Terror","floor":0},{"not_picked":["Streamline","Deadly Poison"],"picked":"Cloak And Dagger","floor":0},{"not_picked":["Redo","Bane"],"picked":"Turbo","floor":0},{"not_picked":["Streamline","Flying Knee"],"picked":"Sweeping Beam","floor":0},{"not_picked":["Dagger Throw","Go for the Eyes"],"picked":"Blade Dance","floor":0},{"not_picked":["Rip and Tear","Compile Driver"],"picked":"Footwork","floor":0},{"not_picked":["Reflex","Terror"],"picked":"PiercingWail","floor":0},{"not_picked":["Double Energy","Turbo"],"picked":"Coolheaded","floor":0},{"not_picked":["Compile Driver","Slice"],"picked":"Dagger Spray","floor":0},{"not_picked":["Catalyst","Recycle"],"picked":"Rebound","floor":0},{"not_picked":["Underhanded Strike","Endless Agony"],"picked":"Deflect","floor":0},{"not_picked":["FTL","Gash"],"picked":"Quick Slash","floor":0},{"not_picked":["Acrobatics","Masterful Stab"],"picked":"Streamline","floor":0},{"not_picked":["Underhanded Strike","Distraction"],"picked":"Flying Knee","floor":0},{"not_picked":["Tactician","Outmaneuver"],"picked":"Stack","floor":1},{"not_picked":["Outmaneuver","Riddle With Holes"],"picked":"Cold Snap","floor":5},{"not_picked":["Envenom","Meteor Strike"],"picked":"After Image","floor":7},{"not_picked":["Tools of the Trade","Rainbow"],"picked":"Adrenaline","floor":10},{"not_picked":["Ball Lightning","Outmaneuver"],"picked":"Cold Snap","floor":11},{"not_picked":["Grand Finale","Fission"],"picked":"Envenom","floor":13},{"not_picked":["Deadly Poison","Streamline","Outmaneuver"],"picked":"SKIP","floor":14},{"not_picked":["Machine Learning","Multi-Cast"],"picked":"Envenom","floor":16},{"not_picked":["Double Energy","Dagger Spray+1"],"picked":"Riddle With Holes","floor":18},{"not_picked":["Slice","Blizzard"],"picked":"Backflip","floor":21},{"not_picked":["Thunder Strike","Corpse Explosion"],"picked":"Amplify","floor":23},{"not_picked":["Meteor Strike","Glass Knife"],"picked":"Burst","floor":25},{"not_picked":["Doppelganger","Creative AI","Wraith Form v2"],"picked":"SKIP","floor":27},{"not_picked":["Die Die Die","Grand Finale"],"picked":"After Image+1","floor":31},{"not_picked":["Meteor Strike","Seek"],"picked":"A Thousand Cuts+1","floor":33},{"not_picked":["Bane+1","Ball Lightning"],"picked":"Blade Dance+1","floor":35},{"not_picked":["Forethought","Jack Of All Trades"],"picked":"Dark Shackles","floor":36},{"not_picked":["Night Terror","Unload"],"picked":"Buffer+1","floor":41},{"not_picked":["Crippling Poison+1","Ball Lightning","Tempest+1"],"picked":"SKIP","floor":42},{"not_picked":["Flechettes","Sucker Punch+1","Darkness"],"picked":"Singing Bowl","floor":44},{"not_picked":["Buffer+1","Rainbow","Glass Knife"],"picked":"Singing Bowl","floor":45},{"not_picked":["Doppelganger","Storm of Steel","Buffer+1"],"picked":"Singing Bowl","floor":47},{"not_picked":["Bouncing Flask+1","Poisoned Stab","Compile Driver+1"],"picked":"Singing Bowl","floor":48}],"player_experience":483159,"relics_obtained":[{"floor":7,"key":"PreservedInsect"},{"floor":9,"key":"Omamori"},{"floor":10,"key":"Nunchaku"},{"floor":13,"key":"Peace Pipe"},{"floor":23,"key":"Mummified Hand"},{"floor":25,"key":"Bottled Lightning"},{"floor":26,"key":"War Paint"},{"floor":27,"key":"Frozen Egg 2"},{"floor":31,"key":"Shovel"},{"floor":32,"key":"Blood Vial"},{"floor":34,"key":"Orichalcum"},{"floor":34,"key":"Pear"},{"floor":34,"key":"StoneCalendar"},{"floor":38,"key":"Regal Pillow"},{"floor":39,"key":"Gambling Chip"},{"floor":41,"key":"Dodecahedron"},{"floor":43,"key":"Singing Bowl"},{"floor":45,"key":"Du-Vu Doll"},{"floor":46,"key":"Sundial"},{"floor":47,"key":"Ninja Scroll"},{"floor":49,"key":"Incense Burner"}],"event_choices":[{"event_name":"Liars Game","player_choice":"agreed","floor":2,"damage_taken":0},{"event_name":"Living Wall","player_choice":"Grow","floor":3,"damage_taken":0},{"event_name":"Bonfire Elementals","player_choice":"COMMON","floor":20,"damage_taken":0},{"event_name":"Nest","player_choice":"Joined the Cult","floor":22,"damage_taken":0},{"event_name":"Addict","player_choice":"Obtained Relic","floor":29,"damage_taken":0},{"event_name":"SensoryStone","player_choice":"Memory 1","floor":36,"damage_taken":0}],"is_beta":false,"boss_relics":[{"not_picked":["White Beast Statue","Fusion Hammer"],"picked":"Eternal Feather"},{"not_picked":["Astrolabe","Black Star"],"picked":"Calling Bell"}],"items_purged_floors":[4],"is_endless":false,"potions_floor_spawned":[1,11,13,14,23,25,27,33,41,45,48],"ascension_level":0}