{"gold_per_floor":[19,19,19,19,32,32,64,79,79,43,43,55,70,80,80,177,177,163,363,377,391,264,264],"floor_reached":23,"playtime":993,"items_purged":[],"score":241,"play_id":"7f2d4901-677c-4149-834d-313be893652b","local_time":"20181206180753","is_ascension_mode":true,"campfire_choices":[{"data":"Dualcast","floor":6,"key":"SMITH"},{"data":"Ball Lightning","floor":11,"key":"SMITH"},{"floor":15,"key":"REST"}],"neow_cost":"NO_GOLD","seed_source_timestamp":1735101657541179,"circlet_count":0,"master_deck":["Strike_B+1","Strike_B","Defend_B","Defend_B","Defend_B","Zap+1","Dualcast+1","White Noise","BootSequence","Cold Snap","Rip and Tear","Glacier","Ball Lightning+1","Storm","Consume","Streamline","White Noise","Echo Form","Static Discharge+1","Turbo","Thunder Strike","Blizzard"],"relics":["FrozenCore","Peace Pipe","Ginger"],"potions_floor_usage":[16,20,20,23,23],"damage_taken":[{"damage":0,"enemies":"Jaw Worm","floor":1,"turns":3},{"damage":0,"enemies":"Cultist","floor":5,"turns":3},{"damage":11,"enemies":"3 Sentries","floor":7,"turns":6},{"damage":0,"enemies":"2 Louse","floor":8,"turns":2},{"damage":0,"enemies":"Exordium Wildlife","floor":12,"turns":3},{"damage":4,"enemies":"Lots of Slimes","floor":13,"turns":3},{"damage":2,"enemies":"Looter","floor":14,"turns":3},{"damage":24,"enemies":"Slime Boss","floor":16,"turns":6},{"damage":10,"enemies":"2 Thieves","floor":18,"turns":4},{"damage":22,"enemies":"3 Byrds","floor":20,"turns":4},{"damage":18,"enemies":"Sentry and Sphere","floor":21,"turns":6},{"damage":8,"enemies":"Shelled Parasite and Fungi","floor":23,"turns":2}],"seed_played":"804945636181882591","potions_obtained":[{"floor":7,"key":"Fire Potion"},{"floor":12,"key":"GamblersBrew"},{"floor":13,"key":"Weak Potion"},{"floor":16,"key":"Weak Potion"},{"floor":21,"key":"GamblersBrew"}],"is_trial":false,"path_per_floor":["M","?","$","?","M","R","E","M","T","$","R","M","M","M","R","B",null,"M","?","M","M","$","M"],"character_chosen":"DEFECT","items_purchased":["Storm","SkillPotion","Blizzard"],"campfire_rested":1,"item_purchase_floors":[10,22,22],"current_hp_per_floor":[75,60,60,60,60,60,49,49,49,49,49,49,45,43,65,41,67,57,57,35,17,17,9],"gold":264,"neow_bonus":"TRANSFORM_TWO_CARDS","is_prod":false,"is_daily":false,"chose_seed":false,"campfire_upgraded":2,"win_rate":0,"timestamp":1544116073,"path_taken":["M","?","$","?","?","R","E","M","T","$","R","M","M","M","R","BOSS","M","?","M","M","$","M"],"build_version":"2018-11-15","purchased_purges":0,"victory":false,"max_hp_per_floor":[75,75,75,75,75,75,75,75,75,75,75,75,75,75,75,75,75,75,75,75,75,75,75],"card_choices":[{"not_picked":["Compile Driver","Gash"],"picked":"Cold Snap","floor":1},{"not_picked":["Coolheaded","Hello World"],"picked":"Rip and Tear","floor":5},{"not_picked":["Streamline","Redo"],"picked":"Glacier","floor":7},{"not_picked":["Double Energy","Melter"],"picked":"Ball Lightning","floor":8},{"not_picked":["Leap","Ball Lightning"],"picked":"Consume","floor":12},{"not_picked":["Stack","Go for the Eyes"],"picked":"Streamline","floor":13},{"not_picked":["Rip and Tear","Sweeping Beam"],"picked":"White Noise","floor":14},{"not_picked":["Reboot","Core Surge"],"picked":"Echo Form","floor":16},{"not_picked":["Gash+1","Cold Snap+1"],"picked":"Static Discharge+1","floor":18},{"not_picked":["Gash","Beam Cell"],"picked":"Turbo","floor":20},{"not_picked":["Conserve Battery","Beam Cell+1"],"picked":"Thunder Strike","floor":21}],"player_experience":395349,"relics_obtained":[{"floor":7,"key":"Peace Pipe"},{"floor":9,"key":"Ginger"}],"event_choices":[{"damage_healed":0,"gold_gain":0,"player_choice":"Entered Light","damage_taken":15,"max_hp_gain":0,"max_hp_loss":0,"event_name":"Shining Light","floor":2,"gold_loss":0,"cards_upgraded":["Zap","Strike_B"]},{"cards_removed":["Defend_B"],"damage_healed":0,"gold_gain":0,"player_choice":"Card Removal","damage_taken":0,"max_hp_gain":0,"max_hp_loss":0,"event_name":"Wheel of Change","floor":4,"gold_loss":0},{"damage_healed":0,"gold_gain":200,"player_choice":"Gold","damage_taken":0,"max_hp_gain":0,"max_hp_loss":0,"event_name":"Wheel of Change","floor":19,"gold_loss":0}],"is_beta":false,"boss_relics":[{"not_picked":["Philosopher\u0027s Stone","Busted Crown"],"picked":"FrozenCore"}],"items_purged_floors":[],"is_endless":false,"potions_floor_spawned":[7,12,13,16,21],"killed_by":"Shelled Parasite and Fungi","ascension_level":5}