{"gold_per_floor":[112,13,13,62,73,106,106,118,118,118,152,152,168,185,185,264,264,264,264,264,264,264,264,264,264,264,264,264,264,264,264,264,264],"floor_reached":33,"playtime":1422,"items_purged":["Strike_B"],"score":606,"play_id":"7aef2f31-1a68-4031-a273-251016a9d8fd","local_time":"20181228110107","is_ascension_mode":true,"campfire_choices":[{"data":"Defragment","floor":7,"key":"SMITH"},{"data":"Zap","floor":10,"key":"SMITH"},{"data":"Core Surge","floor":12,"key":"SMITH"},{"data":"Dualcast","floor":15,"key":"SMITH"},{"data":"1","floor":23,"key":"LIFT"},{"floor":29,"key":"REST"},{"floor":32,"key":"REST"}],"neow_cost":"NONE","seed_source_timestamp":688130566993295,"circlet_count":0,"master_deck":["AscendersBane","Defend_B","Defend_B","Defend_B","Defend_B","Zap+1","Dualcast+1","Barrage","Leap","Sweeping Beam","Defragment+1","Ball Lightning","Core Surge+1","Coolheaded","Compile Driver","Electrodynamics","Sunder","Necronomicurse","Bite","Bite","Bite","Bite","Bite","Streamline","Sunder+1","Skim","Hologram+1","Coolheaded"],"relics":["Cracked Core","NeowsBlessing","Dream Catcher","Girya","Thread and Needle","Ectoplasm","Necronomicon","Pear","Molten Egg 2","Calipers"],"potions_floor_usage":[11,18,28,31],"damage_taken":[{"damage":0,"enemies":"2 Louse","floor":1,"turns":1},{"damage":0,"enemies":"Jaw Worm","floor":5,"turns":1},{"damage":0,"enemies":"Gremlin Nob","floor":6,"turns":1},{"damage":1,"enemies":"Cultist","floor":8,"turns":3},{"damage":21,"enemies":"3 Sentries","floor":11,"turns":5},{"damage":0,"enemies":"Red Slaver","floor":13,"turns":3},{"damage":0,"enemies":"Large Slime","floor":14,"turns":4},{"damage":0,"enemies":"The Guardian","floor":16,"turns":13},{"damage":9,"enemies":"3 Byrds","floor":18,"turns":3},{"damage":6,"enemies":"Shell Parasite","floor":24,"turns":3},{"damage":18,"enemies":"Snake Plant","floor":25,"turns":3},{"damage":7,"enemies":"Sentry and Sphere","floor":27,"turns":3},{"damage":18,"enemies":"Book of Stabbing","floor":28,"turns":3},{"damage":8,"enemies":"Chosen and Byrds","floor":30,"turns":3},{"damage":9,"enemies":"Snecko","floor":31,"turns":3},{"damage":67,"enemies":"Automaton","floor":33,"turns":6}],"seed_played":"-4267253098516763190","potions_obtained":[{"floor":5,"key":"AttackPotion"},{"floor":16,"key":"AttackPotion"},{"floor":27,"key":"SkillPotion"},{"floor":28,"key":"Energy Potion"},{"floor":30,"key":"Poison Potion"}],"is_trial":false,"path_per_floor":["M","$","?","T","M","E","R","M","T","R","E","R","M","M","R","B",null,"M","?","?","T","?","R","M","M","T","M","E","R","M","M","R","B"],"character_chosen":"DEFECT","items_purchased":["Leap"],"campfire_rested":2,"item_purchase_floors":[2],"current_hp_per_floor":[68,68,73,73,73,73,73,72,72,72,51,51,51,51,51,51,73,64,48,33,43,43,43,39,27,27,24,12,31,27,28,47,0],"gold":264,"neow_bonus":"THREE_ENEMY_KILL","is_prod":false,"is_daily":false,"chose_seed":false,"campfire_upgraded":4,"win_rate":0,"timestamp":1546016467,"path_taken":["M","$","?","?","M","E","R","M","T","R","E","R","M","M","R","BOSS","M","?","?","?","?","R","M","?","T","M","E","R","M","M","R","BOSS"],"build_version":"2018-12-20","purchased_purges":1,"victory":false,"max_hp_per_floor":[75,75,80,80,80,80,80,80,80,80,80,80,80,80,80,80,80,80,80,85,95,66,66,66,66,66,66,66,66,66,66,66,66],"card_choices":[{"not_picked":["Redo","Melter"],"picked":"Barrage","floor":1},{"not_picked":["Conserve Battery","Meteor Strike"],"picked":"Sweeping Beam","floor":5},{"not_picked":["Scrape","Sunder"],"picked":"Defragment","floor":6},{"not_picked":["Stack","Undo"],"picked":"Ball Lightning","floor":8},{"not_picked":["Cold Snap","Coolheaded"],"picked":"Core Surge","floor":11},{"not_picked":["Reinforced Body","Ball Lightning"],"picked":"Coolheaded","floor":13},{"not_picked":["Gash","Leap"],"picked":"Compile Driver","floor":14},{"not_picked":["Multi-Cast","Amplify"],"picked":"Electrodynamics","floor":16},{"not_picked":["Hello World","Redo"],"picked":"Sunder","floor":18},{"not_picked":["Hologram","Stack+1"],"picked":"Streamline","floor":24},{"not_picked":["Scrape","Barrage","Gash"],"picked":"SKIP","floor":25},{"not_picked":["Beam Cell+1","Double Energy"],"picked":"Sunder+1","floor":27},{"not_picked":["Aggregate+1","Electrodynamics"],"picked":"Skim","floor":28},{"not_picked":["Scrape+1","FTL+1"],"picked":"Hologram+1","floor":30},{"not_picked":["Barrage+1","Compile Driver+1"],"picked":"Coolheaded","floor":31}],"player_experience":321297,"relics_obtained":[{"floor":6,"key":"Dream Catcher"},{"floor":9,"key":"Girya"},{"floor":11,"key":"Thread and Needle"},{"floor":19,"key":"Necronomicon"},{"floor":21,"key":"Pear"},{"floor":26,"key":"Molten Egg 2"},{"floor":28,"key":"Calipers"}],"event_choices":[{"damage_healed":0,"gold_gain":0,"player_choice":"Donut","damage_taken":0,"max_hp_gain":5,"max_hp_loss":0,"event_name":"Big Fish","floor":3,"gold_loss":0},{"damage_healed":0,"gold_gain":0,"player_choice":"Obtained Book","damage_taken":16,"max_hp_gain":0,"max_hp_loss":0,"event_name":"Cursed Tome","floor":19,"gold_loss":0},{"damage_healed":0,"gold_gain":0,"player_choice":"Shed Blood","damage_taken":20,"max_hp_gain":5,"max_hp_loss":0,"event_name":"Forgotten Altar","floor":20,"gold_loss":0},{"damage_healed":0,"gold_gain":0,"player_choice":"Became a vampire","damage_taken":0,"max_hp_gain":0,"max_hp_loss":29,"event_name":"Vampires","floor":22,"gold_loss":0,"cards_obtained":["Bite","Bite","Bite","Bite","Bite"]}],"is_beta":false,"boss_relics":[{"not_picked":["Calling Bell","Snecko Eye"],"picked":"Ectoplasm"}],"items_purged_floors":[2],"is_endless":false,"potions_floor_spawned":[5,16,27,28,30],"killed_by":"Automaton","ascension_level":13}