{"gold_per_floor":[118,133,133,152,164,190,205,215,215,243,243,261,279,229,229,328,328,348,348,41,58,5,30,30,58,58,58,70,70,80,80,80,179,179,198,178,142,160,170,170,200,214,214,214,214,214,314,332,332,332,332,332,14,14],"floor_reached":54,"playtime":3999,"items_purged":["Strike_B"],"score":1178,"play_id":"72fe0214-6b66-4709-b395-caa63a987f07","local_time":"20181227145609","is_ascension_mode":true,"campfire_choices":[{"floor":11,"key":"REST"},{"floor":15,"key":"RECALL"},{"floor":24,"key":"REST"},{"floor":27,"key":"REST"},{"data":"Echo Form","floor":32,"key":"SMITH"},{"floor":40,"key":"REST"},{"floor":44,"key":"REST"},{"data":"Glacier","floor":49,"key":"SMITH"},{"data":"Glacier","floor":52,"key":"SMITH"}],"neow_cost":"CURSE","seed_source_timestamp":663923953665145,"circlet_count":0,"master_deck":["AscendersBane","Defend_B","Defend_B","Defend_B","Defend_B","Zap","Dualcast","Reprogram","All For One","Glacier+1","BootSequence","Conserve Battery","Scrape","Streamline","Sunder","Reinforced Body","Ball Lightning+1","Machine Learning","Hello World","Cold Snap+1","Echo Form+1","Hologram+1","Ball Lightning+1","Lockon+1","Glacier+1","Streamline+1","Ball Lightning+1","Defragment","Machine Learning","Creative AI","Cold Snap+1","Defragment","BootSequence+1","Reboot","Cold Snap+1"],"relics":["Cracked Core","Prayer Wheel","Molten Egg 2","Happy Flower","Snecko Eye","DataDisk","Strawberry","Dodecahedron","MutagenicStrength","Empty Cage","Ornamental Fan","Pen Nib","Nunchaku","Pantograph"],"potions_floor_usage":[6,16,23,23,33,38,39,41,50],"damage_taken":[{"damage":0,"enemies":"Small Slimes","floor":1,"turns":4},{"damage":1,"enemies":"Cultist","floor":2,"turns":3},{"damage":1,"enemies":"Jaw Worm","floor":4,"turns":3},{"damage":4,"enemies":"Red Slaver","floor":5,"turns":3},{"damage":44,"enemies":"3 Sentries","floor":6,"turns":13},{"damage":0,"enemies":"Large Slime","floor":7,"turns":5},{"damage":0,"enemies":"2 Fungi Beasts","floor":8,"turns":3},{"damage":4,"enemies":"Lagavulin","floor":10,"turns":5},{"damage":4,"enemies":"Exordium Thugs","floor":12,"turns":3},{"damage":2,"enemies":"Lots of Slimes","floor":13,"turns":4},{"damage":9,"enemies":"The Guardian","floor":16,"turns":11},{"damage":11,"enemies":"Spheric Guardian","floor":18,"turns":3},{"damage":5,"enemies":"Chosen","floor":21,"turns":3},{"damage":18,"enemies":"Slavers","floor":23,"turns":9},{"damage":23,"enemies":"Book of Stabbing","floor":25,"turns":5},{"damage":2,"enemies":"3 Cultists","floor":28,"turns":3},{"damage":5,"enemies":"Snecko","floor":30,"turns":4},{"damage":0,"enemies":"Champ","floor":33,"turns":11},{"damage":19,"enemies":"3 Darklings","floor":35,"turns":7},{"damage":19,"enemies":"3 Shapes","floor":38,"turns":3},{"damage":3,"enemies":"Maw","floor":39,"turns":6},{"damage":12,"enemies":"Nemesis","floor":41,"turns":11},{"damage":11,"enemies":"Sphere and 2 Shapes","floor":42,"turns":4},{"damage":0,"enemies":"Mind Bloom Boss Battle","floor":47,"turns":4},{"damage":13,"enemies":"3 Darklings","floor":48,"turns":5},{"damage":9,"enemies":"Awakened One","floor":50,"turns":11},{"damage":80,"enemies":"Shield and Spear","floor":54,"turns":5}],"seed_played":"9055668749495800344","potions_obtained":[{"floor":3,"key":"FearPotion"},{"floor":3,"key":"Regen Potion"},{"floor":6,"key":"Poison Potion"},{"floor":10,"key":"SkillPotion"},{"floor":18,"key":"Swift Potion"},{"floor":30,"key":"EntropicBrew"},{"floor":33,"key":"LiquidBronze"},{"floor":36,"key":"Regen Potion"},{"floor":38,"key":"Regen Potion"},{"floor":39,"key":"Block Potion"},{"floor":47,"key":"Regen Potion"}],"is_trial":false,"path_per_floor":["M","M","?","M","M","E","M","M","T","E","R","M","M","?","R","B",null,"M","?","$","M","$","E","R","E","T","R","M","?","M","?","R","B",null,"M","?","$","M","M","R","E","M","T","R","?","?","?","M","R","B",null,"R","$","E"],"character_chosen":"DEFECT","items_purchased":["DataDisk","Glacier","Ball Lightning+1","Defragment","LiquidBronze","Pantograph"],"campfire_rested":5,"item_purchase_floors":[20,20,22,37,53,53],"current_hp_per_floor":[68,67,67,66,62,33,33,33,33,29,51,47,45,45,45,36,65,54,54,54,49,49,38,62,39,39,63,61,61,56,56,56,56,76,57,57,57,38,50,74,62,51,51,75,75,75,75,62,62,68,76,76,76,0],"gold":14,"neow_bonus":"TRANSFORM_TWO_CARDS","is_prod":false,"is_daily":false,"chose_seed":false,"campfire_upgraded":3,"win_rate":0,"timestamp":1545944169,"path_taken":["M","M","?","M","?","E","M","M","T","E","R","M","M","?","R","BOSS","M","?","$","M","$","E","R","E","T","R","?","?","M","?","R","BOSS","M","?","$","?","M","R","E","M","T","R","?","?","?","?","R","BOSS","R","$","E"],"build_version":"2018-12-20","purchased_purges":1,"victory":false,"max_hp_per_floor":[75,75,75,75,75,75,75,75,75,75,75,75,75,75,75,75,75,75,75,75,75,75,82,82,82,82,82,82,82,82,82,82,82,82,82,82,82,82,82,82,82,82,82,82,78,78,78,78,78,78,78,78,78,78],"card_choices":[{"not_picked":["Go for the Eyes","Hologram"],"picked":"Gash","floor":1},{"not_picked":["Sunder","Recycle"],"picked":"Glacier","floor":2},{"not_picked":["Reinforced Body","Skim"],"picked":"BootSequence","floor":4},{"not_picked":["Beam Cell","Barrage"],"picked":"Conserve Battery","floor":5},{"not_picked":["Compile Driver","Rebound"],"picked":"Scrape","floor":6},{"not_picked":["Turbo","Compile Driver"],"picked":"Beam Cell","floor":7},{"not_picked":["Tempest","Static Discharge","Fission"],"picked":"SKIP","floor":7},{"not_picked":["Ball Lightning","Leap"],"picked":"Streamline","floor":8},{"not_picked":["Turbo","Compile Driver"],"picked":"Sunder","floor":8},{"not_picked":["Redo","Darkness"],"picked":"Reinforced Body","floor":10},{"not_picked":["Consume","Fusion"],"picked":"Ball Lightning+1","floor":12},{"not_picked":["Redo","BootSequence"],"picked":"Machine Learning","floor":12},{"not_picked":["Turbo","Double Energy"],"picked":"Hello World","floor":13},{"not_picked":["Conserve Battery","Auto Shields"],"picked":"Cold Snap+1","floor":13},{"not_picked":["Machine Learning","Rainbow"],"picked":"Echo Form","floor":16},{"not_picked":["Stack","Turbo"],"picked":"Hologram+1","floor":18},{"not_picked":["Leap","Consume"],"picked":"Ball Lightning+1","floor":18},{"not_picked":["Hologram","Cold Snap+1"],"picked":"Streamline+1","floor":21},{"not_picked":["Hologram","Coolheaded","Go for the Eyes+1"],"picked":"SKIP","floor":21},{"not_picked":["Rainbow","Streamline+1"],"picked":"Defragment","floor":23},{"not_picked":["Sweeping Beam+1","Conserve Battery","Steam"],"picked":"SKIP","floor":25},{"not_picked":["Coolheaded","Chill+1"],"picked":"Machine Learning","floor":28},{"not_picked":["Beam Cell+1","Sweeping Beam+1","Static Discharge+1"],"picked":"SKIP","floor":28},{"not_picked":["Barrage+1","Steam+1","Sweeping Beam+1"],"picked":"SKIP","floor":30},{"not_picked":["Skim","Steam Power","Rebound+1"],"picked":"SKIP","floor":30},{"not_picked":["Machine Learning","Multi-Cast"],"picked":"Creative AI","floor":33},{"not_picked":["Go for the Eyes+1","Conserve Battery"],"picked":"Cold Snap+1","floor":35},{"not_picked":["Steam+1","Beam Cell+1","FTL+1"],"picked":"SKIP","floor":35},{"not_picked":["Storm+1","Skim+1","Coolheaded"],"picked":"SKIP","floor":38},{"not_picked":["Compile Driver+1","Recycle+1","Steam+1"],"picked":"SKIP","floor":38},{"not_picked":["Doom and Gloom+1","Static Discharge+1","Turbo"],"picked":"SKIP","floor":39},{"not_picked":["Reinforced Body+1","Double Energy+1","Streamline+1"],"picked":"SKIP","floor":39},{"not_picked":["FTL+1","Reprogram"],"picked":"BootSequence+1","floor":41},{"not_picked":["Redo+1","FTL+1"],"picked":"Reboot","floor":42},{"not_picked":["Redo+1","Go for the Eyes+1","Steam+1"],"picked":"SKIP","floor":42},{"not_picked":["Genetic Algorithm+1","Sweeping Beam+1"],"picked":"Cold Snap+1","floor":48},{"not_picked":["Gash+1","Sweeping Beam+1","Steam"],"picked":"SKIP","floor":48}],"player_experience":310228,"relics_obtained":[{"floor":6,"key":"Prayer Wheel"},{"floor":9,"key":"Molten Egg 2"},{"floor":10,"key":"Happy Flower"},{"floor":23,"key":"Strawberry"},{"floor":25,"key":"Dodecahedron"},{"floor":41,"key":"Ornamental Fan"},{"floor":43,"key":"Pen Nib"},{"floor":47,"key":"Nunchaku"}],"event_choices":[{"damage_healed":0,"gold_gain":0,"player_choice":"Got Potions","damage_taken":0,"max_hp_gain":0,"max_hp_loss":0,"event_name":"Lab","floor":3,"gold_loss":0},{"cards_removed":["Shame"],"damage_healed":0,"gold_gain":0,"player_choice":"Card Removal","damage_taken":0,"max_hp_gain":0,"max_hp_loss":0,"event_name":"The Cleric","floor":14,"gold_loss":50},{"damage_healed":0,"gold_gain":0,"cards_transformed":["Strike_B"],"player_choice":"Transformed","damage_taken":0,"max_hp_gain":0,"max_hp_loss":0,"event_name":"Transmorgrifier","floor":19,"gold_loss":0,"cards_obtained":["Lockon"]},{"damage_healed":0,"gold_gain":0,"player_choice":"Inject Mutagens","damage_taken":0,"relics_obtained":["MutagenicStrength"],"max_hp_gain":0,"max_hp_loss":0,"event_name":"Drug Dealer","floor":29,"gold_loss":0},{"damage_healed":0,"gold_gain":0,"player_choice":"Cursed","damage_taken":0,"max_hp_gain":0,"max_hp_loss":0,"event_name":"Wheel of Change","floor":31,"gold_loss":0,"cards_obtained":["Decay"]},{"damage_healed":0,"gold_gain":0,"player_choice":"Bought 1 Potion","damage_taken":0,"max_hp_gain":0,"max_hp_loss":0,"event_name":"The Woman in Blue","floor":36,"gold_loss":0},{"damage_healed":0,"gold_gain":0,"player_choice":"Max HP","damage_taken":0,"max_hp_gain":0,"max_hp_loss":4,"event_name":"Winding Halls","floor":45,"gold_loss":0},{"cards_removed":["Beam Cell"],"damage_healed":0,"gold_gain":0,"player_choice":"Removed Attack","damage_taken":0,"max_hp_gain":0,"max_hp_loss":0,"event_name":"Falling","floor":46,"gold_loss":0},{"damage_healed":0,"gold_gain":0,"player_choice":"Fight","damage_taken":0,"max_hp_gain":0,"max_hp_loss":0,"event_name":"MindBloom","floor":47,"gold_loss":0}],"is_beta":false,"boss_relics":[{"not_picked":["Lizard Tail","Cursed Key"],"picked":"Snecko Eye"},{"not_picked":["Tiny House","FrozenCore"],"picked":"Empty Cage"}],"items_purged_floors":[20],"is_endless":false,"potions_floor_spawned":[5,6,7,10,13,18,30,33,38,39,47,48],"killed_by":"Shield and Spear","ascension_level":11}