{"path_per_floor":["M","?","$","?","$","E","R","E","T","M","M","M","?","T","R","B",null,"M","?","?","M","M","R","E","M","T","E","R","E","R","?","R","B",null,"M","?","$","?","M","R","E","?","T","$","E","M","R","?","R","B"],"character_chosen":"THE_SILENT","items_purchased":["Dodecahedron","Infinite Blades","Apotheosis"],"gold_per_floor":[118,68,68,68,68,95,95,123,150,162,180,200,200,246,246,351,351,364,279,279,289,300,300,332,351,351,384,384,418,418,418,418,517,517,528,528,176,176,192,192,219,219,219,30,65,85,85,85,85,85],"floor_reached":51,"campfire_rested":3,"playtime":3074,"current_hp_per_floor":[70,70,70,70,70,70,70,70,70,70,70,70,58,58,58,46,70,65,65,49,36,31,31,8,3,3,2,38,4,40,27,64,38,75,49,85,85,74,69,69,67,67,67,67,56,38,38,74,74,15],"items_purged":["Strike_G"],"gold":85,"score":699,"play_id":"73d6c2e8-2807-453b-93da-92f5c38588d6","is_prod":false,"is_daily":false,"is_ascension_mode":true,"campfire_upgraded":6,"path_taken":["M","?","$","?","$","E","R","E","T","?","M","M","?","?","R","BOSS","M","?","?","M","M","R","E","M","T","E","R","E","R","?","R","BOSS","M","?","$","?","M","R","E","?","T","$","E","M","R","?","R","BOSS"],"build_version":"2018-02-12-PROD1","purchased_purges":1,"victory":true,"master_deck":["Defend_G","Defend_G","Defend_G","Defend_G","Strike_G","Strike_G","Survivor","Neutralize+1","Masterful Stab","Slice+1","Cloak And Dagger","Slice","Blade Dance+1","Accuracy+1","Slice","Envenom+1","Slice","Finisher","Endless Agony+1","Blur+1","Backstab","Quick Slash","Cloak And Dagger","Endless Agony","Infinite Blades","Madness+1","Madness","Distraction","Dagger Spray+1","Apotheosis+1","Backstab+1"],"max_hp_per_floor":[70,70,70,70,70,70,70,70,70,70,70,70,70,70,70,70,70,70,70,70,70,70,70,70,70,70,70,70,70,70,75,75,75,75,75,85,85,85,85,85,85,85,85,85,85,85,85,74,74,74],"relics":["Ring of the Snake","NeowsBlessing","Kunai","Regal Pillow","Bag of Preparation","Mercury Hourglass","Bag of Marbles","The Specimen","Juzu Bracelet","Nilry\u0027s Codex","Whetstone","Ancient Tea Set","Anchor","Orichalcum","Lizard Tail","Dodecahedron","Unceasing Top","Gambling Chip","Du-Vu Doll"],"card_choices":[{"not_picked":["Dodge and Roll","Reflex"],"picked":"Masterful Stab"},{"not_picked":["Night Terror","Masterful Stab"],"picked":"Cloak And Dagger"},{"not_picked":["Well Laid Plans","Acrobatics"],"picked":"Slice"},{"not_picked":["PiercingWail","Bouncing Flask"],"picked":"Blade Dance"},{"not_picked":["Quick Slash","Caltrops"],"picked":"Accuracy"},{"not_picked":["Reflex","Crippling Poison"],"picked":"Slice"},{"not_picked":["Bullet Time","Die Die Die"],"picked":"Envenom"},{"not_picked":["Bouncing Flask","Underhanded Strike"],"picked":"Slice"},{"not_picked":["Well Laid Plans","Outmaneuver"],"picked":"Finisher"},{"not_picked":["Underhanded Strike","Choke"],"picked":"Endless Agony"},{"not_picked":["Poisoned Stab","Crippling Poison"],"picked":"Blur"},{"not_picked":["Flying Knee","Dagger Throw"],"picked":"Backstab"},{"not_picked":["Eviscerate","Reflex"],"picked":"Quick Slash"},{"not_picked":["Poisoned Stab","Calculated Gamble"],"picked":"Cloak And Dagger"},{"not_picked":["Wraith Form","Tools of the Trade"],"picked":"A Thousand Cuts"},{"not_picked":["Deadly Poison","All Out Attack"],"picked":"Endless Agony"},{"not_picked":["Underhanded Strike","Riddle With Holes"],"picked":"Distraction"},{"not_picked":["Deadly Poison","Underhanded Strike"],"picked":"Dagger Spray"},{"not_picked":["Masterful Stab","Acrobatics"],"picked":"Backstab"}],"player_experience":112605,"potions_floor_usage":[16,16,18,22,24,25,27,46,46,50],"damage_taken":[{"damage":0,"enemies":"Jaw Worm","floor":1,"turns":1},{"damage":0,"enemies":"3 Sentries","floor":6,"turns":1},{"damage":0,"enemies":"Lagavulin","floor":8,"turns":1},{"damage":0,"enemies":"Small Slimes","floor":10,"turns":2},{"damage":0,"enemies":"2 Louse","floor":11,"turns":3},{"damage":0,"enemies":"Exordium Thugs","floor":12,"turns":3},{"damage":12,"enemies":"Hexaghost","floor":16,"turns":8},{"damage":5,"enemies":"3 Byrds","floor":18,"turns":4},{"damage":13,"enemies":"Chosen","floor":21,"turns":3},{"damage":5,"enemies":"Centurion and Healer","floor":22,"turns":4},{"damage":23,"enemies":"Slavers","floor":24,"turns":5},{"damage":5,"enemies":"Snecko","floor":25,"turns":5},{"damage":1,"enemies":"Gremlin Leader","floor":27,"turns":4},{"damage":34,"enemies":"Book of Stabbing","floor":29,"turns":5},{"damage":26,"enemies":"Automaton","floor":33,"turns":10},{"damage":26,"enemies":"3 Darklings","floor":35,"turns":5},{"damage":5,"enemies":"3 Shapes","floor":39,"turns":5},{"damage":2,"enemies":"2 Orb Walkers","floor":41,"turns":4},{"damage":11,"enemies":"Nemesis","floor":45,"turns":4},{"damage":18,"enemies":"Sphere and 2 Shapes","floor":46,"turns":5},{"damage":59,"enemies":"Time Eater","floor":50,"turns":9}],"event_choices":[{"event_name":"The Cleric","player_choice":"Card Removal","floor":2,"damage_taken":0},{"event_name":"Living Wall","player_choice":"Change","floor":4,"damage_taken":0},{"event_name":"Scrap Ooze","player_choice":"success","floor":13,"damage_taken":12},{"event_name":"Addict","player_choice":"Obtained Relic","floor":19,"damage_taken":0},{"event_name":"Cursed Tome","player_choice":"Obtained Book","floor":20,"damage_taken":0},{"event_name":"Forgotten Altar","player_choice":"Shed Blood","floor":31,"damage_taken":0},{"event_name":"Bonfire Elementals","player_choice":"RARE","floor":36,"damage_taken":0},{"event_name":"Winding Halls","player_choice":"Embrace Madness","floor":38,"damage_taken":0},{"event_name":"Purifier","player_choice":"One Purge","floor":42,"damage_taken":0},{"event_name":"The Moai Head","player_choice":"Heal","floor":48,"damage_taken":0}],"boss_relics":[{"not_picked":["Runic Pyramid","White Beast Statue"],"picked":"The Specimen"},{"not_picked":["Tiny House","Question Card"],"picked":"Lizard Tail"}],"potions_floor_spawned":[1,6,10,12,18,21,24,33,39,46],"seed_played":"863590304871696338","ascension_level":1,"is_trial":false}