{"path_per_floor":["M","M","M","M","M","E","$","?","T","E","M","R","M","$","R","B",null,"M","?","M","?","M","R","$","M","T","E","M","R","M","M","R"],"character_chosen":"IRONCLAD","items_purchased":["Flash of Steel","Shockwave","True Grit"],"gold_per_floor":[113,130,143,163,173,200,32,32,88,116,128,128,138,38,38,113,113,127,127,146,146,156,156,33,53,53,83,94,94,108,125,125,125],"floor_reached":33,"campfire_rested":1,"playtime":1634,"current_hp_per_floor":[70,75,75,71,72,51,51,51,51,53,59,59,65,65,65,40,66,49,49,34,34,20,20,20,25,39,49,47,47,51,29,55,0],"items_purged":["Strike_R","Strike_R"],"gold":125,"score":495,"play_id":"30213f87-1d94-4382-b9a4-66e476d26aad","local_time":"20180419002129","is_prod":false,"is_daily":false,"chose_seed":false,"is_ascension_mode":true,"campfire_upgraded":4,"timestamp":1524090089,"path_taken":["M","M","M","M","M","E","$","?","T","E","M","R","M","$","R","BOSS","M","?","M","?","M","R","$","M","T","E","M","R","M","M","R","BOSS"],"build_version":"2018-04-12","seed_source_timestamp":46110717159586,"purchased_purges":2,"victory":false,"master_deck":["Strike_R+1","Strike_R+1","Strike_R+1","Defend_R+1","Defend_R+1","Defend_R+1","Defend_R+1","Bash+1","AscendersBane","Dropkick+1","True Grit","Carnage+1","Shrug It Off","Shrug It Off","Flash of Steel+1","Thunderclap","Corruption","Barricade+1","Ghostly Armor","Power Through","Shockwave","True Grit","Uppercut","Body Slam+1","Shrug It Off","Dual Wield"],"max_hp_per_floor":[75,75,75,75,75,75,75,75,75,75,75,75,75,75,75,75,75,75,75,75,75,75,75,75,75,89,89,89,89,89,89,89,89],"relics":["Burning Blood","Red Skull","Tiny Chest","Whetstone","Sozu","Mango","The Courier"],"card_choices":[{"not_picked":["Armaments","Flex"],"picked":"Dropkick","floor":1},{"not_picked":["Rupture","Body Slam"],"picked":"True Grit","floor":2},{"not_picked":["Intimidate","Anger"],"picked":"Carnage","floor":4},{"not_picked":["Armaments","Warcry"],"picked":"Shrug It Off","floor":5},{"not_picked":["Perfected Strike","Rage"],"picked":"Shrug It Off","floor":6},{"not_picked":["Brutality","Flex"],"picked":"Thunderclap","floor":10},{"not_picked":["True Grit","Perfected Strike"],"picked":"Corruption","floor":13},{"not_picked":["Berserk","Reaper"],"picked":"Barricade","floor":16},{"not_picked":["Body Slam","Anger"],"picked":"Ghostly Armor","floor":20},{"not_picked":["Inflame","Sword Boomerang"],"picked":"Power Through","floor":22},{"not_picked":["Blood for Blood","Spot Weakness"],"picked":"Uppercut","floor":25},{"not_picked":["Rampage","Corruption"],"picked":"Body Slam","floor":27},{"not_picked":["Headbutt","Shockwave"],"picked":"Shrug It Off","floor":28},{"not_picked":["Iron Wave","Thunderclap"],"picked":"Dual Wield","floor":30}],"player_experience":316708,"potions_floor_usage":[10,16,27,27,33],"damage_taken":[{"damage":4,"enemies":"2 Louse","floor":1,"turns":4},{"damage":1,"enemies":"Cultist","floor":2,"turns":4},{"damage":0,"enemies":"Small Slimes","floor":3,"turns":3},{"damage":10,"enemies":"Exordium Wildlife","floor":4,"turns":5},{"damage":5,"enemies":"Looter","floor":5,"turns":3},{"damage":27,"enemies":"3 Sentries","floor":6,"turns":9},{"damage":4,"enemies":"Lagavulin","floor":10,"turns":7},{"damage":0,"enemies":"Large Slime","floor":11,"turns":4},{"damage":0,"enemies":"3 Louse","floor":13,"turns":4},{"damage":43,"enemies":"Hexaghost","floor":16,"turns":9},{"damage":23,"enemies":"3 Byrds","floor":18,"turns":7},{"damage":21,"enemies":"Chosen","floor":20,"turns":3},{"damage":20,"enemies":"Snake Plant","floor":22,"turns":6},{"damage":1,"enemies":"3 Cultists","floor":25,"turns":6},{"damage":8,"enemies":"Book of Stabbing","floor":27,"turns":5},{"damage":8,"enemies":"Centurion and Healer","floor":28,"turns":6},{"damage":2,"enemies":"Chosen and Byrds","floor":30,"turns":10},{"damage":28,"enemies":"Slaver and Parasite","floor":31,"turns":5},{"damage":66,"enemies":"Champ","floor":33,"turns":13}],"event_choices":[{"event_name":"The Lab","player_choice":"Got Potions","floor":8,"damage_taken":0},{"event_name":"Vampires","player_choice":"Ignored","floor":19,"damage_taken":0},{"event_name":"Back to Basics","player_choice":"Simplicity","floor":21,"damage_taken":0}],"boss_relics":[{"not_picked":["Orrery","Calling Bell"],"picked":"Sozu"}],"potions_floor_spawned":[1,6,10,13,16,27,28,30],"seed_played":"-7821256870793584264","killed_by":"Champ","ascension_level":15,"is_trial":false}