{"path_per_floor":["M","M","$","?","M","E","?","R","T","?","M","M","E","M","R","B",null,"M","M","?","?","$","E","R","M","T","$","M","?","R","M","R"],"character_chosen":"IRONCLAD","items_purchased":["Girya","Block Potion"],"gold_per_floor":[119,131,131,131,147,181,140,140,140,140,154,172,197,213,213,316,316,329,341,341,341,43,78,78,98,121,72,92,92,92,106,106,106],"floor_reached":33,"campfire_rested":4,"playtime":1759,"current_hp_per_floor":[66,63,63,63,65,46,46,46,46,46,58,60,58,35,59,14,82,65,59,59,59,59,17,41,22,22,22,14,14,38,21,45,0],"items_purged":[],"gold":106,"score":303,"play_id":"792c6b27-340d-4bd6-96bd-0b7d8313fa31","local_time":"20180408165717","is_prod":false,"is_daily":false,"is_ascension_mode":false,"campfire_upgraded":1,"timestamp":1523203037,"path_taken":["M","M","?","?","M","E","?","R","T","?","?","M","E","M","R","BOSS","M","M","?","?","$","E","R","?","T","?","?","?","R","M","R","BOSS"],"build_version":"2018-04-05v2","purchased_purges":0,"victory":false,"master_deck":["Defend_R","Defend_R","Defend_R","Defend_R","Bash","Sword Boomerang+1","Flex","Normality","Wild Strike","Immolate","Inflame","Bash","Impervious","Wild Strike","Flex","Bludgeon","Armaments","Bludgeon","Anger+1","Sword Boomerang","Bite","Bite","Bite","Bite","Bite","Fire Breathing+1","Shrug It Off"],"max_hp_per_floor":[72,72,72,72,72,72,72,72,72,72,72,72,82,82,82,82,82,82,82,82,82,82,82,82,82,82,82,82,82,82,82,82,82],"relics":["Burning Blood","Magic Flower","Oddly Smooth Stone","Shuriken","Pear","Lizard Tail","Girya","Bronze Scales","Pen Nib"],"card_choices":[{"not_picked":["Warcry","Immolate"],"picked":"Sword Boomerang","floor":1.0},{"not_picked":["Sever Soul","Infernal Blade"],"picked":"Flex","floor":2.0},{"not_picked":["Body Slam","Whirlwind"],"picked":"Wild Strike","floor":5.0},{"not_picked":["Combust","Thunderclap"],"picked":"Immolate","floor":6.0},{"not_picked":["Warcry","Pommel Strike"],"picked":"Wild Strike","floor":11.0},{"not_picked":["Dropkick","Ghostly Armor"],"picked":"Flex","floor":12.0},{"not_picked":["Flex","Sever Soul"],"picked":"Bludgeon","floor":13.0},{"not_picked":["Body Slam","Iron Wave"],"picked":"Armaments","floor":14.0},{"not_picked":["Offering","Exhume"],"picked":"Bludgeon","floor":16.0},{"not_picked":["Twin Strike","Cleave"],"picked":"Anger","floor":18},{"not_picked":["Feed","Evolve"],"picked":"Sword Boomerang","floor":19},{"not_picked":["Cleave","Clothesline"],"picked":"Fire Breathing","floor":28},{"not_picked":["Thunderclap","Hemokinesis"],"picked":"Shrug It Off","floor":31}],"player_experience":28457,"potions_floor_usage":[23,25,31,33],"damage_taken":[{"damage":15.0,"enemies":"Cultist","floor":1.0,"turns":4.0},{"damage":12.0,"enemies":"Small Slimes","floor":2.0,"turns":3.0},{"damage":7.0,"enemies":"2 Louse","floor":5.0,"turns":2.0},{"damage":28.0,"enemies":"Gremlin Nob","floor":6.0,"turns":4.0},{"damage":0.0,"enemies":"Large Slime","floor":11.0,"turns":4.0},{"damage":10.0,"enemies":"Looter","floor":12.0,"turns":2.0},{"damage":24.0,"enemies":"Lagavulin","floor":13.0,"turns":5.0},{"damage":35.0,"enemies":"Exordium Thugs","floor":14.0,"turns":4.0},{"damage":57.0,"enemies":"The Guardian","floor":16.0,"turns":8.0},{"damage":26,"enemies":"Spheric Guardian","floor":18,"turns":4},{"damage":18,"enemies":"Chosen","floor":19,"turns":4},{"damage":141,"enemies":"Slavers","floor":23,"turns":10},{"damage":44,"enemies":"3 Cultists","floor":25,"turns":6},{"damage":23,"enemies":"Snecko","floor":28,"turns":5},{"damage":32,"enemies":"Centurion and Healer","floor":31,"turns":8},{"damage":82,"enemies":"Automaton","floor":33,"turns":6}],"event_choices":[{"event_name":"Accursed Blacksmith","player_choice":"Rummage","floor":4.0,"damage_taken":0.0},{"event_name":"World of Goop","player_choice":"Left","floor":7.0,"damage_taken":0.0},{"event_name":"Match and Keep!","player_choice":"3 cards matched","floor":10.0,"damage_taken":0.0},{"event_name":"Vampires","player_choice":"Became a vampire (Vial)","floor":20,"damage_taken":0},{"event_name":"Upgrade Shrine","player_choice":"Upgraded","floor":21,"damage_taken":0},{"event_name":"The Woman in Blue","player_choice":"Bought 0 Potions","floor":29,"damage_taken":0}],"boss_relics":[{"not_picked":["Snecko Eye","Velvet Choker"],"picked":"Lizard Tail"}],"potions_floor_spawned":[2,5,6,11,14,19,23],"seed_played":"-6974718440104692290","killed_by":"Automaton","ascension_level":0,"is_trial":false}