{"gold_per_floor":[119,119,119,130,146,146,172,172,220,232,256,281,293,322,334,419,431,457,486,498],"floor_reached":20,"playtime":952,"items_purged":[],"score":326,"play_id":"db56f5b9-8394-498e-a6ee-869f2bc7b15a","local_time":"20180924010842","is_ascension_mode":true,"campfire_choices":[{"data":"Consume","floor":6,"key":"SMITH"},{"floor":8,"key":"REST"},{"data":"Coolheaded","floor":10,"key":"SMITH"},{"data":"Static Discharge","floor":13,"key":"SMITH"},{"data":"Dualcast","floor":15,"key":"SMITH"}],"neow_cost":"NONE","seed_source_timestamp":735483609174742,"circlet_count":0,"master_deck":["Strike_B","Strike_B","Strike_B","Strike_B","Defend_B","Defend_B","Defend_B","Defend_B","Zap+1","Dualcast+1","AscendersBane","Coolheaded+1","Consume+1","Glacier","Static Discharge+1","Gash","Buffer","Blizzard"],"relics":["Cracked Core","Regal Pillow","MawBank","Inserter"],"potions_floor_usage":[7,16,20],"damage_taken":[{"damage":9,"enemies":"Jaw Worm","floor":1,"turns":4},{"damage":0,"enemies":"Small Slimes","floor":4,"turns":2},{"damage":0,"enemies":"Cultist","floor":5,"turns":3},{"damage":24,"enemies":"Gremlin Nob","floor":7,"turns":4},{"damage":16,"enemies":"Large Slime","floor":11,"turns":9},{"damage":1,"enemies":"Exordium Wildlife","floor":12,"turns":5},{"damage":1,"enemies":"3 Louse","floor":14,"turns":3},{"damage":29,"enemies":"The Guardian","floor":16,"turns":8},{"damage":18,"enemies":"Shell Parasite","floor":18,"turns":7},{"damage":33,"enemies":"3 Byrds","floor":19,"turns":3},{"damage":24,"enemies":"Cultist and Chosen","floor":20,"turns":5}],"seed_played":"3268833628639787418","potions_obtained":[{"floor":5,"key":"SkillPotion"},{"floor":7,"key":"FocusPotion"},{"floor":11,"key":"SteroidPotion"},{"floor":19,"key":"PowerPotion"}],"is_trial":false,"path_per_floor":["M","?","?","M","M","R","E","R","T","R","M","M","R","M","R","B",null,"M","M"],"character_chosen":"DEFECT","items_purchased":[],"campfire_rested":1,"item_purchase_floors":[],"current_hp_per_floor":[62,67,67,67,67,67,43,82,82,82,66,65,65,64,64,35,71,53,20,0],"gold":498,"neow_bonus":"TEN_PERCENT_HP_BONUS","is_prod":false,"is_daily":false,"chose_seed":false,"campfire_upgraded":4,"win_rate":0,"timestamp":1537744122,"path_taken":["M","?","?","M","?","R","E","R","T","R","M","M","R","M","R","BOSS","M","M","M"],"build_version":"2018-09-20","purchased_purges":0,"victory":false,"max_hp_per_floor":[78,83,83,83,83,83,83,83,83,83,83,83,83,83,83,83,83,83,83,83],"card_choices":[{"not_picked":["Rebound","Stack"],"picked":"Coolheaded","floor":1},{"not_picked":["Chill","Gash"],"picked":"Consume","floor":4},{"not_picked":["Rebound","Ball Lightning"],"picked":"Glacier","floor":5},{"not_picked":["Coolheaded","Stack","Sweeping Beam"],"picked":"SKIP","floor":7},{"not_picked":["Leap","Go for the Eyes"],"picked":"Static Discharge","floor":11},{"not_picked":["Turbo","Go for the Eyes","Streamline"],"picked":"SKIP","floor":12},{"not_picked":["Steam","Conserve Battery"],"picked":"Gash","floor":14},{"not_picked":["Reboot","Amplify"],"picked":"Buffer","floor":16},{"not_picked":["Turbo","Go for the Eyes","Barrage"],"picked":"SKIP","floor":18},{"not_picked":["Ball Lightning","Barrage"],"picked":"Blizzard","floor":19}],"player_experience":606139,"relics_obtained":[{"floor":7,"key":"Regal Pillow"},{"floor":9,"key":"MawBank"}],"event_choices":[{"event_name":"Big Fish","player_choice":"Donut","floor":2,"damage_taken":0},{"event_name":"Accursed Blacksmith","player_choice":"Forge","floor":3,"damage_taken":0}],"is_beta":false,"boss_relics":[{"not_picked":["Orrery","Pandora\u0027s Box"],"picked":"Inserter"}],"items_purged_floors":[],"is_endless":false,"potions_floor_spawned":[5,7,11,14,19],"killed_by":"Cultist and Chosen","ascension_level":17}