{"gold_per_floor":[110,123,136,211,228,228,259,259,311,311,339,351,376,421,433,445],"floor_reached":16,"playtime":698,"items_purged":[],"score":168,"play_id":"882eacad-dd1a-4664-994c-13c391d0ece7","local_time":"20181124211257","is_ascension_mode":true,"campfire_choices":[{"data":"Neutralize","floor":6.0,"key":"SMITH"},{"data":"Blade Dance","floor":8,"key":"SMITH"},{"data":"Blade Dance","floor":12,"key":"SMITH"},{"data":"Footwork","floor":15,"key":"SMITH"}],"neow_cost":"NONE","seed_source_timestamp":678020323079331,"circlet_count":0,"master_deck":["Defend_G","Defend_G","Defend_G","Defend_G","Defend_G","Strike_G","Strike_G","Strike_G","Strike_G","Survivor","Neutralize+1","Forethought","Dagger Spray","Footwork+1","Blade Dance+1","Blade Dance+1","Calculated Gamble","Cloak And Dagger","Backflip"],"special_seed":0,"relics":["Ring of the Snake","Ornamental Fan","Orichalcum","MawBank","Oddly Smooth Stone"],"potions_floor_usage":[7,11,16,16],"damage_taken":[{"damage":5.0,"enemies":"Cultist","floor":1.0,"turns":5.0},{"damage":0.0,"enemies":"Small Slimes","floor":2.0,"turns":3.0},{"damage":0.0,"enemies":"2 Louse","floor":3.0,"turns":3.0},{"damage":6.0,"enemies":"Looter","floor":5.0,"turns":5.0},{"damage":12,"enemies":"3 Sentries","floor":7,"turns":7},{"damage":5,"enemies":"Lagavulin","floor":11,"turns":8},{"damage":0,"enemies":"Lots of Slimes","floor":13,"turns":4},{"damage":16,"enemies":"Gremlin Nob","floor":14,"turns":5},{"damage":11,"enemies":"Slime Boss","floor":16,"turns":13}],"seed_played":"6534853713603601480","potions_obtained":[{"floor":2.0,"key":"Energy Potion"},{"floor":5.0,"key":"PowerPotion"},{"floor":7,"key":"PowerPotion"},{"floor":11,"key":"Explosive Potion"},{"floor":13,"key":"SmokeBomb"}],"is_trial":false,"path_per_floor":["M","M","M","?","M","R","E","R","T","?","E","R","M","E","R","B"],"character_chosen":"THE_SILENT","items_purchased":[],"campfire_rested":0,"item_purchase_floors":[],"current_hp_per_floor":[58,58,58,47,41,41,29,29,29,29,24,24,24,8,8,0],"gold":445,"neow_bonus":"RANDOM_COLORLESS","is_prod":false,"is_daily":false,"chose_seed":false,"campfire_upgraded":4,"win_rate":0,"timestamp":1543111977,"path_taken":["M","M","M","?","M","R","E","R","T","?","E","R","M","E","R","BOSS"],"build_version":"2018-11-15","purchased_purges":0,"victory":false,"max_hp_per_floor":[70,70,70,70,70,70,70,70,70,70,70,70,70,70,70,70],"card_choices":[{"not_picked":["Concentrate","Backflip"],"picked":"Dagger Spray","floor":1.0},{"not_picked":["Acrobatics","Dagger Throw"],"picked":"Footwork","floor":2.0},{"not_picked":["All Out Attack","Flying Knee","Tactician"],"picked":"SKIP","floor":3.0},{"not_picked":["Prepared","Concentrate"],"picked":"Blade Dance","floor":5.0},{"not_picked":["Reflex","Underhanded Strike"],"picked":"Blade Dance","floor":7},{"not_picked":["Acrobatics","Dodge and Roll"],"picked":"Cloak And Dagger","floor":11},{"not_picked":["Eviscerate","Endless Agony"],"picked":"Backflip","floor":13},{"not_picked":["Glass Knife","Endless Agony","Slice"],"picked":"SKIP","floor":14}],"player_experience":453570,"relics_obtained":[{"floor":7,"key":"Ornamental Fan"},{"floor":9,"key":"Orichalcum"},{"floor":11,"key":"MawBank"},{"floor":14,"key":"Oddly Smooth Stone"}],"event_choices":[{"damage_healed":0.0,"max_hp_gain":0.0,"max_hp_loss":0.0,"gold_gain":75.0,"event_name":"World of Goop","player_choice":"Gather Gold","floor":4.0,"gold_loss":0.0,"damage_taken":11.0},{"damage_healed":0,"gold_gain":0,"cards_transformed":["Strike_G"],"player_choice":"Transformed","damage_taken":0,"max_hp_gain":0,"max_hp_loss":0,"event_name":"Transmorgrifier","floor":10,"gold_loss":0,"cards_obtained":["Calculated Gamble"]}],"is_beta":true,"boss_relics":[],"items_purged_floors":[],"is_endless":false,"potions_floor_spawned":[2,5,7,11,13],"killed_by":"Slime Boss","ascension_level":8}