{"gold_per_floor":[119,137,153,153,153,187,187,187,187,203,222,237,73,38,38,38],"floor_reached":16,"playtime":591,"items_purged":["Strike_B"],"score":199,"play_id":"355d9ff5-24fc-46fb-bf2d-d6abfc0635d5","local_time":"20181002223827","is_ascension_mode":true,"campfire_choices":[{"floor":7,"key":"REST"},{"floor":15,"key":"REST"}],"neow_cost":"NONE","seed_source_timestamp":422697552383012,"circlet_count":0,"master_deck":["Strike_B","Defend_B","Defend_B","Defend_B","Defend_B","Zap","Dualcast","AscendersBane","Biased Cognition","Defragment","Conserve Battery","Hyperbeam+1","Loop","Capacitor","Storm"],"relics":["Cracked Core","Ginger","Blood Vial","Kunai"],"potions_floor_usage":[2,3,12],"damage_taken":[{"damage":7,"enemies":"Cultist","floor":1,"turns":4},{"damage":12,"enemies":"Small Slimes","floor":2,"turns":4},{"damage":9,"enemies":"Jaw Worm","floor":3,"turns":4},{"damage":26,"enemies":"3 Sentries","floor":6,"turns":8},{"damage":4,"enemies":"Looter","floor":10,"turns":2},{"damage":7,"enemies":"Large Slime","floor":11,"turns":5},{"damage":12,"enemies":"Exordium Thugs","floor":12,"turns":2},{"damage":41,"enemies":"Slime Boss","floor":16,"turns":5}],"seed_played":"3054248232897118677","potions_obtained":[{"floor":1,"key":"SpeedPotion"},{"floor":3,"key":"Fruit Juice"},{"floor":11,"key":"Explosive Potion"}],"is_trial":false,"path_per_floor":["M","M","M","?","?","E","R","?","T","M","M","M","$","?","R"],"character_chosen":"DEFECT","items_purchased":["Storm"],"campfire_rested":2,"item_purchase_floors":[13],"current_hp_per_floor":[57,45,41,36,36,10,32,32,32,30,25,15,15,15,37,0],"gold":38,"neow_bonus":"TRANSFORM_CARD","is_prod":false,"is_daily":false,"chose_seed":false,"campfire_upgraded":0,"win_rate":0,"timestamp":1538512707,"path_taken":["M","M","?","?","?","E","R","?","T","M","M","?","$","?","R","BOSS"],"build_version":"2018-09-27","purchased_purges":1,"victory":false,"max_hp_per_floor":[71,71,76,76,76,76,76,76,76,76,76,76,76,76,76,76],"card_choices":[{"not_picked":["Skim","Aggregate"],"picked":"Defragment","floor":1},{"not_picked":["Beam Cell","Gash"],"picked":"Conserve Battery","floor":2},{"not_picked":["Turbo","Beam Cell"],"picked":"Hyperbeam","floor":3},{"not_picked":["Reprogram","Conserve Battery"],"picked":"Loop","floor":6},{"not_picked":["Sweeping Beam","Hologram","Darkness"],"picked":"SKIP","floor":10},{"not_picked":["Blizzard","Heatsinks","Rebound"],"picked":"SKIP","floor":11},{"not_picked":["Steam","Doom and Gloom"],"picked":"Capacitor","floor":12}],"player_experience":736177,"relics_obtained":[{"floor":6,"key":"Blood Vial"},{"floor":9,"key":"Kunai"}],"event_choices":[{"event_name":"Scrap Ooze","player_choice":"success","floor":4,"damage_taken":5},{"event_name":"Bonfire Elementals","player_choice":"BASIC","floor":5,"damage_taken":0},{"event_name":"Living Wall","player_choice":"Grow","floor":8,"damage_taken":0},{"event_name":"World of Goop","player_choice":"Left","floor":14,"damage_taken":0}],"is_beta":false,"boss_relics":[],"items_purged_floors":[13],"is_endless":false,"potions_floor_spawned":[1,3,11],"killed_by":"Slime Boss","ascension_level":19}