{"path_per_floor":["M","M","?","$","M","E","R","M","T","R","E","M","$","E","R"],"character_chosen":"IRONCLAD","items_purchased":["Rupture","Rupture+1","Regen Potion"],"gold_per_floor":[17,27,102,32,44,75,75,94,94,94,129,145,0,26,26,26],"floor_reached":16,"campfire_rested":1,"playtime":1260,"item_purchase_floors":[4,13,13],"current_hp_per_floor":[80,80,69,69,75,37,61,63,63,63,33,34,34,19,19,0],"items_purged":[],"gold":26,"score":138,"play_id":"a39a4ac6-a335-4a5a-9f56-6c1aa4e2b14b","local_time":"20180621020748","is_prod":false,"is_daily":false,"chose_seed":false,"is_ascension_mode":true,"campfire_upgraded":1,"win_rate":0,"timestamp":1529539668,"campfire_choices":[{"floor":7,"key":"REST"},{"data":"Shrug It Off","floor":10,"key":"SMITH"},{"floor":15,"key":"DIG"}],"path_taken":["M","M","?","$","?","E","R","M","T","R","E","M","?","E","R","BOSS"],"build_version":"2018-06-19v2","seed_source_timestamp":269136848993067,"purchased_purges":0,"circlet_count":0,"victory":false,"master_deck":["Strike_R","Strike_R","Strike_R","Strike_R","Strike_R","Defend_R","Defend_R","Defend_R","Defend_R","Bash","Warcry","Cleave","Rupture","Pommel Strike","Pommel Strike","Shrug It Off+1","Sword Boomerang","Armaments","Rupture+1","Armaments"],"max_hp_per_floor":[80,80,80,80,80,80,80,80,80,80,80,80,80,80,80,80],"relics":["Burning Blood","Thread and Needle","Sundial","Frozen Egg 2","Self Forming Clay","Shovel","Lantern"],"card_choices":[{"not_picked":["Seeing Red","Havoc"],"picked":"Warcry","floor":1},{"not_picked":["Sword Boomerang","Twin Strike"],"picked":"Cleave","floor":2},{"not_picked":["Cleave","Warcry"],"picked":"Pommel Strike","floor":5},{"not_picked":["Wild Strike","Immolate"],"picked":"Pommel Strike","floor":6},{"not_picked":["Pommel Strike","Sword Boomerang"],"picked":"Shrug It Off","floor":8},{"not_picked":["Uppercut","Fiend Fire"],"picked":"Sword Boomerang","floor":11},{"not_picked":["Body Slam","Sword Boomerang"],"picked":"Armaments","floor":12},{"not_picked":["Havoc","Fire Breathing+1"],"picked":"Armaments","floor":14}],"player_experience":161863,"potions_floor_usage":[6,11,14,14],"damage_taken":[{"damage":3,"enemies":"Small Slimes","floor":1,"turns":4},{"damage":0,"enemies":"2 Louse","floor":2,"turns":3},{"damage":0,"enemies":"Cultist","floor":5,"turns":4},{"damage":44,"enemies":"Lagavulin","floor":6,"turns":7},{"damage":4,"enemies":"Red Slaver","floor":8,"turns":4},{"damage":36,"enemies":"Gremlin Nob","floor":11,"turns":5},{"damage":5,"enemies":"Large Slime","floor":12,"turns":5},{"damage":36,"enemies":"Lagavulin","floor":14,"turns":7},{"damage":20,"enemies":"The Guardian","floor":16,"turns":6}],"relics_obtained":[{"floor":6,"key":"Sundial"},{"floor":9,"key":"Frozen Egg 2"},{"floor":11,"key":"Self Forming Clay"},{"floor":14,"key":"Shovel"},{"floor":15,"key":"Lantern"}],"event_choices":[{"event_name":"World of Goop","player_choice":"Gather Gold","floor":3,"damage_taken":0}],"boss_relics":[],"items_purged_floors":[],"is_endless":false,"potions_floor_spawned":[2,8,11],"seed_played":"736951996597002017","killed_by":"The Guardian","ascension_level":3,"potions_obtained":[{"floor":2,"key":"FearPotion"},{"floor":8,"key":"SneckoOil"},{"floor":11,"key":"Swift Potion"}],"is_trial":false}