{"gold_per_floor":[114,129,144,159,334,364,379,379,379,394,169,211,223,235,247,359,371,398,410,437,464,476,488,530,542,554,581,623,650,677,704,716,828,840,867,599,599,614,629,389,404,4,4,4,34,49,64,79,79,79],"floor_reached":51,"playtime":3571,"items_purged":["Doubt","Meteor Strike"],"score":885,"play_id":"d581765b-33c2-4cad-b56f-a551dc08e410","local_time":"20181007194308","daily_mods":["Insanity","Diverse","Binary"],"is_ascension_mode":false,"campfire_choices":[{"data":"Defragment","floor":8.0,"key":"SMITH"},{"data":"Electrodynamics","floor":13.0,"key":"SMITH"},{"data":"Electrodynamics","floor":15.0,"key":"SMITH"},{"data":"Fission","floor":23.0,"key":"SMITH"},{"data":"Electrodynamics","floor":25.0,"key":"SMITH"},{"floor":32.0,"key":"REST"},{"data":"Tempest","floor":44,"key":"SMITH"},{"data":"Cloak And Dagger","floor":49,"key":"SMITH"}],"neow_cost":"","seed_source_timestamp":0,"circlet_count":0,"master_deck":["Ball Lightning","Tempest+1","Echo Form","Rip and Tear","Hello World","Cold Snap","Strike_B","Coolheaded","Aggregate","Compile Driver","Strike_B","White Noise","Turbo","Genetic Algorithm+1","Buffer","Rip and Tear","Beam Cell","Capacitor","Defragment+1","Fission","Electrodynamics+1","Self Repair","Streamline","Hologram+1","White Noise","Blizzard","Rebound","Loop","Conserve Battery","Defend_B","Electrodynamics+1","Scrape","Reprogram","Gash","Buffer","Blizzard","Auto Shields","Reprogram","Electrodynamics+1","Doom and Gloom","Fission+1","Recycle","Steam Power","Force Field","Strike_B","White Noise","Rip and Tear","Steam Power","Cleave","Shrug It Off","Flying Knee","Reaper","Escape Plan","Chill","Shrug It Off+1","Core Surge","Self Repair","Cloak And Dagger+1","Cloak And Dagger+1","Armaments+1","Cloak And Dagger+1","Fusion+1","BootSequence+1","Bouncing Flask+1"],"special_seed":17811,"relics":["Cracked Core","FossilizedHelix","Regal Pillow","MawBank","Dream Catcher","WarpedTongs","Calling Bell","War Paint","Meat on the Bone","Thread and Needle","MutagenicStrength","Prayer Wheel","The Courier","Ginger","Lizard Tail","Bottled Tornado","Bird Faced Urn","Membership Card","Ancient Tea Set","Happy Flower","Turnip","Pantograph","Strawberry"],"potions_floor_usage":[39,47,48,50,50],"damage_taken":[{"damage":0.0,"enemies":"Cultist","floor":1.0,"turns":2.0},{"damage":0.0,"enemies":"Small Slimes","floor":2.0,"turns":1.0},{"damage":5.0,"enemies":"2 Louse","floor":3.0,"turns":2.0},{"damage":0.0,"enemies":"Lots of Slimes","floor":4.0,"turns":1.0},{"damage":6.0,"enemies":"Gremlin Nob","floor":6.0,"turns":5.0},{"damage":4.0,"enemies":"Gremlin Gang","floor":7.0,"turns":3.0},{"damage":0.0,"enemies":"2 Fungi Beasts","floor":10.0,"turns":3.0},{"damage":0.0,"enemies":"Lagavulin","floor":12.0,"turns":4.0},{"damage":0.0,"enemies":"Slime Boss","floor":16.0,"turns":4.0},{"damage":6.0,"enemies":"Spheric Guardian","floor":18.0,"turns":4.0},{"damage":0.0,"enemies":"3 Byrds","floor":20.0,"turns":3.0},{"damage":2.0,"enemies":"Sentry and Sphere","floor":21.0,"turns":5.0},{"damage":1.0,"enemies":"Slavers","floor":24.0,"turns":3.0},{"damage":0.0,"enemies":"Snake Plant","floor":27.0,"turns":4.0},{"damage":20.0,"enemies":"Book of Stabbing","floor":28.0,"turns":5.0},{"damage":0.0,"enemies":"Snecko","floor":29.0,"turns":4.0},{"damage":15.0,"enemies":"Cultist and Chosen","floor":30.0,"turns":4.0},{"damage":25.0,"enemies":"Centurion and Healer","floor":31.0,"turns":7.0},{"damage":75.0,"enemies":"Automaton","floor":33.0,"turns":7.0},{"damage":0,"enemies":"3 Shapes","floor":35,"turns":3},{"damage":17,"enemies":"Orb Walker","floor":38,"turns":4},{"damage":22,"enemies":"Sphere and 2 Shapes","floor":39,"turns":6},{"damage":7,"enemies":"4 Shapes","floor":41,"turns":5},{"damage":53,"enemies":"Nemesis","floor":45,"turns":9},{"damage":19,"enemies":"3 Darklings","floor":46,"turns":5},{"damage":0,"enemies":"Reptomancer","floor":47,"turns":5},{"damage":0,"enemies":"Spire Growth","floor":48,"turns":5},{"damage":36,"enemies":"Time Eater","floor":50,"turns":11}],"seed_played":"7316523632384569074","potions_obtained":[{"floor":1.0,"key":"Block Potion"},{"floor":4.0,"key":"Ancient Potion"},{"floor":7.0,"key":"Regen Potion"},{"floor":16.0,"key":"Fire Potion"},{"floor":18.0,"key":"Block Potion"},{"floor":20.0,"key":"Energy Potion"},{"floor":21.0,"key":"Fruit Juice"},{"floor":28.0,"key":"EntropicBrew"},{"floor":41,"key":"FearPotion"},{"floor":47,"key":"Fire Potion"}],"is_trial":false,"path_per_floor":["M","M","M","M","?","E","M","R","T","M","$","E","R","?","R","B",null,"M","?","M","M","?","R","E","R","T","M","E","M","M","M","R","B",null,"M","$","?","M","M","$","M","$","T","R","E","M","M","M","R","B"],"character_chosen":"DEFECT","items_purchased":["MawBank","Bottled Tornado","Bird Faced Urn","Membership Card","Ancient Tea Set","Happy Flower","Turnip"],"campfire_rested":1,"item_purchase_floors":[11,36,40,42,42,42,42],"current_hp_per_floor":[75,75,70,70,70,64,67,67,67,67,67,74,74,74,74,74,75,69,69,69,72,72,72,76,76,76,77,57,64,49,48,77,26,77,77,77,87,75,64,64,72,72,72,72,65,93,94,94,94,82],"gold":79,"neow_bonus":"","is_prod":false,"is_daily":true,"chose_seed":false,"campfire_upgraded":7,"win_rate":0,"timestamp":1538966588,"path_taken":["M","?","M","M","?","E","M","R","T","?","$","E","R","?","R","BOSS","M","?","M","M","?","R","E","R","T","?","E","M","M","M","R","BOSS","M","?","?","M","M","$","M","$","T","R","E","?","M","M","R","BOSS"],"build_version":"2018-10-04v2","purchased_purges":2,"victory":true,"max_hp_per_floor":[75,75,75,75,75,75,75,75,75,75,75,75,75,75,75,75,75,75,72,72,72,72,72,77,77,77,77,77,77,77,77,77,77,77,77,77,87,87,87,87,87,87,87,87,94,94,94,94,94,94],"card_choices":[{"not_picked":["Storm","Body Slam"],"picked":"SKIP","floor":1.0},{"not_picked":["Distraction"],"picked":"Cleave","floor":2.0},{"not_picked":["Streamline"],"picked":"Shrug It Off","floor":3.0},{"not_picked":["Dagger Spray","Body Slam"],"picked":"SKIP","floor":4.0},{"not_picked":["Dagger Spray","Coolheaded"],"picked":"SKIP","floor":6.0},{"not_picked":["Perfected Strike"],"picked":"Flying Knee","floor":7.0},{"not_picked":["Outmaneuver","Metallicize"],"picked":"SKIP","floor":10.0},{"not_picked":["Deadly Poison","Ghostly Armor"],"picked":"SKIP","floor":12.0},{"not_picked":["Fission"],"picked":"Reaper","floor":16.0},{"not_picked":["Eviscerate","Doom and Gloom"],"picked":"SKIP","floor":18.0},{"not_picked":["Clash+1","Corruption"],"picked":"SKIP","floor":20.0},{"not_picked":["BootSequence"],"picked":"Escape Plan","floor":21.0},{"not_picked":["Dual Wield","Rip and Tear"],"picked":"SKIP","floor":24.0},{"not_picked":["Steam Power+1","PiercingWail"],"picked":"SKIP","floor":27.0},{"not_picked":["Ghostly Armor","Outmaneuver"],"picked":"SKIP","floor":27.0},{"not_picked":["Iron Wave","Feel No Pain"],"picked":"SKIP","floor":28.0},{"not_picked":["Masterful Stab","Heavy Blade"],"picked":"SKIP","floor":29.0},{"not_picked":["Havoc","Skewer+1"],"picked":"SKIP","floor":29.0},{"not_picked":["Exhume","Heatsinks"],"picked":"SKIP","floor":30.0},{"not_picked":["Warcry","Cleave+1"],"picked":"SKIP","floor":30.0},{"not_picked":["Anger"],"picked":"Chill","floor":31.0},{"not_picked":["Acrobatics","Disarm"],"picked":"SKIP","floor":31.0},{"not_picked":["Fire Breathing+1"],"picked":"Shrug It Off+1","floor":32.0},{"not_picked":["Barricade"],"picked":"Core Surge","floor":33.0},{"not_picked":["Barrage"],"picked":"Self Repair","floor":35},{"not_picked":["Blade Dance"],"picked":"Cloak And Dagger+1","floor":35},{"not_picked":["Sunder+1","Well Laid Plans+1"],"picked":"SKIP","floor":38},{"not_picked":["Darkness+1","Wild Strike"],"picked":"SKIP","floor":38},{"not_picked":["Gash"],"picked":"Cloak And Dagger+1","floor":39},{"not_picked":["Flying Knee+1","Headbutt"],"picked":"SKIP","floor":39},{"not_picked":["Body Slam"],"picked":"Armaments+1","floor":41},{"not_picked":["Reinforced Body+1","Thunderclap+1"],"picked":"SKIP","floor":41},{"not_picked":["Acrobatics+1","Deadly Poison+1"],"picked":"SKIP","floor":45},{"not_picked":["Electrodynamics"],"picked":"Cloak And Dagger","floor":46},{"not_picked":["Outmaneuver+1","Sweeping Beam+1"],"picked":"SKIP","floor":46},{"not_picked":["Bane"],"picked":"Fusion+1","floor":47},{"not_picked":["Barrage","Twin Strike"],"picked":"SKIP","floor":47},{"not_picked":["Barrage+1"],"picked":"BootSequence+1","floor":48},{"not_picked":["Bane+1"],"picked":"Bouncing Flask+1","floor":48}],"player_experience":486147,"relics_obtained":[{"floor":6.0,"key":"FossilizedHelix"},{"floor":9.0,"key":"Regal Pillow"},{"floor":12.0,"key":"Dream Catcher"},{"floor":17.0,"key":"War Paint"},{"floor":17.0,"key":"Meat on the Bone"},{"floor":17.0,"key":"Thread and Needle"},{"floor":24.0,"key":"Prayer Wheel"},{"floor":26.0,"key":"The Courier"},{"floor":28.0,"key":"Ginger"},{"floor":43,"key":"Pantograph"},{"floor":45,"key":"Strawberry"}],"event_choices":[{"event_name":"Liars Game","player_choice":"agreed","floor":5.0,"damage_taken":0.0},{"event_name":"Accursed Blacksmith","player_choice":"Rummage","floor":14.0,"damage_taken":0.0},{"event_name":"Fountain of Cleansing","player_choice":"Removed Curse","floor":19.0,"damage_taken":0.0},{"event_name":"Drug Dealer","player_choice":"Inject Mutagens","floor":22.0,"damage_taken":0.0},{"event_name":"Bonfire Elementals","player_choice":"RARE","floor":37,"damage_taken":0}],"is_beta":false,"boss_relics":[{"not_picked":["Philosopher\u0027s Stone","Pandora\u0027s Box"],"picked":"Calling Bell"},{"not_picked":["Snecko Eye","Astrolabe"],"picked":"Lizard Tail"}],"items_purged_floors":[11,36],"is_endless":false,"potions_floor_spawned":[1,4,7,16,18,20,21,28,33,38,41,47],"ascension_level":0}