{"gold_per_floor":[117,117,42,53,65,65,75,97,124,124,155,155,155,167,167,245,245,260,185,196,210,210,210,31,31],"floor_reached":25,"playtime":1332,"items_purged":["Strike_B","Defend_B"],"score":362,"play_id":"62797218-1a3d-4700-880a-0f7b9713d6d7","local_time":"20180923220850","is_ascension_mode":true,"campfire_choices":[{"data":"Dualcast","floor":6,"key":"SMITH"},{"floor":10,"key":"REST"},{"floor":12,"key":"REST"},{"data":"Capacitor","floor":15,"key":"SMITH"},{"floor":23,"key":"REST"}],"neow_cost":"NONE","seed_source_timestamp":724311697235819,"circlet_count":0,"master_deck":["Defend_B","Defend_B","Zap+1","Dualcast+1","AscendersBane","Static Discharge+1","Capacitor+1","Ball Lightning","Ball Lightning","BootSequence","White Noise"],"relics":["Cracked Core","Odd Mushroom","Strawberry","Bronze Scales","Empty Cage"],"potions_floor_usage":[11,11,16,25,25],"damage_taken":[{"damage":1,"enemies":"2 Louse","floor":1,"turns":2},{"damage":0,"enemies":"Small Slimes","floor":4,"turns":3},{"damage":1,"enemies":"Cultist","floor":5,"turns":3},{"damage":15,"enemies":"Gremlin Gang","floor":7,"turns":3},{"damage":9,"enemies":"The Mushroom Lair","floor":8,"turns":3},{"damage":20,"enemies":"Gremlin Nob","floor":11,"turns":4},{"damage":8,"enemies":"2 Fungi Beasts","floor":14,"turns":3},{"damage":43,"enemies":"The Guardian","floor":16,"turns":8},{"damage":7,"enemies":"Chosen","floor":18,"turns":3},{"damage":34,"enemies":"2 Thieves","floor":20,"turns":3},{"damage":21,"enemies":"Snake Plant","floor":21,"turns":3},{"damage":31,"enemies":"Gremlin Leader","floor":25,"turns":4}],"seed_played":"2093591435251257102","potions_obtained":[{"floor":5,"key":"SpeedPotion"},{"floor":8,"key":"Swift Potion"},{"floor":14,"key":"Regen Potion"},{"floor":20,"key":"FearPotion"},{"floor":21,"key":"Block Potion"}],"is_trial":false,"path_per_floor":["M","?","$","M","M","R","M","?","T","R","E","R","?","M","R","B",null,"M","?","M","M","?","R","$"],"character_chosen":"DEFECT","items_purchased":["White Noise"],"campfire_rested":3,"item_purchase_floors":[24],"current_hp_per_floor":[63,63,63,63,62,62,47,38,45,68,48,71,71,63,63,35,67,60,60,26,5,5,28,28,0],"gold":31,"neow_bonus":"UPGRADE_CARD","is_prod":false,"is_daily":false,"chose_seed":false,"campfire_upgraded":2,"win_rate":0,"timestamp":1537733330,"path_taken":["M","?","?","M","?","R","M","?","T","R","E","R","?","M","R","BOSS","M","?","M","?","?","R","$","E"],"build_version":"2018-09-20","purchased_purges":2,"victory":false,"max_hp_per_floor":[71,71,71,71,71,71,71,71,78,78,78,78,78,78,78,78,78,78,78,78,78,78,78,78,78],"card_choices":[{"not_picked":["Steam","Reinforced Body"],"picked":"Static Discharge","floor":1},{"not_picked":["Redo","Stack"],"picked":"Capacitor","floor":4},{"not_picked":["Chaos","Hello World","Gash"],"picked":"SKIP","floor":5},{"not_picked":["Turbo","Steam"],"picked":"Ball Lightning","floor":7},{"not_picked":["Barrage","Rip and Tear","Stack"],"picked":"SKIP","floor":11},{"not_picked":["Leap","Rebound","Go for the Eyes"],"picked":"SKIP","floor":14},{"not_picked":["Stack","Heatsinks"],"picked":"Ball Lightning","floor":18},{"not_picked":["Barrage","Leap","Hello World"],"picked":"SKIP","floor":20},{"not_picked":["Hologram","Undo","Sunder"],"picked":"SKIP","floor":21}],"player_experience":595448,"relics_obtained":[{"floor":8,"key":"Odd Mushroom"},{"floor":9,"key":"Strawberry"},{"floor":11,"key":"Bronze Scales"}],"event_choices":[{"event_name":"Living Wall","player_choice":"Grow","floor":2,"damage_taken":0},{"event_name":"Mushrooms","player_choice":"Fought Mushrooms","floor":8,"damage_taken":0},{"event_name":"Liars Game","player_choice":"disagreed","floor":13,"damage_taken":0},{"event_name":"Beggar","player_choice":"Gave Gold","floor":19,"damage_taken":0},{"event_name":"Transmorgrifier","player_choice":"Transform","floor":22,"damage_taken":0}],"is_beta":false,"boss_relics":[{"not_picked":["Lizard Tail","Ectoplasm"],"picked":"Empty Cage"}],"items_purged_floors":[3,24],"is_endless":false,"potions_floor_spawned":[5,8,14,20,21],"killed_by":"Gremlin Leader","ascension_level":16}