{"path_per_floor":["M","?","?","M","M","R","E","M","T","$","M","M","M","M","R"],"character_chosen":"THE_SILENT","items_purchased":["Leg Sweep","Deadly Poison"],"gold_per_floor":[112,112,112,126,139,139,174,193,193,70,83,69,82,102,102,102],"floor_reached":16,"campfire_rested":1,"playtime":1041,"current_hp_per_floor":[70,67,53,53,48,54,19,9,9,9,7,5,2,1,30,0],"items_purged":[],"gold":102,"score":106,"play_id":"779e0691-ac11-422e-a3c4-36fa88264dab","local_time":"20180411185039","is_prod":false,"is_daily":false,"is_ascension_mode":false,"campfire_upgraded":1,"timestamp":1523469039,"path_taken":["M","?","?","M","M","R","E","M","T","$","?","M","M","M","R","BOSS"],"build_version":"2018-04-05v2","purchased_purges":0,"victory":false,"master_deck":["Defend_G","Defend_G+1","Defend_G","Defend_G","Defend_G","Strike_G","Strike_G","Strike_G","Strike_G","Strike_G","Survivor","Neutralize+1","Blade Dance+1","Choke","Backflip","Dagger Spray","Leg Sweep","Leg Sweep","Deadly Poison","Crippling Poison","Catalyst","Prepared"],"max_hp_per_floor":[70,70,70,70,70,70,70,70,70,70,70,70,70,70,70,70],"relics":["Eternal Feather","Calipers","The Specimen","Torii"],"card_choices":[{"not_picked":["Expertise","Quick Slash"],"picked":"Blade Dance","floor":1},{"not_picked":["Sucker Punch","Caltrops"],"picked":"Choke","floor":4},{"not_picked":["Deadly Poison","Outmaneuver"],"picked":"Backflip","floor":5},{"not_picked":["Eviscerate","Reflex"],"picked":"Dagger Spray","floor":7},{"not_picked":["Poisoned Stab","Flying Knee"],"picked":"Leg Sweep","floor":8},{"not_picked":["Underhanded Strike","Slice"],"picked":"Crippling Poison","floor":11},{"not_picked":["Dagger Spray","Dodge and Roll"],"picked":"Catalyst","floor":13},{"not_picked":["Underhanded Strike","Finisher"],"picked":"Prepared","floor":14}],"player_experience":46287,"potions_floor_usage":[7,11,13,14,16],"damage_taken":[{"damage":0,"enemies":"Cultist","floor":1,"turns":4},{"damage":0,"enemies":"2 Louse","floor":4,"turns":3},{"damage":5,"enemies":"Jaw Worm","floor":5,"turns":3},{"damage":35,"enemies":"3 Sentries","floor":7,"turns":10},{"damage":10,"enemies":"Looter","floor":8,"turns":2},{"damage":2,"enemies":"2 Fungi Beasts","floor":11,"turns":4},{"damage":2,"enemies":"Exordium Thugs","floor":12,"turns":5},{"damage":3,"enemies":"Lots of Slimes","floor":13,"turns":5},{"damage":1,"enemies":"Gremlin Gang","floor":14,"turns":5},{"damage":35,"enemies":"Slime Boss","floor":16,"turns":7}],"event_choices":[{"event_name":"Scrap Ooze","player_choice":"success","floor":2,"damage_taken":3},{"event_name":"Shining Light","player_choice":"Entered Light","floor":3,"damage_taken":0}],"boss_relics":[],"potions_floor_spawned":[1,7,12,13,14],"seed_played":"1326963123902642268","killed_by":"Slime Boss","ascension_level":0,"is_trial":false}