{"path_per_floor":["M","?","M","?","M","R","E","R","T","M","$","?","?","M","R","B",null,"M","M","?","M","$","R","M","M","T","?","M","?","$","M","R","B",null,"M","M","?","M","$","R","?","M","T","M","M"],"character_chosen":"THE_SILENT","items_purchased":["Bandage Up","Adrenaline","Bane","War Paint"],"gold_per_floor":[114,114,128,128,144,144,183,183,183,203,29,29,29,43,43,168,168,187,210,210,228,80,80,100,119,119,119,130,130,81,91,91,192,192,209,223,223,235,92,92,92,107,131,150,161,161],"floor_reached":46,"campfire_rested":0,"playtime":3097,"current_hp_per_floor":[70,70,70,65,63,63,59,59,59,59,59,59,52,51,51,42,65,53,47,47,45,45,45,49,50,50,45,45,45,45,38,38,14,45,45,42,42,28,28,28,28,44,45,45,37,0],"items_purged":["Defend_G"],"gold":161,"score":477,"play_id":"49d0082f-1c3d-470d-8884-bbad25fe20f7","local_time":"20180327212512","is_prod":false,"is_daily":false,"is_ascension_mode":false,"campfire_upgraded":6,"timestamp":1522178712,"path_taken":["M","?","?","?","M","R","E","R","T","M","$","?","?","M","R","BOSS","M","M","?","M","$","R","?","M","T","?","M","?","?","M","R","BOSS","M","M","?","M","$","R","?","M","T","M","M","E"],"build_version":"2018-03-22v2","purchased_purges":1,"victory":false,"master_deck":["Defend_G","Survivor","Neutralize+1","Finisher","Dodge and Roll+1","Terror+1","Poisoned Stab+1","Cloak And Dagger","Bandage Up","Poisoned Stab","Backflip","Venomology+1","Dodge and Roll","PiercingWail","Bane","Adrenaline+1","Poisoned Stab","Bite","Bite","Bite","Bite","Bite","Bouncing Flask+1","Bane","Doppelganger+1","Adrenaline+1","PiercingWail+1","Quick Slash+1","Expertise+1","Dash","Neutralize","Acrobatics","Phantasmal Killer","Blur+1","Dodge and Roll+1","Catalyst","Outmaneuver"],"max_hp_per_floor":[70,70,70,65,65,65,65,65,65,65,65,65,65,65,65,65,65,65,65,65,65,65,65,65,65,65,45,45,45,45,45,45,45,45,45,45,45,45,45,45,45,45,45,45,45,45],"relics":["Ring of the Snake","Bloody Idol","Lantern","Bronze Scales","Lizard Tail","Centennial Puzzle","Astrolabe","War Paint","Anchor"],"card_choices":[{"not_picked":["Corpse Explosion","Poisoned Stab"],"picked":"Finisher","floor":1},{"not_picked":["Slice","Heel Hook"],"picked":"Dodge and Roll","floor":3},{"not_picked":["Prepared","PiercingWail"],"picked":"Terror","floor":5},{"not_picked":["Storm of Steel","Calculated Gamble"],"picked":"Poisoned Stab","floor":7},{"not_picked":["Dodge and Roll","Prepared"],"picked":"Cloak And Dagger","floor":10},{"not_picked":["Skewer","Poisoned Stab"],"picked":"Backflip","floor":14},{"not_picked":["Phantasmal Killer","Die Die Die"],"picked":"Venomology","floor":16},{"not_picked":["Deadly Poison","Accuracy"],"picked":"Dodge and Roll","floor":18},{"not_picked":["Leg Sweep","Flechettes"],"picked":"PiercingWail","floor":19},{"not_picked":["Infinite Blades","Well Laid Plans"],"picked":"Bane","floor":21},{"not_picked":["Noxious Fumes","Infinite Blades"],"picked":"Poisoned Stab","floor":24},{"not_picked":["Cloak And Dagger","Underhanded Strike"],"picked":"Flechettes","floor":25},{"not_picked":["Footwork","Bane"],"picked":"Bouncing Flask","floor":28},{"not_picked":["Glass Knife","Unload"],"picked":"Doppelganger","floor":33},{"not_picked":["Deflect","Calculated Gamble"],"picked":"Expertise","floor":35},{"not_picked":["Eviscerate","Flying Knee"],"picked":"Dash","floor":36},{"not_picked":["Leg Sweep","Skewer"],"picked":"Dodge and Roll","floor":38},{"not_picked":["Burst","Outmaneuver"],"picked":"Catalyst","floor":42},{"not_picked":["Eviscerate","Quick Slash"],"picked":"Outmaneuver","floor":45}],"player_experience":120956,"potions_floor_usage":[7,16,16,21,25,28,31,31,33,33,33,36,38,42,44,45,45,46,46],"damage_taken":[{"damage":0,"enemies":"2 Louse","floor":1,"turns":4},{"damage":0,"enemies":"Cultist","floor":3,"turns":3},{"damage":2,"enemies":"Jaw Worm","floor":5,"turns":5},{"damage":4,"enemies":"3 Sentries","floor":7,"turns":7},{"damage":0,"enemies":"Large Slime","floor":10,"turns":4},{"damage":5,"enemies":"Exordium Thugs","floor":14,"turns":3},{"damage":13,"enemies":"Slime Boss","floor":16,"turns":9},{"damage":16,"enemies":"2 Thieves","floor":18,"turns":4},{"damage":10,"enemies":"Shell Parasite","floor":19,"turns":5},{"damage":11,"enemies":"Snecko","floor":21,"turns":5},{"damage":5,"enemies":"Snake Plant","floor":24,"turns":4},{"damage":23,"enemies":"Cultist and Chosen","floor":25,"turns":6},{"damage":1,"enemies":"Snecko","floor":28,"turns":5},{"damage":14,"enemies":"Centurion and Healer","floor":31,"turns":6},{"damage":80,"enemies":"Champ","floor":33,"turns":13},{"damage":1,"enemies":"Orb Walker","floor":35,"turns":2},{"damage":24,"enemies":"3 Darklings","floor":36,"turns":9},{"damage":26,"enemies":"Sphere and 2 Shapes","floor":38,"turns":16},{"damage":1,"enemies":"4 Shapes","floor":42,"turns":6},{"damage":11,"enemies":"3 Darklings","floor":44,"turns":5},{"damage":18,"enemies":"Maw","floor":45,"turns":7},{"damage":47,"enemies":"2 Orb Walkers","floor":46,"turns":5}],"event_choices":[{"event_name":"Upgrade Shrine","player_choice":"Upgraded","floor":2,"damage_taken":0},{"event_name":"Golden Idol","player_choice":"Lose Max HP","floor":4,"damage_taken":0},{"event_name":"Living Wall","player_choice":"Change","floor":12,"damage_taken":0},{"event_name":"Golden Wing","player_choice":"Card Removal","floor":13,"damage_taken":0},{"event_name":"Forgotten Altar","player_choice":"Gave Idol","floor":20,"damage_taken":0},{"event_name":"Vampires","player_choice":"Became a vampire","floor":27,"damage_taken":0},{"event_name":"Drug Dealer","player_choice":"Ignored","floor":29,"damage_taken":0},{"event_name":"Match and Keep!","player_choice":"4 cards matched","floor":37,"damage_taken":0},{"event_name":"Match and Keep!","player_choice":"4 cards matched","floor":37,"damage_taken":0},{"event_name":"Mysterious Sphere","player_choice":"Ignore","floor":41,"damage_taken":0}],"boss_relics":[{"not_picked":["Eternal Feather","Velvet Choker"],"picked":"Lizard Tail"},{"not_picked":["Sozu","Tiny House"],"picked":"Astrolabe"}],"potions_floor_spawned":[1,7,10,14,19,24,33,35],"seed_played":"4278645921027018231","killed_by":"2 Orb Walkers","ascension_level":0,"is_trial":false}