{"gold_per_floor":[362,376,216,216,236,236,266,266,266,283,294,294,306,26,26,99,99,117,67,67,4,4,16,28,40,75,97,120,145,175,112,112,112],"floor_reached":33,"playtime":1524,"items_purged":["Strike_B","Defend_B","Strike_B","Strike_B"],"score":445,"play_id":"3e926608-942c-4ae4-9ac8-de2f193f0961","local_time":"20180923205055","is_ascension_mode":true,"campfire_choices":[{"data":"Static Discharge","floor":6,"key":"SMITH"},{"floor":12,"key":"REST"},{"floor":15,"key":"REST"},{"data":"Self Repair","floor":23,"key":"SMITH"},{"data":"Dualcast","floor":25,"key":"SMITH"},{"floor":32,"key":"REST"}],"neow_cost":"CURSE","seed_source_timestamp":719443988880736,"circlet_count":0,"master_deck":["Strike_B","Defend_B","Defend_B","Defend_B","Zap","Dualcast+1","AscendersBane","Melter","Ball Lightning","Static Discharge+1","Reinforced Body","Self Repair+1","Electrodynamics","White Noise","Glacier","Capacitor","Glacier+1"],"relics":["Cracked Core","Mango","Mummified Hand","Membership Card","Sozu","MawBank","Orichalcum"],"potions_floor_usage":[7,29],"damage_taken":[{"damage":10,"enemies":"Small Slimes","floor":1,"turns":3},{"damage":6,"enemies":"Jaw Worm","floor":2,"turns":3},{"damage":16,"enemies":"2 Louse","floor":5,"turns":2},{"damage":41,"enemies":"Lagavulin","floor":7,"turns":6},{"damage":9,"enemies":"Red Slaver","floor":10,"turns":3},{"damage":8,"enemies":"Blue Slaver","floor":11,"turns":3},{"damage":12,"enemies":"Exordium Wildlife","floor":13,"turns":3},{"damage":38,"enemies":"Slime Boss","floor":16,"turns":10},{"damage":13,"enemies":"3 Byrds","floor":18,"turns":4},{"damage":16,"enemies":"Shell Parasite","floor":27,"turns":2},{"damage":22,"enemies":"Shelled Parasite and Fungi","floor":28,"turns":4},{"damage":32,"enemies":"Snecko","floor":29,"turns":5},{"damage":19,"enemies":"Chosen and Byrds","floor":30,"turns":6},{"damage":59,"enemies":"Champ","floor":33,"turns":14}],"seed_played":"-496549319938669704","potions_obtained":[{"floor":2,"key":"Energy Potion"},{"floor":5,"key":"SkillPotion"}],"is_trial":false,"path_per_floor":["M","M","$","?","M","R","E","?","T","M","M","R","M","$","R","B",null,"M","$","?","$","T","R","$","R","T","M","M","M","M","$","R"],"character_chosen":"DEFECT","items_purchased":["Static Discharge","Membership Card","Self Repair"],"campfire_rested":3,"item_purchase_floors":[3,14,14],"current_hp_per_floor":[54,48,48,71,55,55,28,21,21,12,4,29,17,17,42,11,67,61,61,61,61,61,61,61,61,61,55,43,21,12,12,37,0],"gold":112,"neow_bonus":"TWO_FIFTY_GOLD","is_prod":false,"is_daily":false,"chose_seed":false,"campfire_upgraded":3,"win_rate":0,"timestamp":1537728655,"path_taken":["M","M","$","?","?","R","E","?","T","M","M","R","M","$","R","BOSS","M","$","?","?","?","R","$","R","T","M","?","M","?","$","R","BOSS"],"build_version":"2018-09-20","purchased_purges":4,"victory":false,"max_hp_per_floor":[71,71,71,71,71,71,85,85,85,85,85,85,85,85,85,85,85,85,85,85,85,85,85,85,85,85,85,85,85,85,85,85,85],"card_choices":[{"not_picked":["Leap","Doom and Gloom"],"picked":"Melter","floor":1},{"not_picked":["Compile Driver","Glacier"],"picked":"Ball Lightning","floor":2},{"not_picked":["Loop","Turbo"],"picked":"Reinforced Body","floor":5},{"not_picked":["Lockon","Stack","Rebound"],"picked":"SKIP","floor":7},{"not_picked":["Hologram","Compile Driver","Storm"],"picked":"SKIP","floor":10},{"not_picked":["Gash","Streamline","Compile Driver"],"picked":"SKIP","floor":11},{"not_picked":["Compile Driver","Rip and Tear","Beam Cell"],"picked":"SKIP","floor":13},{"not_picked":["Reboot","Buffer"],"picked":"Electrodynamics","floor":16},{"not_picked":["Gash","Storm","Streamline"],"picked":"SKIP","floor":18},{"not_picked":["Streamline","Beam Cell+1"],"picked":"White Noise","floor":27},{"not_picked":["Barrage","Chill"],"picked":"Glacier","floor":28},{"not_picked":["FTL","Sweeping Beam"],"picked":"Capacitor","floor":29},{"not_picked":["Cold Snap","Doom and Gloom"],"picked":"Glacier+1","floor":30}],"player_experience":590979,"relics_obtained":[{"floor":7,"key":"Mango"},{"floor":9,"key":"Mummified Hand"},{"floor":22,"key":"MawBank"},{"floor":26,"key":"Orichalcum"}],"event_choices":[{"event_name":"Big Fish","player_choice":"Banana","floor":4,"damage_taken":0},{"event_name":"Golden Wing","player_choice":"Card Removal","floor":8,"damage_taken":0},{"event_name":"Beggar","player_choice":"Ignored","floor":20,"damage_taken":0}],"is_beta":false,"boss_relics":[{"not_picked":["Calling Bell","Lizard Tail"],"picked":"Sozu"}],"items_purged_floors":[3,19,21,31],"is_endless":false,"potions_floor_spawned":[2,5,28,29],"killed_by":"Champ","ascension_level":16}