{"gold_per_floor":[12,12,67,67,117,117,117,127,174,174,199,199,209,23,23,23],"floor_reached":16,"playtime":354,"items_purged":[],"score":154,"play_id":"0333a285-c872-41bd-913f-dda091c8b629","local_time":"20190206215558","is_ascension_mode":true,"campfire_choices":[{"data":"Zap","floor":6,"key":"SMITH"},{"floor":10,"key":"REST"},{"floor":12,"key":"REST"},{"data":"Defragment","floor":15,"key":"SMITH"}],"neow_cost":"NO_GOLD","seed_source_timestamp":1665006269203970,"circlet_count":0,"master_deck":["AscendersBane","Strike_B","Strike_B","Defend_B","Defend_B","Defend_B+1","Zap+1","Dualcast","Sweeping Beam+1","Defragment+1","Steam","Loop"],"relics":["Cracked Core","Tiny Chest","Blood Vial","Strawberry","Pen Nib","Nunchaku","DataDisk"],"potions_floor_usage":[11,16],"damage_taken":[{"damage":7,"enemies":"Jaw Worm","floor":1,"turns":3},{"damage":0,"enemies":"Small Slimes","floor":8,"turns":2},{"damage":28,"enemies":"Gremlin Nob","floor":11,"turns":4},{"damage":7,"enemies":"2 Louse","floor":13,"turns":2},{"damage":56,"enemies":"Slime Boss","floor":16,"turns":7}],"seed_played":"-2579641653104398792","potions_obtained":[{"floor":8,"key":"Weak Potion"},{"floor":13,"key":"Block Potion"}],"is_trial":false,"path_per_floor":["M","?","T","?","T","R","?","M","T","R","E","R","M","$","R","B"],"character_chosen":"DEFECT","items_purchased":["DataDisk","Loop"],"campfire_rested":2,"item_purchase_floors":[14,14],"current_hp_per_floor":[61,54,54,42,49,49,33,35,35,59,33,57,52,52,52,0],"gold":23,"neow_bonus":"REMOVE_TWO","is_prod":false,"is_daily":false,"chose_seed":false,"campfire_upgraded":2,"win_rate":0,"timestamp":1549518958,"path_taken":["M","?","?","?","?","R","?","?","T","R","E","R","M","$","R","BOSS"],"build_version":"2019-01-23","purchased_purges":0,"victory":false,"max_hp_per_floor":[75,75,75,75,82,82,82,82,82,82,82,82,82,82,82,82],"card_choices":[{"not_picked":["Steam","Conserve Battery"],"picked":"Sweeping Beam","floor":1},{"not_picked":["Consume","Redo","Reprogram"],"picked":"SKIP","floor":8},{"not_picked":["Storm","Rebound"],"picked":"Defragment","floor":11},{"not_picked":["Compile Driver","Streamline"],"picked":"Steam","floor":13}],"player_experience":626200,"relics_obtained":[{"floor":3,"key":"Tiny Chest"},{"floor":5,"key":"Strawberry"},{"floor":9,"key":"Pen Nib"},{"floor":11,"key":"Nunchaku"}],"event_choices":[{"cards_removed":["Defend_B"],"damage_healed":0,"gold_gain":0,"player_choice":"Card Removal","damage_taken":7,"max_hp_gain":0,"max_hp_loss":0,"event_name":"Golden Wing","floor":2,"gold_loss":0},{"damage_healed":0,"gold_gain":0,"player_choice":"Success","damage_taken":12,"relics_obtained":["Blood Vial"],"max_hp_gain":0,"max_hp_loss":0,"event_name":"Scrap Ooze","floor":4,"gold_loss":0},{"damage_healed":0,"gold_gain":0,"player_choice":"Entered Light","damage_taken":16,"max_hp_gain":0,"max_hp_loss":0,"event_name":"Shining Light","floor":7,"gold_loss":0,"cards_upgraded":["Sweeping Beam","Defend_B"]}],"is_beta":false,"boss_relics":[],"items_purged_floors":[],"is_endless":false,"potions_floor_spawned":[8,13],"killed_by":"Slime Boss","ascension_level":12}