{"path_per_floor":["M","?","M","M","?","E","R","$","T","M","E","$","M","M","R","B",null,"M","?","M","?","$"],"character_chosen":"IRONCLAD","items_purchased":["Shrug It Off","Panache","Shrug It Off","War Paint"],"gold_per_floor":[110,110,130,144,244,272,272,28,28,48,74,74,86,106,106,207,207,226,226,242,242,46],"floor_reached":23,"campfire_rested":1,"playtime":1319,"current_hp_per_floor":[80,80,74,71,71,62,80,80,80,80,70,70,74,80,80,44,80,64,64,54,80,80],"items_purged":[],"gold":46,"score":201,"play_id":"31d5999d-3d15-4648-85e0-4b3cb0e067b4","local_time":"20180318002731","is_prod":false,"is_daily":false,"is_ascension_mode":false,"campfire_upgraded":1,"timestamp":1521332851,"path_taken":["M","?","M","M","?","E","R","?","T","?","E","$","M","M","R","BOSS","M","?","M","?","$","E"],"build_version":"2018-03-15v2","purchased_purges":0,"victory":false,"master_deck":["Strike_R","Strike_R","Strike_R","Strike_R","Strike_R","Defend_R+1","Defend_R","Defend_R","Defend_R","Bash","Anger+1","Iron Wave","Pommel Strike","Anger+1","Shrug It Off+1","Panache","Rampage","Battle Trance+1","Iron Wave","Double Tap+1","Iron Wave","Rampage","Shrug It Off+1"],"max_hp_per_floor":[80,80,80,80,80,80,80,80,80,80,80,80,80,80,80,80,80,80,80,80,80,80],"relics":["Burning Blood","Unceasing Top","Gremlin Horn","Toxic Egg 2","White Beast Statue","War Paint"],"card_choices":[{"not_picked":["Rupture","Thunderclap"],"picked":"Battle Trance"},{"not_picked":["True Grit","Seeing Red"],"picked":"Anger"},{"not_picked":["Searing Blow","Battle Trance"],"picked":"Iron Wave"},{"not_picked":["Bloodletting","Cleave"],"picked":"Pommel Strike"},{"not_picked":["Clash","Reaper"],"picked":"Anger"},{"not_picked":["Bloodletting","Clothesline"],"picked":"Rampage"},{"not_picked":["Dropkick","Sword Boomerang"],"picked":"Battle Trance"},{"not_picked":["Second Wind","Feel No Pain"],"picked":"Iron Wave"},{"not_picked":["Impervious","Reaper"],"picked":"Double Tap"},{"not_picked":["Perfected Strike","Shockwave"],"picked":"Iron Wave"},{"not_picked":["Fire Breathing","Iron Wave"],"picked":"Rampage"}],"player_experience":14269,"potions_floor_usage":[6,11,16,23,23],"damage_taken":[{"damage":6,"enemies":"Cultist","floor":1,"turns":3},{"damage":12,"enemies":"Jaw Worm","floor":3,"turns":4},{"damage":9,"enemies":"Small Slimes","floor":4,"turns":3},{"damage":15,"enemies":"3 Sentries","floor":6,"turns":7},{"damage":4,"enemies":"Exordium Thugs","floor":10,"turns":4},{"damage":16,"enemies":"Gremlin Nob","floor":11,"turns":4},{"damage":2,"enemies":"Lots of Slimes","floor":13,"turns":2},{"damage":0,"enemies":"Blue Slaver","floor":14,"turns":3},{"damage":42,"enemies":"Hexaghost","floor":16,"turns":9},{"damage":22,"enemies":"Shell Parasite","floor":18,"turns":5},{"damage":16,"enemies":"Chosen","floor":20,"turns":5},{"damage":81,"enemies":"Gremlin Leader","floor":23,"turns":5}],"event_choices":[{"event_name":"Upgrade Shrine","player_choice":"Upgraded","floor":2,"damage_taken":0},{"event_name":"Wheel of Change","player_choice":"Gold","floor":5,"damage_taken":0},{"event_name":"Drug Dealer","player_choice":"Ignored","floor":19,"damage_taken":0},{"event_name":"Bonfire Elementals","player_choice":"UNCOMMON","floor":21,"damage_taken":0}],"boss_relics":[{"not_picked":["Runic Pyramid","Tiny House"],"picked":"White Beast Statue"}],"potions_floor_spawned":[3,6,10,18,20],"seed_played":"7506856378238163219","killed_by":"Gremlin Leader","ascension_level":0,"is_trial":false}