{"gold_per_floor":[114,129,144,159,33,63,78,78,78,93,123,123,138,168,168,268,268,283,298,10,10,25,55,97,109,146,188,200,162,177,277,277,377,377,392,222,222,222,322,352,367,198,198,198,228,228,258,273,273,273],"floor_reached":51,"playtime":3178,"items_purged":["Strike_G","Strike_G","Strike_G","Strike_G"],"score":1038,"play_id":"38b88b65-d43b-4391-bc00-5862acbf1e4e","local_time":"20190211171534","daily_mods":["Specialized","Vintage","Terminal"],"is_ascension_mode":false,"campfire_choices":[{"data":"Blade Dance","floor":8.0,"key":"SMITH"},{"data":"Cloak And Dagger","floor":12.0,"key":"SMITH"},{"data":"Crippling Poison","floor":15.0,"key":"SMITH"},{"data":"Crippling Poison","floor":25,"key":"SMITH"},{"data":"Envenom","floor":28,"key":"SMITH"},{"data":"Crippling Poison","floor":32,"key":"SMITH"},{"data":"Burst","floor":44,"key":"SMITH"},{"floor":46,"key":"DIG"},{"data":"Catalyst","floor":49,"key":"SMITH"}],"neow_cost":"","seed_source_timestamp":0,"circlet_count":0,"master_deck":["Defend_G","Defend_G","Defend_G","Defend_G","Defend_G","Survivor","Neutralize","Crippling Poison","Crippling Poison+1","Crippling Poison+1","Crippling Poison+1","Crippling Poison+1","Blade Dance+1","Cloak And Dagger+1","Acrobatics","Corpse Explosion+1","Heel Hook","Finisher","Blade Dance+1","Envenom+1","Burst+1","Flash of Steel","Backflip+1","Noxious Fumes","Noxious Fumes","Dodge and Roll+1","Catalyst+1"],"special_seed":17938,"relics":["Ring of the Snake","Tingsha","Mummified Hand","Shuriken","Torii","WingedGreaves","Shovel","Meat on the Bone","Snake Skull","Question Card","Letter Opener","Smiling Mask","White Beast Statue","Juzu Bracelet","Bag of Preparation","Paper Crane","Bottled Flame","MawBank","Orichalcum","Potion Belt","Happy Flower","Matryoshka","Ginger","Blue Candle","Black Star","The Courier","War Paint","Molten Egg 2","Mercury Hourglass","Omamori","Pen Nib","Incense Burner","Oddly Smooth Stone","Frozen Egg 2","Regal Pillow","Dream Catcher","Bag of Marbles","Dodecahedron"],"potions_floor_usage":[33,33,33,40,40,45,50,50],"damage_taken":[{"damage":1.0,"enemies":"Cultist","floor":1.0,"turns":4.0},{"damage":0.0,"enemies":"Jaw Worm","floor":2.0,"turns":4.0},{"damage":0.0,"enemies":"2 Louse","floor":3.0,"turns":2.0},{"damage":7.0,"enemies":"Large Slime","floor":4.0,"turns":9.0},{"damage":3.0,"enemies":"Lagavulin","floor":6.0,"turns":9.0},{"damage":1.0,"enemies":"Gremlin Gang","floor":7.0,"turns":3.0},{"damage":2.0,"enemies":"2 Fungi Beasts","floor":10.0,"turns":4.0},{"damage":2.0,"enemies":"3 Sentries","floor":11.0,"turns":5.0},{"damage":1.0,"enemies":"Blue Slaver","floor":13.0,"turns":3.0},{"damage":3.0,"enemies":"Gremlin Nob","floor":14.0,"turns":5.0},{"damage":2.0,"enemies":"The Guardian","floor":16.0,"turns":12.0},{"damage":0.0,"enemies":"3 Byrds","floor":18.0,"turns":3.0},{"damage":2.0,"enemies":"2 Thieves","floor":19.0,"turns":4.0},{"damage":0,"enemies":"Centurion and Healer","floor":22,"turns":5},{"damage":4,"enemies":"Gremlin Leader","floor":23,"turns":5},{"damage":3,"enemies":"Book of Stabbing","floor":24,"turns":6},{"damage":2,"enemies":"Gremlin Leader","floor":27,"turns":5},{"damage":0,"enemies":"3 Cultists","floor":30,"turns":3},{"damage":0,"enemies":"Colosseum Slavers","floor":31,"turns":3},{"damage":1,"enemies":"Colosseum Nobs","floor":31,"turns":4},{"damage":1,"enemies":"Collector","floor":33,"turns":5},{"damage":2,"enemies":"3 Darklings","floor":35,"turns":4},{"damage":0,"enemies":"Nemesis","floor":40,"turns":5},{"damage":0,"enemies":"Orb Walker","floor":41,"turns":3},{"damage":0,"enemies":"Reptomancer","floor":45,"turns":4},{"damage":0,"enemies":"Nemesis","floor":47,"turns":5},{"damage":0,"enemies":"Sphere and 2 Shapes","floor":48,"turns":3},{"damage":0,"enemies":"Donu and Deca","floor":50,"turns":5}],"seed_played":"6339212738474030288","potions_obtained":[{"floor":3.0,"key":"Fire Potion"},{"floor":7.0,"key":"SpeedPotion"},{"floor":14.0,"key":"Fire Potion"},{"floor":18.0,"key":"AttackPotion"},{"floor":19.0,"key":"Poison Potion"},{"floor":24,"key":"Strength Potion"},{"floor":27,"key":"SpeedPotion"},{"floor":30,"key":"Swift Potion"},{"floor":31,"key":"SkillPotion"},{"floor":33,"key":"EssenceOfSteel"},{"floor":35,"key":"SpeedPotion"},{"floor":40,"key":"Block Potion"},{"floor":41,"key":"Weak Potion"},{"floor":45,"key":"LiquidBronze"},{"floor":47,"key":"Regen Potion"},{"floor":48,"key":"GamblersBrew"}],"is_trial":false,"path_per_floor":["M","M","M","M","$","E","M","R","T","M","E","R","M","E","R","B",null,"M","M","$","?","M","E","E","R","T","E","R","$","M","?","R","B",null,"M","$","?","?","?","E","M","$","T","R","E","R","E","M","R","B",null],"character_chosen":"THE_SILENT","items_purchased":["Blade Dance","Paper Crane","Heel Hook","War Paint","Noxious Fumes","Noxious Fumes"],"campfire_rested":0,"item_purchase_floors":[5,20,20,36,42,42],"current_hp_per_floor":[68,67,66,59,59,56,55,55,55,53,51,51,50,47,47,45,52,51,49,49,48,47,43,40,40,40,38,38,38,38,37,37,36,35,33,33,32,31,30,29,28,27,26,25,24,23,22,21,20,19],"gold":273,"neow_bonus":"","is_prod":false,"is_daily":true,"chose_seed":false,"campfire_upgraded":8,"win_rate":0,"timestamp":1549934134,"path_taken":["M","M","M","M","$","E","M","R","T","M","E","R","M","E","R","BOSS","M","M","?","?","M","E","E","R","T","E","R","$","M","?","R","BOSS","M","$","?","?","?","E","M","$","T","R","E","R","E","M","R","BOSS"],"build_version":"2019-01-23","purchased_purges":4,"victory":true,"max_hp_per_floor":[68,67,66,65,64,63,62,61,60,59,58,57,56,55,54,53,52,51,50,49,48,47,46,45,44,43,42,41,40,39,38,37,36,35,34,33,32,31,30,29,28,27,26,25,24,23,22,21,20,19],"card_choices":[{"not_picked":["Bane","Poisoned Stab"],"picked":"Cloak And Dagger","floor":6.0},{"not_picked":["Deadly Poison","Concentrate"],"picked":"Acrobatics","floor":11.0},{"not_picked":["Backstab","Dagger Spray","Underhanded Strike","Prepared"],"picked":"SKIP","floor":14.0},{"not_picked":["Wraith Form v2","Venomology","Doppelganger"],"picked":"Corpse Explosion","floor":16.0},{"not_picked":["Prepared","Acrobatics","Poisoned Stab+1","Slice"],"picked":"SKIP","floor":23},{"not_picked":["Prepared","Backflip","Choke"],"picked":"Blade Dance+1","floor":24},{"not_picked":["Backstab","Dagger Throw","Underhanded Strike+1"],"picked":"Envenom","floor":27},{"not_picked":["Storm of Steel","Phantasmal Killer","Doppelganger"],"picked":"Burst","floor":33},{"not_picked":["Finesse","PanicButton","Jack Of All Trades"],"picked":"Flash of Steel","floor":38},{"not_picked":["Deflect","Crippling Poison+1","Dagger Spray"],"picked":"Backflip+1","floor":40},{"not_picked":["Accuracy+1","Poisoned Stab+1","Deadly Poison"],"picked":"Dodge and Roll+1","floor":45},{"not_picked":["Bane+1","Blade Dance","Slice+1"],"picked":"Catalyst","floor":47}],"player_experience":631692,"relics_obtained":[{"floor":1.0,"key":"Tingsha"},{"floor":2.0,"key":"Mummified Hand"},{"floor":3.0,"key":"Shuriken"},{"floor":4.0,"key":"Torii"},{"floor":6.0,"key":"WingedGreaves"},{"floor":7.0,"key":"Shovel"},{"floor":9.0,"key":"Meat on the Bone"},{"floor":10.0,"key":"Snake Skull"},{"floor":11.0,"key":"Question Card"},{"floor":13.0,"key":"Letter Opener"},{"floor":14.0,"key":"Smiling Mask"},{"floor":18.0,"key":"Juzu Bracelet"},{"floor":19.0,"key":"Bag of Preparation"},{"floor":22,"key":"Bottled Flame"},{"floor":23,"key":"MawBank"},{"floor":24,"key":"Orichalcum"},{"floor":26,"key":"Potion Belt"},{"floor":27,"key":"Happy Flower"},{"floor":30,"key":"Matryoshka"},{"floor":31,"key":"Ginger"},{"floor":31,"key":"Blue Candle"},{"floor":35,"key":"The Courier"},{"floor":40,"key":"Molten Egg 2"},{"floor":40,"key":"Mercury Hourglass"},{"floor":41,"key":"Omamori"},{"floor":43,"key":"Pen Nib"},{"floor":43,"key":"Incense Burner"},{"floor":45,"key":"Oddly Smooth Stone"},{"floor":45,"key":"Frozen Egg 2"},{"floor":46,"key":"Regal Pillow"},{"floor":47,"key":"Dream Catcher"},{"floor":47,"key":"Bag of Marbles"},{"floor":48,"key":"Dodecahedron"}],"event_choices":[{"damage_healed":0,"gold_gain":0,"cards_transformed":["Strike_G"],"player_choice":"Transformed","damage_taken":0,"max_hp_gain":0,"max_hp_loss":0,"event_name":"Transmorgrifier","floor":21,"gold_loss":0,"cards_obtained":["Finisher"]},{"damage_healed":0,"gold_gain":0,"player_choice":"Fight","damage_taken":0,"max_hp_gain":0,"max_hp_loss":0,"event_name":"Colosseum","floor":31,"gold_loss":0},{"damage_healed":0,"gold_gain":0,"player_choice":"Fought Nobs","damage_taken":0,"max_hp_gain":0,"max_hp_loss":0,"event_name":"Colosseum","floor":31,"gold_loss":0},{"damage_healed":0,"gold_gain":0,"player_choice":"Ignored","damage_taken":0,"max_hp_gain":0,"max_hp_loss":0,"event_name":"Tomb of Lord Red Mask","floor":37,"gold_loss":0},{"damage_healed":0,"gold_gain":0,"player_choice":"Memory 1","damage_taken":0,"max_hp_gain":0,"max_hp_loss":0,"event_name":"SensoryStone","floor":38,"gold_loss":0},{"damage_healed":0,"gold_gain":100,"player_choice":"Pray","damage_taken":0,"max_hp_gain":0,"max_hp_loss":0,"event_name":"Golden Shrine","floor":39,"gold_loss":0}],"is_beta":false,"boss_relics":[{"not_picked":["Runic Pyramid","Runic Dome"],"picked":"White Beast Statue"},{"not_picked":["Snecko Eye","Lizard Tail"],"picked":"Black Star"}],"items_purged_floors":[5,29,36,42],"is_endless":false,"potions_floor_spawned":[3,7,14,16,18,19,22,23,24,27,30,31,31,33,35,40,41,45,47,48],"ascension_level":0}