{"path_per_floor":["M","M","M","M","M","R","E","R","T","?","E","?","R","M","R","B",null,"M","$","?","M","M","R","E","R","T","?","M","?","R","M","R"],"character_chosen":"THE_SILENT","items_purchased":["Paper Crane","Dagger Throw"],"gold_per_floor":[116,127,138,158,173,173,198,198,198,148,177,177,177,193,193,290,290,301,38,38,52,66,66,129,129,129,129,146,146,146,156,156,156],"floor_reached":33,"campfire_rested":1,"playtime":1522,"item_purchase_floors":[19,19],"current_hp_per_floor":[76,76,76,76,66,66,53,53,53,53,53,46,46,46,46,17,77,70,70,70,50,45,45,14,14,14,14,8,8,31,31,31,0],"items_purged":[],"gold":156,"score":302,"play_id":"53cd0cfc-e5f7-4cb2-8084-afcff251030c","local_time":"20180602103406","is_prod":false,"is_daily":false,"chose_seed":false,"is_ascension_mode":false,"campfire_upgraded":7,"win_rate":0,"timestamp":1527950046,"campfire_choices":[{"data":"Neutralize","floor":6,"key":"SMITH"},{"data":"Dagger Spray","floor":8,"key":"SMITH"},{"data":"Cloak And Dagger","floor":13,"key":"SMITH"},{"data":"Sucker Punch","floor":15,"key":"SMITH"},{"data":"Dagger Throw","floor":23,"key":"SMITH"},{"data":"Deadly Poison","floor":25,"key":"SMITH"},{"floor":30,"key":"REST"},{"data":"Defend_G","floor":32,"key":"SMITH"}],"path_taken":["M","M","M","M","M","R","E","R","T","?","E","?","R","M","R","BOSS","M","$","?","?","M","R","E","R","T","?","M","?","R","M","R","BOSS"],"build_version":"2018-05-30v2","seed_source_timestamp":1061894159372,"purchased_purges":0,"victory":false,"master_deck":["Defend_G","Defend_G","Defend_G+1","Strike_G","Strike_G","Strike_G","Strike_G","Survivor","Neutralize+1","Dagger Spray+1","Deadly Poison+1","Sucker Punch+1","Backflip","Cloak And Dagger+1","Prepared","Dagger Throw+1","Normality","Bane+1","Bane+1","Cloak And Dagger+1","Cloak And Dagger+1","Poisoned Stab+1"],"max_hp_per_floor":[77,77,77,77,77,77,77,77,77,77,77,77,77,77,77,77,77,77,77,77,77,77,77,77,77,77,77,77,77,77,77,77,77],"relics":["Ring of the Snake","Lantern","Ancient Tea Set","Boot","Lizard Tail","Paper Crane","Molten Egg 2","Tiny Chest","Blue Candle"],"card_choices":[{"not_picked":["Prepared","Deadly Poison"],"picked":"Dagger Spray","floor":1},{"not_picked":["Sucker Punch","Dodge and Roll","Accuracy"],"picked":"SKIP","floor":2},{"not_picked":["Deflect","Finisher"],"picked":"Deadly Poison","floor":3},{"not_picked":["Flechettes","Skewer","Accuracy"],"picked":"SKIP","floor":4},{"not_picked":["After Image","Endless Agony"],"picked":"Sucker Punch","floor":5},{"not_picked":["Infinite Blades","Dagger Spray"],"picked":"Backflip","floor":7},{"not_picked":["Heel Hook","Dash"],"picked":"Cloak And Dagger","floor":11},{"not_picked":["Blur","Dagger Spray"],"picked":"Prepared","floor":14},{"not_picked":["Flying Knee","Masterful Stab","Caltrops"],"picked":"SKIP","floor":18},{"not_picked":["Poisoned Stab+1","Acrobatics"],"picked":"Bane+1","floor":21},{"not_picked":["Infinite Blades","Sucker Punch+1"],"picked":"Bane+1","floor":22},{"not_picked":["PiercingWail+1","Bouncing Flask"],"picked":"Cloak And Dagger+1","floor":24},{"not_picked":["Wraith Form v2","PiercingWail"],"picked":"Cloak And Dagger+1","floor":28},{"not_picked":["Outmaneuver","Dodge and Roll+1"],"picked":"Poisoned Stab+1","floor":31}],"player_experience":258784,"potions_floor_usage":[7,11,22,28,33,33],"damage_taken":[{"damage":1,"enemies":"Jaw Worm","floor":1,"turns":5},{"damage":0,"enemies":"2 Louse","floor":2,"turns":3},{"damage":0,"enemies":"Small Slimes","floor":3,"turns":4},{"damage":0,"enemies":"Blue Slaver","floor":4,"turns":4},{"damage":10,"enemies":"Gremlin Gang","floor":5,"turns":5},{"damage":13,"enemies":"Lagavulin","floor":7,"turns":8},{"damage":0,"enemies":"3 Sentries","floor":11,"turns":5},{"damage":0,"enemies":"Red Slaver","floor":14,"turns":2},{"damage":29,"enemies":"Hexaghost","floor":16,"turns":11},{"damage":7,"enemies":"Chosen","floor":18,"turns":4},{"damage":20,"enemies":"Spheric Guardian","floor":21,"turns":5},{"damage":5,"enemies":"Centurion and Healer","floor":22,"turns":6},{"damage":31,"enemies":"Gremlin Leader","floor":24,"turns":10},{"damage":6,"enemies":"3 Cultists","floor":28,"turns":4},{"damage":0,"enemies":"Chosen and Byrds","floor":31,"turns":4},{"damage":111,"enemies":"Automaton","floor":33,"turns":12}],"relics_obtained":[{"floor":7,"key":"Lantern"},{"floor":9,"key":"Ancient Tea Set"},{"floor":11,"key":"Boot"},{"floor":24,"key":"Tiny Chest"},{"floor":26,"key":"Blue Candle"}],"event_choices":[{"event_name":"The Cleric","player_choice":"Card Removal","floor":10,"damage_taken":0},{"event_name":"Golden Wing","player_choice":"Card Removal","floor":12,"damage_taken":0},{"event_name":"Accursed Blacksmith","player_choice":"Rummage","floor":20,"damage_taken":0},{"event_name":"Bonfire Elementals","player_choice":"BASIC","floor":27,"damage_taken":0},{"event_name":"Ghosts","player_choice":"Ignored","floor":29,"damage_taken":0}],"boss_relics":[{"not_picked":["Tiny House","Snecko Eye"],"picked":"Lizard Tail"}],"items_purged_floors":[],"potions_floor_spawned":[2,3,14,21,22,31],"seed_played":"8906427433133428238","killed_by":"Automaton","ascension_level":0,"potions_obtained":[{"floor":2,"key":"PowerPotion"},{"floor":3,"key":"Explosive Potion"},{"floor":14,"key":"Swift Potion"},{"floor":21,"key":"Weak Potion"},{"floor":22,"key":"FearPotion"},{"floor":31,"key":"AttackPotion"}],"is_trial":false}