{"path_per_floor":["M","$","?","?","?","M","R","E","T","T","M","R","$","?","R","B",null,"M","M","?","?","?","R","E","M","T","?","R","M","R","M","R","B",null,"M","?","?","?","?","E","R","?","T"],"character_chosen":"DEFECT","items_purchased":["Capacitor"],"gold_per_floor":[111,59,59,9,9,27,27,57,57,104,115,115,40,40,40,145,145,159,170,170,0,0,0,32,46,99,49,49,65,65,80,80,179,179,194,194,194,194,194,226,226,226,308,308],"floor_reached":44,"campfire_rested":3,"playtime":1806,"current_hp_per_floor":[69,69,69,69,69,69,69,57,57,57,57,57,57,57,57,41,75,74,70,70,70,70,70,31,15,15,15,37,18,40,39,61,3,75,55,55,55,46,46,44,44,44,44,0],"items_purged":["Strike_B"],"gold":308,"score":473,"play_id":"ee235637-2049-4bc3-95af-440f645f9f2b","local_time":"20180515173248","is_prod":false,"is_daily":false,"chose_seed":false,"is_ascension_mode":false,"campfire_upgraded":5,"timestamp":1526430768,"path_taken":["M","$","?","?","?","?","R","E","T","?","M","R","?","?","R","BOSS","M","M","?","?","?","R","E","M","T","?","R","M","R","M","R","BOSS","M","?","?","?","?","E","R","?","T","E"],"build_version":"2018-05-14","seed_source_timestamp":164390291041517,"purchased_purges":1,"victory":false,"master_deck":["Strike_B","Defend_B","Defend_B","Defend_B","Defend_B","Zap+1","Dualcast","Static Discharge+1","Capacitor+1","Coolheaded+1","Leap+1","Leap+1","Static Discharge+1","Conserve Battery","Static Discharge","Glacier","Sweeping Beam","Seek+1","Barrage+1","Blind","Madness","Madness","Force Field+1","Glacier","Writhe"],"max_hp_per_floor":[75,75,75,75,75,75,75,75,75,75,75,75,75,75,75,75,75,75,75,75,75,75,75,75,75,75,75,75,75,75,75,75,75,75,75,75,75,75,75,82,82,82,82,82],"relics":["Cracked Core","Matryoshka","Bronze Scales","Gremlin Horn","Orichalcum","Juzu Bracelet","Bag of Preparation","Inserter","Torii","Potion Belt","Cursed Key","Strawberry","Mummified Hand"],"card_choices":[{"not_picked":["Turbo","Barrage"],"picked":"Static Discharge","floor":1},{"not_picked":["Sweeping Beam","Melter"],"picked":"Coolheaded","floor":6},{"not_picked":["Glacier","Buffer"],"picked":"Leap","floor":8},{"not_picked":["Double Energy","Undo","Rebound"],"picked":"SKIP","floor":11},{"not_picked":["Stack","Sunder"],"picked":"Leap+1","floor":18},{"not_picked":["Leap","Hologram+1"],"picked":"Static Discharge","floor":19},{"not_picked":["Hologram+1","Steam+1"],"picked":"Conserve Battery","floor":24},{"not_picked":["Reprogram","Skim"],"picked":"Static Discharge","floor":25},{"not_picked":["Cold Snap","Stack"],"picked":"Glacier","floor":29},{"not_picked":["Rip and Tear","Steam Power+1"],"picked":"Sweeping Beam","floor":31},{"not_picked":["Hyperbeam","Buffer"],"picked":"Seek","floor":33},{"not_picked":["Sunder+1","Turbo"],"picked":"Barrage+1","floor":35},{"not_picked":["Deep Breath","Magnetism"],"picked":"Blind","floor":37},{"not_picked":["Double Energy","Biased Cognition"],"picked":"Force Field+1","floor":40}],"player_experience":94459,"potions_floor_usage":[33,33],"damage_taken":[{"damage":6,"enemies":"Jaw Worm","floor":1,"turns":4},{"damage":0,"enemies":"2 Louse","floor":6,"turns":3},{"damage":12,"enemies":"3 Sentries","floor":8,"turns":7},{"damage":0,"enemies":"Small Slimes","floor":11,"turns":3},{"damage":16,"enemies":"Hexaghost","floor":16,"turns":8},{"damage":1,"enemies":"Shell Parasite","floor":18,"turns":8},{"damage":4,"enemies":"Spheric Guardian","floor":19,"turns":6},{"damage":39,"enemies":"Gremlin Leader","floor":24,"turns":5},{"damage":16,"enemies":"Snake Plant","floor":25,"turns":3},{"damage":19,"enemies":"Sentry and Sphere","floor":29,"turns":4},{"damage":1,"enemies":"Snecko","floor":31,"turns":6},{"damage":58,"enemies":"Automaton","floor":33,"turns":7},{"damage":20,"enemies":"3 Darklings","floor":35,"turns":3},{"damage":9,"enemies":"Nemesis","floor":40,"turns":13},{"damage":56,"enemies":"2 Orb Walkers","floor":44,"turns":5}],"relics_obtained":[{"floor":8,"key":"Matryoshka"},{"floor":9,"key":"Bronze Scales"},{"floor":9,"key":"Gremlin Horn"},{"floor":10,"key":"Orichalcum"},{"floor":10,"key":"Juzu Bracelet"},{"floor":24,"key":"Torii"},{"floor":26,"key":"Potion Belt"},{"floor":40,"key":"Strawberry"},{"floor":43,"key":"Mummified Hand"}],"event_choices":[{"event_name":"Living Wall","player_choice":"Grow","floor":3,"damage_taken":0},{"event_name":"The Cleric","player_choice":"Card Removal","floor":4,"damage_taken":0},{"event_name":"Upgrade Shrine","player_choice":"Upgraded","floor":5,"damage_taken":0},{"event_name":"Dead Adventurer","player_choice":"Searched \u00271\u0027 times","floor":14,"damage_taken":0},{"event_name":"Ghosts","player_choice":"Ignored","floor":20,"damage_taken":0},{"event_name":"Masked Bandits","player_choice":"Paid Bandits 170 gold","floor":21,"damage_taken":0},{"event_name":"Drug Dealer","player_choice":"Ignored","floor":22,"damage_taken":0},{"event_name":"The Joust","player_choice":"Bet on Murderer","floor":27,"damage_taken":0},{"event_name":"SensoryStone","player_choice":"Memory 1","floor":37,"damage_taken":0},{"event_name":"Winding Halls","player_choice":"Embrace Madness","floor":38,"damage_taken":0},{"event_name":"SecretPortal","player_choice":"Rejected Portal.","floor":39,"damage_taken":0},{"event_name":"Duplicator","player_choice":"One dupe","floor":42,"damage_taken":0}],"boss_relics":[{"not_picked":["Sozu","Black Star"],"picked":"Inserter"},{"not_picked":["Runic Pyramid","Runic Dome"],"picked":"Cursed Key"}],"potions_floor_spawned":[1,6,16,25,29,31],"seed_played":"4263789221009564341","killed_by":"2 Orb Walkers","ascension_level":0,"potions_obtained":[{"floor":1,"key":"Dexterity Potion"},{"floor":6,"key":"EssenceOfSteel"},{"floor":16,"key":"SkillPotion"},{"floor":29,"key":"PowerPotion"},{"floor":31,"key":"GamblersBrew"}],"is_trial":false}