{"gold_per_floor":[116,132,151,129,79,112,112,127,207,238,238,257,314,7,7,7],"floor_reached":16,"playtime":549,"items_purged":[],"score":154,"play_id":"1e7905df-0aa9-428d-827a-af66c2b76d73","local_time":"20181205224401","is_ascension_mode":true,"campfire_choices":[{"floor":7,"key":"REST"},{"floor":11,"key":"REST"},{"floor":15,"key":"REST"}],"neow_cost":"NONE","seed_source_timestamp":704340365639331,"circlet_count":0,"master_deck":["Strike_B","Strike_B","Strike_B","Defend_B","Defend_B","Defend_B","Defend_B","Zap","Dualcast","Streamline","Rebound","Go for the Eyes","Rebound"],"relics":["Snecko Eye","Emotion Chip","Kunai","Bag of Marbles","Peace Pipe"],"potions_floor_usage":[10,10],"damage_taken":[{"damage":6,"enemies":"Cultist","floor":1,"turns":3},{"damage":5,"enemies":"Small Slimes","floor":2,"turns":3},{"damage":8,"enemies":"Jaw Worm","floor":3,"turns":4},{"damage":30,"enemies":"Lagavulin","floor":6,"turns":7},{"damage":4,"enemies":"2 Fungi Beasts","floor":8,"turns":2},{"damage":45,"enemies":"3 Sentries","floor":10,"turns":7},{"damage":0,"enemies":"Exordium Wildlife","floor":12,"turns":1},{"damage":57,"enemies":"Slime Boss","floor":16,"turns":8}],"seed_played":"-1941865404058369557","potions_obtained":[{"floor":1,"key":"LiquidBronze"},{"floor":3,"key":"Regen Potion"},{"floor":10,"key":"Explosive Potion"}],"is_trial":false,"path_per_floor":["M","M","M","?","?","E","R","M","T","E","R","M","?","$","R","B"],"character_chosen":"DEFECT","items_purchased":["Peace Pipe"],"campfire_rested":3,"item_purchase_floors":[14],"current_hp_per_floor":[62,57,49,49,49,19,41,37,37,7,29,29,29,29,51,0],"gold":7,"neow_bonus":"BOSS_RELIC","is_prod":false,"is_daily":false,"chose_seed":false,"campfire_upgraded":0,"win_rate":0,"timestamp":1544078641,"path_taken":["M","?","M","?","?","E","R","M","T","E","R","M","?","$","R","BOSS"],"build_version":"2018-11-15","purchased_purges":0,"victory":false,"max_hp_per_floor":[75,75,75,75,75,75,75,75,75,75,75,75,75,75,75,75],"card_choices":[{"not_picked":["Static Discharge","Compile Driver","Recycle"],"picked":"SKIP","floor":1},{"not_picked":["Barrage","Storm","Cold Snap"],"picked":"SKIP","floor":2},{"not_picked":["Skim","Cold Snap"],"picked":"Streamline","floor":3},{"not_picked":["Ball Lightning","Chaos"],"picked":"Rebound","floor":6},{"not_picked":["Turbo","Leap"],"picked":"Go for the Eyes","floor":8},{"not_picked":["Redo","Skim","Aggregate"],"picked":"SKIP","floor":10},{"not_picked":["Lockon","Force Field"],"picked":"Rebound","floor":12}],"player_experience":567464,"relics_obtained":[{"floor":6,"key":"Emotion Chip"},{"floor":9,"key":"Kunai"},{"floor":10,"key":"Bag of Marbles"}],"event_choices":[{"damage_healed":0,"gold_gain":0,"player_choice":"Left Gold","damage_taken":0,"max_hp_gain":0,"max_hp_loss":0,"event_name":"World of Goop","floor":4,"gold_loss":22},{"cards_removed":["Strike_B"],"damage_healed":0,"gold_gain":0,"player_choice":"Card Removal","damage_taken":0,"max_hp_gain":0,"max_hp_loss":0,"event_name":"The Cleric","floor":5,"gold_loss":50},{"damage_healed":0,"gold_gain":57,"player_choice":"Gained Gold","damage_taken":0,"max_hp_gain":0,"max_hp_loss":0,"event_name":"Golden Wing","floor":13,"gold_loss":0}],"is_beta":false,"boss_relics":[],"items_purged_floors":[],"is_endless":false,"potions_floor_spawned":[1,3,10],"killed_by":"Slime Boss","ascension_level":8}