{"gold_per_floor":[13,24,39,59,70,70,104,116,196,196,196],"floor_reached":11,"playtime":541,"items_purged":[],"score":142,"play_id":"d68ea363-4cd2-4dd7-b95b-3d9679615a86","local_time":"20180924011755","is_ascension_mode":true,"campfire_choices":[{"floor":6,"key":"REST"},{"floor":10,"key":"REST"}],"neow_cost":"NO_GOLD","seed_source_timestamp":736447609066185,"circlet_count":0,"master_deck":["Strike_B","Strike_B","Strike_B","Strike_B","Defend_B","Defend_B","Defend_B","Defend_B","Zap","Dualcast","AscendersBane","Gash","Gash","Static Discharge","Conserve Battery","Compile Driver"],"relics":["Cracked Core","Prayer Wheel","Question Card","Darkstone Periapt"],"potions_floor_usage":[5,7,7],"damage_taken":[{"damage":1,"enemies":"Cultist","floor":1,"turns":3},{"damage":4,"enemies":"Jaw Worm","floor":2,"turns":4},{"damage":4,"enemies":"Small Slimes","floor":3,"turns":4},{"damage":7,"enemies":"2 Fungi Beasts","floor":4,"turns":4},{"damage":18,"enemies":"Exordium Thugs","floor":5,"turns":6},{"damage":30,"enemies":"Lagavulin","floor":7,"turns":4},{"damage":14,"enemies":"Blue Slaver","floor":8,"turns":4},{"damage":40,"enemies":"3 Sentries","floor":11,"turns":5}],"seed_played":"7105718132702772216","potions_obtained":[{"floor":1,"key":"SpeedPotion"},{"floor":3,"key":"Strength Potion"},{"floor":5,"key":"Poison Potion"},{"floor":7,"key":"FairyPotion"}],"is_trial":false,"path_per_floor":["M","M","M","M","M","R","E","M","T","R"],"character_chosen":"DEFECT","items_purchased":[],"campfire_rested":2,"item_purchase_floors":[],"current_hp_per_floor":[63,59,55,48,30,51,21,7,7,28,0],"gold":196,"neow_bonus":"ONE_RARE_RELIC","is_prod":false,"is_daily":false,"chose_seed":false,"campfire_upgraded":0,"win_rate":0,"timestamp":1537744675,"path_taken":["M","M","M","M","?","R","E","?","T","R","E"],"build_version":"2018-09-20","purchased_purges":0,"victory":false,"max_hp_per_floor":[71,71,71,71,71,71,71,71,71,71,71],"card_choices":[{"not_picked":["Storm","Leap","Chill"],"picked":"SKIP","floor":1},{"not_picked":["Hologram","Leap","Stack"],"picked":"SKIP","floor":1},{"not_picked":["Doom and Gloom","Heatsinks","Fusion"],"picked":"SKIP","floor":2},{"not_picked":["Force Field","Scrape","Hologram"],"picked":"SKIP","floor":2},{"not_picked":["Sweeping Beam","Stack","Lockon"],"picked":"SKIP","floor":3},{"not_picked":["Barrage","Hello World","Steam"],"picked":"SKIP","floor":3},{"not_picked":["Force Field","Rebound","Beam Cell"],"picked":"SKIP","floor":4},{"not_picked":["Steam","Heatsinks","Seek"],"picked":"SKIP","floor":4},{"not_picked":["Steam Power","Chill"],"picked":"Gash","floor":5},{"not_picked":["Reprogram","White Noise"],"picked":"Gash","floor":5},{"not_picked":["Stack","Capacitor"],"picked":"Static Discharge","floor":7},{"not_picked":["Darkness","Streamline","Steam"],"picked":"Conserve Battery","floor":8},{"not_picked":["Beam Cell","Machine Learning","Go for the Eyes"],"picked":"Compile Driver","floor":8}],"player_experience":607091,"relics_obtained":[{"floor":7,"key":"Question Card"},{"floor":9,"key":"Darkstone Periapt"}],"event_choices":[],"is_beta":false,"boss_relics":[],"items_purged_floors":[],"is_endless":false,"potions_floor_spawned":[1,3,5,7],"killed_by":"3 Sentries","ascension_level":17}