{"gold_per_floor":[113,113,124,124,141,141,171,190,214,214,234,234,254,272,272,272],"floor_reached":16,"playtime":821,"items_purged":[],"score":172,"play_id":"cbe39731-9529-46d2-a64d-e31e8639605b","local_time":"20190115144950","is_ascension_mode":true,"campfire_choices":[{"data":"True Grit","floor":6.0,"key":"SMITH"},{"data":"Spot Weakness","floor":10,"key":"SMITH"},{"data":"Fiend Fire","floor":12,"key":"SMITH"},{"data":"Pommel Strike","floor":15,"key":"SMITH"}],"neow_cost":"NONE","seed_source_timestamp":0,"circlet_count":0,"master_deck":["AscendersBane","Strike_R","Strike_R","Strike_R","Strike_R","Strike_R","Defend_R","Defend_R","Defend_R","Defend_R","Bash+1","True Grit+1","Cleave","Fiend Fire+1","Spot Weakness+1","Iron Wave","Juggernaut","Pommel Strike+1"],"special_seed":0,"relics":["Burning Blood","Art of War","Oddly Smooth Stone","Bag of Preparation","Omamori"],"potions_floor_usage":[8,13,16],"damage_taken":[{"damage":14.0,"enemies":"Small Slimes","floor":1.0,"turns":5.0},{"damage":0.0,"enemies":"Jaw Worm","floor":3.0,"turns":4.0},{"damage":0.0,"enemies":"Cultist","floor":5.0,"turns":3.0},{"damage":56.0,"enemies":"3 Sentries","floor":7.0,"turns":16.0},{"damage":0,"enemies":"3 Louse","floor":8,"turns":4},{"damage":5,"enemies":"Looter","floor":11,"turns":2},{"damage":5,"enemies":"Exordium Wildlife","floor":13,"turns":3},{"damage":0,"enemies":"Blue Slaver","floor":14,"turns":1},{"damage":37,"enemies":"The Guardian","floor":16,"turns":8}],"seed_played":"-5013830601734531271","potions_obtained":[{"floor":1.0,"key":"Weak Potion"},{"floor":7,"key":"EssenceOfSteel"},{"floor":13,"key":"BloodPotion"}],"is_trial":false,"path_per_floor":["M","?","M","?","M","R","E","M","T","R","M","R","M","M","R","B"],"character_chosen":"IRONCLAD","items_purchased":[],"campfire_rested":0,"item_purchase_floors":[],"current_hp_per_floor":[64,52,58,58,64,64,14,20,20,20,21,21,22,28,28,0],"gold":272,"neow_bonus":"RANDOM_COMMON_RELIC","is_prod":false,"is_daily":false,"chose_seed":false,"campfire_upgraded":4,"win_rate":0,"timestamp":1547581790,"path_taken":["M","?","M","?","M","R","E","M","T","R","M","R","M","M","R","BOSS"],"build_version":"2019-01-10","purchased_purges":0,"victory":false,"max_hp_per_floor":[80,80,80,80,80,80,80,80,80,80,80,80,80,80,80,80],"card_choices":[{"not_picked":["Anger","Heavy Blade"],"picked":"True Grit","floor":1.0},{"not_picked":["Infernal Blade","Sword Boomerang"],"picked":"Cleave","floor":3.0},{"not_picked":["Clash","Perfected Strike","Reckless Charge"],"picked":"SKIP","floor":5.0},{"not_picked":["Anger","Armaments"],"picked":"Fiend Fire","floor":7},{"not_picked":["Warcry","Infernal Blade"],"picked":"Spot Weakness","floor":8},{"not_picked":["Rupture","Thunderclap"],"picked":"Iron Wave","floor":11},{"not_picked":["Warcry","Iron Wave"],"picked":"Juggernaut","floor":13},{"not_picked":["Iron Wave","Second Wind"],"picked":"Pommel Strike","floor":14}],"player_experience":458362,"relics_obtained":[{"floor":7,"key":"Bag of Preparation"},{"floor":9,"key":"Omamori"}],"event_choices":[{"damage_healed":0.0,"max_hp_gain":0.0,"max_hp_loss":0.0,"gold_gain":0.0,"event_name":"Scrap Ooze","player_choice":"Success","floor":2.0,"gold_loss":0.0,"damage_taken":12.0,"relics_obtained":["Oddly Smooth Stone"]},{"damage_healed":0.0,"max_hp_gain":0.0,"max_hp_loss":0.0,"gold_gain":0.0,"event_name":"Upgrade Shrine","player_choice":"Upgraded","floor":4.0,"gold_loss":0.0,"damage_taken":0.0,"cards_upgraded":["Bash"]}],"is_beta":false,"boss_relics":[],"items_purged_floors":[],"is_endless":false,"potions_floor_spawned":[1,7,13],"killed_by":"The Guardian","ascension_level":13}