{"gold_per_floor":[111,131,131,142,142,142,167,182,182,198,198,148,161,173,173,271,271,255,35,35,35,35,35,35,55,134,134,146,146,197,213,213,213],"floor_reached":33,"playtime":1248,"items_purged":["Strike_B"],"score":452,"play_id":"57a26127-4f44-49cf-b3a8-78dd3a1e0865","local_time":"20180919023447","is_ascension_mode":true,"campfire_choices":[{"data":"Dualcast","floor":6,"key":"SMITH"},{"floor":11,"key":"REST"},{"data":"Zap","floor":15,"key":"SMITH"},{"floor":23,"key":"REST"},{"data":"Static Discharge","floor":27,"key":"SMITH"},{"data":"Self Repair","floor":29,"key":"SMITH"},{"floor":32,"key":"REST"}],"neow_cost":"","seed_source_timestamp":308347355488056,"circlet_count":0,"master_deck":["Strike_B","Strike_B","Strike_B","Defend_B+1","Defend_B+1","Defend_B","Zap+1","Dualcast+1","AscendersBane","Go for the Eyes","Hologram","Go for the Eyes","Go for the Eyes","Beam Cell","Self Repair+1","Go for the Eyes","Static Discharge+1","Scrape","Go for the Eyes"],"relics":["Cracked Core","Cables","Meat on the Bone","Vajra","Nloth\u0027s Gift","Tiny Chest","War Paint"],"potions_floor_usage":[7,16,24,33],"damage_taken":[{"damage":1,"enemies":"2 Louse","floor":1,"turns":3},{"damage":0,"enemies":"Cultist","floor":2,"turns":3},{"damage":0,"enemies":"Jaw Worm","floor":4,"turns":3},{"damage":26,"enemies":"Gremlin Nob","floor":7,"turns":4},{"damage":4,"enemies":"Looter","floor":8,"turns":3},{"damage":8,"enemies":"3 Louse","floor":10,"turns":4},{"damage":12,"enemies":"Exordium Wildlife","floor":13,"turns":4},{"damage":6,"enemies":"Looter","floor":14,"turns":3},{"damage":42,"enemies":"Hexaghost","floor":16,"turns":9},{"damage":22,"enemies":"2 Thieves","floor":18,"turns":4},{"damage":0,"enemies":"Book of Stabbing","floor":24,"turns":1},{"damage":31,"enemies":"Shell Parasite","floor":25,"turns":5},{"damage":18,"enemies":"Snake Plant","floor":28,"turns":3},{"damage":16,"enemies":"Cultist and Chosen","floor":31,"turns":6},{"damage":83,"enemies":"Champ","floor":33,"turns":10}],"seed_played":"-548460936653502189","potions_obtained":[{"floor":1,"key":"EssenceOfSteel"},{"floor":3,"key":"SmokeBomb"},{"floor":3,"key":"FocusPotion"},{"floor":7,"key":"Ancient Potion"},{"floor":10,"key":"PowerPotion"},{"floor":31,"key":"Fire Potion"}],"is_trial":false,"path_per_floor":["M","M","?","M","?","R","E","M","T","M","R","?","M","M","R","B",null,"M","$","?","?","$","R","E","M","T","R","M","R","T","M","R"],"character_chosen":"DEFECT","items_purchased":["Vajra"],"campfire_rested":3,"item_purchase_floors":[19],"current_hp_per_floor":[67,67,67,67,72,72,46,42,42,46,70,70,65,66,66,43,71,56,56,56,56,56,80,80,56,56,56,57,57,57,51,75,0],"gold":213,"neow_bonus":"","is_prod":false,"is_daily":false,"chose_seed":false,"campfire_upgraded":4,"win_rate":0,"timestamp":1537317287,"path_taken":["M","M","?","M","?","R","E","M","T","M","R","?","M","?","R","BOSS","M","$","?","?","$","R","E","M","T","R","M","R","?","M","R","BOSS"],"build_version":"2018-09-06","purchased_purges":1,"victory":false,"max_hp_per_floor":[75,75,75,75,80,80,80,80,80,80,80,80,80,80,80,80,80,80,80,80,80,80,80,80,80,80,80,80,80,80,80,80,80],"card_choices":[{"not_picked":["Capacitor","Cold Snap"],"picked":"Go for the Eyes","floor":1},{"not_picked":["Stack","Barrage"],"picked":"Hologram","floor":2},{"not_picked":["Lockon","Darkness"],"picked":"Go for the Eyes","floor":4},{"not_picked":["Fission","Lockon"],"picked":"Go for the Eyes","floor":7},{"not_picked":["Aggregate","Loop"],"picked":"Beam Cell","floor":8},{"not_picked":["Turbo","Heatsinks"],"picked":"Self Repair","floor":10},{"not_picked":["Leap","Fusion","Stack"],"picked":"SKIP","floor":13},{"not_picked":["Redo","Leap"],"picked":"Go for the Eyes","floor":14},{"not_picked":["Storm","Reprogram"],"picked":"Static Discharge","floor":18},{"not_picked":["Heatsinks","Conserve Battery","Skim"],"picked":"SKIP","floor":25},{"not_picked":["Barrage","Leap"],"picked":"Scrape","floor":28},{"not_picked":["Hello World","Barrage"],"picked":"Go for the Eyes","floor":31}],"player_experience":384637,"relics_obtained":[{"floor":7,"key":"Cables"},{"floor":9,"key":"Meat on the Bone"},{"floor":26,"key":"Tiny Chest"},{"floor":30,"key":"War Paint"}],"event_choices":[{"event_name":"The Lab","player_choice":"Got Potions","floor":3,"damage_taken":0},{"event_name":"Big Fish","player_choice":"Donut","floor":5,"damage_taken":0},{"event_name":"The Cleric","player_choice":"Card Removal","floor":12,"damage_taken":0},{"event_name":"Vampires","player_choice":"Ignored","floor":20,"damage_taken":0},{"event_name":"N\u0027loth","player_choice":"Traded a Sozu","floor":21,"damage_taken":0}],"is_beta":false,"boss_relics":[{"not_picked":["Ectoplasm","Fusion Hammer"],"picked":"Sozu"}],"items_purged_floors":[19],"is_endless":false,"potions_floor_spawned":[1,4,7,10,14,31],"killed_by":"Champ","ascension_level":12}