{"gold_per_floor":[119,130,148,165,165,165,182,196,222,232,232,232,232,251,251,263,263,359,359,373,393,492,507,521,521,536,562,643,28,28,44,44,61,61,165,165,179,197,0,20,65,65,65],"floor_reached":43,"playtime":1940,"items_purged":["Slimebound:Grow"],"score":448,"play_id":"edc7ca32-0e8e-4107-8bb5-ae973b770b96","local_time":"20190314192152","is_ascension_mode":false,"campfire_choices":[{"data":"Slimebound:CorrosiveSpit","floor":6,"key":"SMITH"},{"floor":15,"key":"REST"},{"data":"Slimebound:SlimeBrawl","floor":25,"key":"PURGE"},{"floor":34,"key":"REST"},{"floor":42,"key":"REST"}],"neow_cost":"","seed_source_timestamp":90877009292766,"circlet_count":0,"master_deck":["Slimebound:Strike_Slimebound","Slimebound:Strike_Slimebound","Slimebound:Strike_Slimebound","Slimebound:Tackle","Slimebound:Defend_Slimebound","Slimebound:Defend_Slimebound+1","Slimebound:Defend_Slimebound","Slimebound:Split+1","Slimebound:CorrosiveSpit+1","Slimebound:FlameTackle+1","Slimebound:ViciousTackle","Slimebound:SlimeSpikes","Slimebound:CheckThePlaybook","Slimebound:SlimeSpikes","Slimebound:StudyTheSpire","Slimebound:SlimeSpikes","Slimebound:MassRepurpose","Slimebound:CheckThePlaybook","Slimebound:SamplingLick+1"],"relics":["Slimebound:AbsorbEndCombat","Slimebound:ScrapOozeRelic","Baseball","conspire:RoyalGoblet","Peace Pipe","Garlic","Strawberry","Replay:WaspNest","hubris:Backtick","TwistedFunnel","Red Mask","Mango"],"potions_floor_usage":[7,10,18,21,24,26,31,35,35],"damage_taken":[{"damage":9,"enemies":"Cultist","floor":1,"turns":2},{"damage":9,"enemies":"2 Louse","floor":2,"turns":1},{"damage":17,"enemies":"conspire:RoseBush","floor":3,"turns":2},{"damage":17,"enemies":"Looter","floor":4,"turns":3},{"damage":6,"enemies":"conspire:2 RoseBushes","floor":7,"turns":4},{"damage":6,"enemies":"Large Slime","floor":8,"turns":4},{"damage":20,"enemies":"Lots of Slimes","floor":10,"turns":3},{"damage":6,"enemies":"Blue Slaver","floor":14,"turns":2},{"damage":27,"enemies":"Large Slime","floor":16,"turns":4},{"damage":32,"enemies":"Hexaghost","floor":18,"turns":7},{"damage":14,"enemies":"Shell Parasite","floor":20,"turns":3},{"damage":30,"enemies":"2 Thieves","floor":21,"turns":5},{"damage":16,"enemies":"Shelled Parasite and Fungi","floor":23,"turns":5},{"damage":19,"enemies":"Snake Plant","floor":24,"turns":2},{"damage":35,"enemies":"3 Cultists","floor":26,"turns":5},{"damage":29,"enemies":"conspire:Head Lice","floor":27,"turns":6},{"damage":30,"enemies":"Sentry and Sphere","floor":31,"turns":5},{"damage":22,"enemies":"Snecko","floor":33,"turns":4},{"damage":25,"enemies":"conspire:MysteriousRune","floor":35,"turns":7},{"damage":28,"enemies":"3 Darklings","floor":37,"turns":5},{"damage":19,"enemies":"3 Shapes","floor":38,"turns":3},{"damage":26,"enemies":"3 Darklings","floor":40,"turns":5},{"damage":44,"enemies":"2 Orb Walkers","floor":41,"turns":4},{"damage":105,"enemies":"Giant Head","floor":43,"turns":7}],"seed_played":"-4192192333478891780","potions_obtained":[{"floor":1,"key":"Slimebound:SlimedPotion"},{"floor":7,"key":"Cursed Concoction"},{"floor":10,"key":"AttackPotion"},{"floor":18,"key":"Swift Potion"},{"floor":21,"key":"FearPotion"},{"floor":24,"key":"Slimebound:SpawnSlimePotion"},{"floor":27,"key":"Swift Potion"}],"is_trial":false,"path_per_floor":["M","M","M","M","?","R","M","M","T","M","?","PTL","PTL","M","R","M","R_BF","B",null,"M","M","?","M","M","R","M","E","T","$","?","M","$","M","R","B",null,"M","M","?","M","?","R","E"],"character_chosen":"SLIMEBOUND","items_purchased":["Slimebound:FlameTackle+1","Strawberry","Replay:WaspNest","Adrenaline Potion","Doom Potion"],"campfire_rested":3,"item_purchase_floors":[0,29,29,29,29],"current_hp_per_floor":[67,61,53,48,48,48,51,54,54,43,29,29,29,29,50,35,35,18,70,68,50,50,58,48,48,22,8,8,15,40,29,29,16,39,32,77,58,45,45,40,28,55,0],"gold":65,"neow_bonus":"","is_prod":false,"is_daily":false,"chose_seed":false,"campfire_upgraded":1,"win_rate":0,"timestamp":1552605712,"path_taken":["M","?","M","M","?","R","M","M","T","M","?","PTL","PTL","M","R","M","R_BF","BOSS","M","M","?","M","M","R","M","E","T","$","?","?","$","M","R","BOSS","M","M","?","M","?","R","E"],"build_version":"2019-01-23","purchased_purges":1,"victory":false,"max_hp_per_floor":[70,70,70,70,70,70,70,70,70,70,70,70,70,70,70,70,70,70,70,70,70,70,70,70,70,70,70,70,77,77,77,77,77,77,77,77,77,77,77,77,91,91,91],"card_choices":[{"not_picked":["Slimebound:HauntingLick","Slimebound:LeechEnergy","Slimebound:MinionMaster"],"picked":"SKIP","floor":1},{"not_picked":["Slimebound:SlimeSpikes","Slimebound:RollThrough"],"picked":"Slimebound:ViciousTackle","floor":2},{"not_picked":["Slimebound:TongueLash","Slimebound:SlimeBarrage"],"picked":"Slimebound:SlimeSpikes","floor":3},{"not_picked":["Slimebound:SplitLeeching","Slimebound:Lick"],"picked":"Slimebound:CheckThePlaybook","floor":4},{"not_picked":["Slimebound:SlimeTap","Slimebound:PoisonLick","Slimebound:SplitAcid"],"picked":"SKIP","floor":7},{"not_picked":["Slimebound:ViciousTackle","Slimebound:ServeAndProtect","Slimebound:LeechEnergy"],"picked":"SKIP","floor":8},{"not_picked":["Slimebound:GoopSpray","Slimebound:SplitBruiser"],"picked":"Slimebound:SlimeSpikes","floor":10},{"not_picked":["Slimebound:TendrilStrike","Slimebound:SplitMire"],"picked":"Slimebound:StudyTheSpire","floor":14},{"not_picked":["Slimebound:ComboTackle","Slimebound:SplitMire","Slimebound:SlimeSpikes"],"picked":"SKIP","floor":16},{"not_picked":["Slimebound:PrepareCrush","Slimebound:Overexert"],"picked":"Slimebound:SlimeBrawl","floor":18},{"not_picked":["Slimebound:VenomTackle","Slimebound:AcidGelatin","Slimebound:MinionMaster"],"picked":"SKIP","floor":20},{"not_picked":["Slimebound:VenomTackle","Slimebound:QuickStudy"],"picked":"Slimebound:SlimeSpikes","floor":21},{"not_picked":["Slimebound:PressTheAttack","Slimebound:ServeAndProtect","Slimebound:GrowthPunch"],"picked":"SKIP","floor":23},{"not_picked":["Slimebound:RollThrough","Slimebound:LeechingTouch","Slimebound:GoopTackle"],"picked":"SKIP","floor":24},{"not_picked":["Slimebound:Lick","Slimebound:TongueLash","Slimebound:LeechingTouch"],"picked":"SKIP","floor":26},{"not_picked":["Slimebound:SlimeTap","Slimebound:BestDefense"],"picked":"Slimebound:MassRepurpose","floor":27},{"not_picked":["Slimebound:PressTheAttack","Slimebound:SplitLeeching","Slimebound:GrowthPunch"],"picked":"SKIP","floor":31},{"not_picked":["Slimebound:LeechEnergy","Slimebound:FirmFortitude+1","Slimebound:Prepare+1"],"picked":"SKIP","floor":33},{"not_picked":["Slimebound:Overexert","Slimebound:AcidTongue"],"picked":"Slimebound:CheckThePlaybook","floor":35},{"not_picked":["Slimebound:LeechEnergy","Slimebound:FormOfPuddle"],"picked":"Slimebound:SamplingLick+1","floor":37},{"not_picked":["Slimebound:SlimeSpikes","Slimebound:GoopTackle","Slimebound:QuickStudy+1"],"picked":"SKIP","floor":38},{"not_picked":["Slimebound:FlameTackle","Slimebound:SplitLeeching+1","Slimebound:Gluttony"],"picked":"SKIP","floor":40}],"player_experience":774761,"relics_obtained":[{"floor":9,"key":"Baseball"},{"floor":27,"key":"Peace Pipe"},{"floor":28,"key":"Garlic"},{"floor":41,"key":"Mango"}],"event_choices":[{"damage_healed":0,"gold_gain":0,"player_choice":"Entered Light","damage_taken":14,"max_hp_gain":0,"max_hp_loss":0,"event_name":"Shining Light","floor":11,"gold_loss":0,"cards_upgraded":["Slimebound:Defend_Slimebound","Slimebound:Split"]},{"damage_healed":0,"gold_gain":99,"player_choice":"Stole From Cult","damage_taken":0,"max_hp_gain":0,"max_hp_loss":0,"event_name":"Nest","floor":22,"gold_loss":0},{"damage_healed":25,"gold_gain":0,"player_choice":"Heal","damage_taken":0,"max_hp_gain":0,"max_hp_loss":0,"event_name":"The Library","floor":30,"gold_loss":0},{"damage_healed":0,"gold_gain":0,"player_choice":"Paid","damage_taken":0,"relics_obtained":["Red Mask"],"max_hp_gain":0,"max_hp_loss":0,"event_name":"Tomb of Lord Red Mask","floor":39,"gold_loss":197},{"damage_healed":0,"gold_gain":0,"player_choice":"Fight","damage_taken":0,"max_hp_gain":0,"max_hp_loss":0,"event_name":"Mysterious Sphere","floor":41,"gold_loss":0}],"is_beta":false,"boss_relics":[{"not_picked":["hubris:BlackHole","hubris:TerracottaHorce"],"picked":"conspire:RoyalGoblet"},{"not_picked":["Runic Dome","Coffee Dripper"],"picked":"hubris:Backtick"}],"items_purged_floors":[29],"is_endless":false,"potions_floor_spawned":[1,7,10,18,21,24,27],"killed_by":"Giant Head","ascension_level":0}