{"path_per_floor":["M","M","?","?","M","M","E","R","T","E","M","M","R","T","R","B",null,"M","M","?","M","?","R","?","R","T","$","R","M","R","E","R","B",null,"M","?","?","$","$","R","M","R","T","E","?","R","$","M","R"],"character_chosen":"THE_SILENT","items_purchased":["Paper Crane","Bouncing Flask","Dramatic Entrance"],"gold_per_floor":[115,134,134,134,152,122,154,154,154,182,192,210,210,210,210,306,306,325,336,251,270,270,270,270,270,294,38,38,52,52,79,79,182,182,199,199,199,124,124,124,139,139,139,174,174,174,4,22,22],"floor_reached":50,"campfire_rested":0,"playtime":3869,"current_hp_per_floor":[68,68,68,61,61,61,31,31,31,25,36,43,43,43,43,17,70,60,52,52,52,52,52,52,52,52,52,52,45,45,39,39,41,70,66,56,56,56,56,68,66,70,70,66,66,70,70,54,68],"items_purged":["Pain"],"gold":22,"play_id":"adb22067-39f5-4204-b490-c44025c9d6cf","is_prod":false,"is_daily":false,"is_ascension_mode":false,"campfire_upgraded":9,"path_taken":["M","M","?","?","?","M","E","R","T","E","M","M","R","?","R","BOSS","M","M","?","M","?","R","?","R","T","$","R","?","R","E","R","BOSS","M","?","?","?","$","R","?","R","T","E","?","R","$","M","R","BOSS"],"build_version":"2018-01-25-PROD3","purchased_purges":1,"victory":false,"master_deck":["Defend_G","Defend_G","Defend_G","Defend_G","Defend_G","Strike_G","Strike_G","Strike_G","Survivor","Neutralize+1","Bane+1","Venomology+1","PiercingWail","Predator+1","Dagger Spray","Catalyst+1","Dagger Throw","Leg Sweep+1","Bullet Time+1","Masterful Stab+1","Slice+1","Distraction+1","Deadly Poison+1","Noxious Fumes+1","Footwork+1","Noxious Fumes+1","Dash","Terror+1","Adrenaline","Madness","Madness","Sucker Punch","Noxious Fumes","Deflect+1","Bouncing Flask+1","Dramatic Entrance","Bane+1"],"max_hp_per_floor":[70,70,70,70,70,70,70,70,70,70,70,70,70,70,70,70,70,70,70,70,70,70,70,70,70,70,70,70,70,70,70,70,70,70,70,70,70,70,70,70,70,70,70,70,70,70,70,70,70],"relics":["Ring of the Snake","Ancient Tea Set","Whetstone","Bottled Lightning","Meat on the Bone","Girya","Astrolabe","Thread and Needle","Regal Pillow","Paper Crane","Molten Egg","Eternal Feather","Omamori","Oddly Smooth Stone"],"card_choices":[{"not_picked":["Prepared","Masterful Stab"],"picked":"Bane"},{"not_picked":["Slice","Backstab"],"picked":"Venomology"},{"not_picked":["Well Laid Plans","Dodge and Roll"],"picked":"PiercingWail"},{"not_picked":["Backflip","Finisher"],"picked":"Predator"},{"not_picked":["PiercingWail","All Out Attack"],"picked":"Dagger Spray"},{"not_picked":["Bane","Doppelganger"],"picked":"Catalyst"},{"not_picked":["Outmaneuver","Blade Dance"],"picked":"Dagger Throw"},{"not_picked":["Dagger Throw","Malaise"],"picked":"Leg Sweep"},{"not_picked":["Corpse Explosion","Doppelganger"],"picked":"Bullet Time"},{"not_picked":["Bane","PiercingWail"],"picked":"Deadly Poison"},{"not_picked":["Eviscerate","Poisoned Stab"],"picked":"Noxious Fumes"},{"not_picked":["Well Laid Plans","Escape Plan"],"picked":"Footwork"},{"not_picked":["Deflect","Skewer"],"picked":"Dash"},{"not_picked":["Dodge and Roll","Slice"],"picked":"Terror"},{"not_picked":["Night Terror","Burst"],"picked":"Adrenaline"},{"not_picked":["Prepared","Deflect"],"picked":"Poisoned Stab"},{"not_picked":["Acrobatics","Deflect"],"picked":"Noxious Fumes"},{"not_picked":["Footwork","Sucker Punch"],"picked":"Deflect"},{"not_picked":["Malaise","Escape Plan"],"picked":"Bane"}],"player_experience":37566,"potions_floor_usage":[6,6,7,7,10,10,11,12,16,18,18,21,21,31,31,33,33,41,41,44,48,50,50,50],"damage_taken":[{"damage":2,"enemies":"Small Slimes","floor":1,"turns":3},{"damage":0,"enemies":"Blue Slaver","floor":2,"turns":6},{"damage":0,"enemies":"2 Louse","floor":5,"turns":4},{"damage":0,"enemies":"Looter","floor":6,"turns":4},{"damage":45,"enemies":"3 Sentries","floor":7,"turns":10},{"damage":18,"enemies":"Gremlin Nob","floor":10,"turns":5},{"damage":1,"enemies":"Lots of Slimes","floor":11,"turns":4},{"damage":5,"enemies":"Exordium Thugs","floor":12,"turns":3},{"damage":38,"enemies":"Hexaghost","floor":16,"turns":16},{"damage":10,"enemies":"Shell Parasite","floor":18,"turns":6},{"damage":8,"enemies":"Chosen","floor":19,"turns":4},{"damage":0,"enemies":"Snake Plant","floor":21,"turns":4},{"damage":7,"enemies":"3 Cultists","floor":29,"turns":3},{"damage":18,"enemies":"Slavers","floor":31,"turns":5},{"damage":25,"enemies":"Collector","floor":33,"turns":5},{"damage":4,"enemies":"Orb Walker","floor":35,"turns":3},{"damage":2,"enemies":"3 Shapes","floor":41,"turns":4},{"damage":4,"enemies":"Giant Head","floor":44,"turns":8},{"damage":16,"enemies":"Sphere and 2 Shapes","floor":48,"turns":4},{"damage":71,"enemies":"Donu and Deca","floor":50,"turns":5}],"event_choices":[{"event_name":"Big Fish","player_choice":"Box","floor":3,"damage_taken":0},{"event_name":"Golden Wing","player_choice":"Card Removal","floor":4,"damage_taken":0},{"event_name":"Addict","player_choice":"Obtained Relic","floor":20,"damage_taken":0},{"event_name":"The Library","player_choice":"Read","floor":22,"damage_taken":0},{"event_name":"Drug Dealer","player_choice":"Ignored","floor":24,"damage_taken":0},{"event_name":"Winding Halls","player_choice":"Embrace Madness","floor":36,"damage_taken":0},{"event_name":"Match and Keep!","player_choice":"2 cards matched","floor":37,"damage_taken":0},{"event_name":"Match and Keep!","player_choice":"2 cards matched","floor":37,"damage_taken":0}],"boss_relics":[{"not_picked":["Tiny House","Runic Pyramid"],"picked":"Astrolabe"},{"not_picked":["Question Card","Cursed Key"],"picked":"Eternal Feather"}],"potions_floor_spawned":[2,5,7,11,12,16,19,33,44],"seed_played":"1018480175000343387","killed_by":"Donu and Deca","ascension_level":0,"is_trial":false}