{"gold_per_floor":[114,114,128,128,146,180,180,214,214,228,228,247,121,141,141,215,215,230,320,335,44,44,44,64,64],"floor_reached":25,"playtime":1622,"items_purged":["Strike_B"],"score":419,"play_id":"54ebf827-152e-427d-8646-db2dfba6b26f","local_time":"20190107095735","is_ascension_mode":true,"campfire_choices":[{"floor":7,"key":"REST"},{"floor":11,"key":"REST"},{"floor":15,"key":"REST"},{"floor":23,"key":"REST"}],"neow_cost":"NONE","seed_source_timestamp":936318001572590,"circlet_count":0,"master_deck":["AscendersBane","Defend_B","Defend_B","Defend_B","Defend_B","Zap","Dualcast","Rainbow","Capacitor","Leap","FTL","Sweeping Beam","Defragment","Ball Lightning+1","Glacier","Conserve Battery","Loop","Echo Form","Creative AI","Go for the Eyes+1","Self Repair+1","Bite+1","Bite+1","Bite+1","Bite+1","Bite+1","Core Surge+1"],"relics":["Cracked Core","Omamori","Molten Egg 2","Cursed Key","OrangePellets"],"potions_floor_usage":[6,12,25],"damage_taken":[{"damage":7,"enemies":"Jaw Worm","floor":1,"turns":4},{"damage":5,"enemies":"Small Slimes","floor":3,"turns":6},{"damage":0,"enemies":"Cultist","floor":5,"turns":4},{"damage":19,"enemies":"Lagavulin","floor":6,"turns":10},{"damage":33,"enemies":"Gremlin Nob","floor":8,"turns":4},{"damage":4,"enemies":"Blue Slaver","floor":10,"turns":5},{"damage":27,"enemies":"Gremlin Gang","floor":12,"turns":4},{"damage":0,"enemies":"Large Slime","floor":14,"turns":4},{"damage":2,"enemies":"Hexaghost","floor":16,"turns":9},{"damage":18,"enemies":"Shell Parasite","floor":18,"turns":7},{"damage":7,"enemies":"Spheric Guardian","floor":20,"turns":4},{"damage":8,"enemies":"Snecko","floor":24,"turns":5},{"damage":65,"enemies":"Book of Stabbing","floor":25,"turns":6}],"seed_played":"-8468679944404473251","potions_obtained":[{"floor":1,"key":"Poison Potion"},{"floor":4,"key":"EntropicBrew"},{"floor":4,"key":"FairyPotion"},{"floor":5,"key":"Strength Potion"},{"floor":10,"key":"Weak Potion"},{"floor":18,"key":"Dexterity Potion"}],"is_trial":false,"path_per_floor":["M","?","M","?","M","E","R","E","T","M","R","M","$","M","R","B",null,"M","?","M","$","?","R","M","E"],"character_chosen":"DEFECT","items_purchased":["Conserve Battery","Loop","OrangePellets"],"campfire_rested":4,"item_purchase_floors":[13,13,21],"current_hp_per_floor":[57,50,45,45,45,26,47,14,14,10,31,4,4,4,25,23,59,41,27,20,20,20,34,38,0],"gold":64,"neow_bonus":"ONE_RANDOM_RARE_CARD","is_prod":false,"is_daily":false,"chose_seed":false,"campfire_upgraded":0,"win_rate":0,"timestamp":1546876655,"path_taken":["M","?","M","?","M","E","R","E","T","M","R","M","$","?","R","BOSS","M","?","?","$","?","R","M","E"],"build_version":"2019-01-03v4","purchased_purges":1,"victory":false,"max_hp_per_floor":[71,71,71,71,71,71,71,71,71,71,71,71,71,71,71,71,71,71,71,71,71,49,49,49,49],"card_choices":[{"not_picked":["Genetic Algorithm","Leap"],"picked":"Capacitor","floor":1},{"not_picked":["Stack","Hologram"],"picked":"Leap","floor":3},{"not_picked":["Darkness","Auto Shields"],"picked":"FTL","floor":5},{"not_picked":["Turbo","Static Discharge"],"picked":"Sweeping Beam","floor":6},{"not_picked":["Gash","Auto Shields"],"picked":"Defragment","floor":8},{"not_picked":["Rebound+1","Redo"],"picked":"Ball Lightning+1","floor":10},{"not_picked":["Hologram","Beam Cell+1"],"picked":"Glacier","floor":12},{"not_picked":["Rebound+1","Melter+1"],"picked":"Echo Form","floor":14},{"not_picked":["All For One+1","Thunder Strike+1"],"picked":"Creative AI","floor":16},{"not_picked":["Hello World","Sweeping Beam+1"],"picked":"Go for the Eyes+1","floor":18},{"not_picked":["Barrage+1","Hologram"],"picked":"Self Repair+1","floor":20},{"not_picked":["Go for the Eyes+1","Streamline+1"],"picked":"Core Surge+1","floor":24}],"player_experience":423284,"relics_obtained":[{"floor":6,"key":"Omamori"},{"floor":8,"key":"Molten Egg 2"}],"event_choices":[{"cards_removed":["Strike_B"],"damage_healed":0,"gold_gain":0,"player_choice":"Card Removal","damage_taken":7,"max_hp_gain":0,"max_hp_loss":0,"event_name":"Golden Wing","floor":2,"gold_loss":0},{"damage_healed":0,"gold_gain":0,"player_choice":"Got Potions","damage_taken":0,"max_hp_gain":0,"max_hp_loss":0,"event_name":"Lab","floor":4,"gold_loss":0},{"damage_healed":0,"gold_gain":90,"player_choice":"GOLD ","damage_taken":14,"max_hp_gain":0,"max_hp_loss":0,"event_name":"Knowing Skull","floor":19,"potions_obtained":[],"gold_loss":0,"cards_obtained":[]},{"damage_healed":0,"gold_gain":0,"player_choice":"Became a vampire","damage_taken":0,"max_hp_gain":0,"max_hp_loss":22,"event_name":"Vampires","floor":22,"gold_loss":0,"cards_obtained":["Bite","Bite","Bite","Bite","Bite"]}],"is_beta":false,"boss_relics":[{"not_picked":["Pandora\u0027s Box","Sozu"],"picked":"Cursed Key"}],"items_purged_floors":[21],"is_endless":false,"potions_floor_spawned":[1,5,10,18],"killed_by":"Book of Stabbing","ascension_level":17}