{"gold_per_floor":[18,32,32,43,15,15,32,48,48,60,72],"floor_reached":11,"playtime":631,"items_purged":[],"score":74,"play_id":"2436273c-de5c-482f-a3a5-7dfbb324489f","local_time":"20180906050616","is_ascension_mode":true,"campfire_choices":[{"data":"Fusion","floor":6,"key":"SMITH"}],"neow_cost":"NO_GOLD","seed_source_timestamp":481647818972331,"circlet_count":0,"master_deck":["Strike_B","Strike_B","Strike_B","Strike_B","Defend_B","Defend_B","Defend_B","Defend_B","Zap","Dualcast","Echo Form","Rebound","Glacier","Chaos","Fusion+1","Conserve Battery","Cold Snap"],"relics":["Cracked Core","MawBank","Bag of Preparation"],"potions_floor_usage":[11],"damage_taken":[{"damage":0,"enemies":"Cultist","floor":1,"turns":3},{"damage":2,"enemies":"2 Louse","floor":2,"turns":2},{"damage":7,"enemies":"Small Slimes","floor":4,"turns":4},{"damage":22,"enemies":"Exordium Thugs","floor":5,"turns":5},{"damage":6,"enemies":"2 Fungi Beasts","floor":7,"turns":5},{"damage":12,"enemies":"Looter","floor":8,"turns":3},{"damage":1,"enemies":"3 Sentries","floor":11,"turns":2}],"seed_played":"5891662668069846428","potions_obtained":[{"floor":2,"key":"Weak Potion"},{"floor":5,"key":"AttackPotion"}],"is_trial":false,"path_per_floor":["M","M","?","M","M","R","M","M","T","?"],"character_chosen":"DEFECT","items_purchased":[],"campfire_rested":0,"item_purchase_floors":[],"current_hp_per_floor":[75,73,66,59,37,37,31,19,19,1,0],"gold":72,"neow_bonus":"THREE_RARE_CARDS","is_prod":false,"is_daily":false,"chose_seed":false,"campfire_upgraded":1,"win_rate":0,"timestamp":1536203176,"path_taken":["M","?","?","M","M","R","M","M","T","?","E"],"build_version":"2018-08-30","purchased_purges":0,"victory":false,"max_hp_per_floor":[75,75,75,75,75,75,75,75,75,75,75],"card_choices":[{"not_picked":["Creative AI","Rainbow"],"picked":"Echo Form","floor":0},{"not_picked":["Leap","Stack"],"picked":"Rebound","floor":1},{"not_picked":["Sweeping Beam","Go for the Eyes"],"picked":"Glacier","floor":2},{"not_picked":["Reprogram","Ball Lightning"],"picked":"Chaos","floor":4},{"not_picked":["Reinforced Body","Rebound"],"picked":"Fusion","floor":5},{"not_picked":["Streamline","Force Field"],"picked":"Conserve Battery","floor":7},{"not_picked":["Genetic Algorithm","Stack"],"picked":"Cold Snap","floor":8}],"player_experience":125911,"relics_obtained":[{"floor":9,"key":"MawBank"}],"event_choices":[{"event_name":"Wheel of Change","player_choice":"Damage","floor":3,"damage_taken":0},{"event_name":"Scrap Ooze","player_choice":"success","floor":10,"damage_taken":18}],"is_beta":false,"boss_relics":[],"items_purged_floors":[],"is_endless":false,"potions_floor_spawned":[2,5],"killed_by":"3 Sentries","ascension_level":2}