{"gold_per_floor":[114,64,64,83,53,53,91,110,135,173,192,269,288,307,307,432,432],"floor_reached":17,"playtime":771,"items_purged":[],"score":292,"play_id":"33d35b88-537d-4e6f-bcca-cb7d3d810bb4","local_time":"20180913170933","daily_mods":["Insanity","Terminal","Hoarder"],"is_ascension_mode":false,"campfire_choices":[{"data":"Defragment","floor":6,"key":"SMITH"},{"data":"Electrodynamics","floor":15,"key":"SMITH"}],"neow_cost":"","seed_source_timestamp":0,"circlet_count":0,"master_deck":["Glacier","Defragment+1","BootSequence","All For One","Recycle","Chill","FTL+1","Go for the Eyes","Seek","Barrage","Zap","Rainbow","Defend_B","Multi-Cast","Auto Shields","Hologram","Auto Shields","Static Discharge","Gash","Compile Driver","Genetic Algorithm","Electrodynamics+1","Consume","Hyperbeam","Sunder","Seek","Streamline","Static Discharge","Scrape","FTL","Seek","Genetic Algorithm","Amplify","Auto Shields","Heatsinks","Dualcast","Aggregate","Compile Driver","Sunder","Cold Snap","Rip and Tear","Cold Snap","Compile Driver","Stack","Static Discharge","Chaos","All For One+1","Stack","Reprogram","Coolheaded","Coolheaded","Coolheaded","Injury","Injury","Injury","Steam Power","Steam Power","Steam Power","Ball Lightning","Ball Lightning","Ball Lightning","Ball Lightning","Ball Lightning","Ball Lightning","Ball Lightning","Ball Lightning","Ball Lightning","Seek","Seek","Seek","Echo Form+1","Echo Form+1","Echo Form+1"],"special_seed":17787,"relics":["Cracked Core","Golden Idol","PreservedInsect","Whetstone","Frozen Egg 2","Ectoplasm"],"potions_floor_usage":[],"damage_taken":[{"damage":0,"enemies":"Small Slimes","floor":1,"turns":2},{"damage":0,"enemies":"Jaw Worm","floor":4,"turns":2},{"damage":0,"enemies":"3 Sentries","floor":7,"turns":2},{"damage":0,"enemies":"Cultist","floor":8,"turns":3},{"damage":13,"enemies":"Lagavulin","floor":10,"turns":4},{"damage":0,"enemies":"2 Fungi Beasts","floor":11,"turns":2},{"damage":0,"enemies":"Exordium Wildlife","floor":13,"turns":3},{"damage":0,"enemies":"Gremlin Gang","floor":14,"turns":1},{"damage":33,"enemies":"The Guardian","floor":16,"turns":7}],"seed_played":"-5730593417143265092","potions_obtained":[{"floor":1,"key":"Strength Potion"},{"floor":4,"key":"Fire Potion"},{"floor":5,"key":"Strength Potion"}],"is_trial":false,"path_per_floor":["M","?","?","M","?","R","E","M","T","E","M","?","M","M","R","B"],"character_chosen":"DEFECT","items_purchased":[],"campfire_rested":0,"item_purchase_floors":[],"current_hp_per_floor":[73,72,71,70,69,68,67,66,65,52,52,52,52,52,52,19,58],"gold":432,"neow_bonus":"","is_prod":false,"is_daily":true,"chose_seed":false,"campfire_upgraded":2,"win_rate":0,"timestamp":1536883773,"path_taken":["M","?","?","?","?","R","E","M","T","E","M","?","M","M","R","BOSS"],"build_version":"2018-09-06","purchased_purges":0,"victory":false,"max_hp_per_floor":[73,72,71,70,69,68,67,66,65,64,63,62,61,60,59,58,58],"card_choices":[{"not_picked":["Steam","Fusion"],"picked":"Coolheaded","floor":1},{"not_picked":["Stack","Turbo"],"picked":"Steam Power","floor":4},{"not_picked":["Lockon","Barrage"],"picked":"Ball Lightning","floor":7},{"not_picked":["Redo","Rebound","Barrage"],"picked":"SKIP","floor":8},{"not_picked":["Sunder","All For One"],"picked":"Ball Lightning","floor":10},{"not_picked":["Rebound","Reprogram"],"picked":"Ball Lightning","floor":11},{"not_picked":["Hologram","Skim","Redo"],"picked":"SKIP","floor":13},{"not_picked":["Turbo","Undo"],"picked":"Seek","floor":14},{"not_picked":["Hyperbeam","Machine Learning+1"],"picked":"Echo Form+1","floor":16}],"player_experience":471175,"relics_obtained":[{"floor":7,"key":"PreservedInsect"},{"floor":9,"key":"Whetstone"},{"floor":10,"key":"Frozen Egg 2"}],"event_choices":[{"event_name":"The Cleric","player_choice":"Card Removal","floor":2,"damage_taken":0},{"event_name":"Golden Idol","player_choice":"Take Wound","floor":3,"damage_taken":0},{"event_name":"The Woman in Blue","player_choice":"Bought 2 Potions","floor":5,"damage_taken":0},{"event_name":"Golden Wing","player_choice":"Gained Gold","floor":12,"damage_taken":0}],"is_beta":false,"boss_relics":[{"not_picked":["Busted Crown","Inserter"],"picked":"Ectoplasm"}],"items_purged_floors":[],"is_endless":false,"potions_floor_spawned":[1,4,7,10],"ascension_level":0}