{"gold_per_floor":[17,32,32,49,61,161,171,171,171,171,12,24,44,194,194,271,271,286,18,29,29,29,29,29,29,29,29,29],"floor_reached":28,"playtime":1167,"items_purged":["Regret","Decay"],"score":402,"play_id":"042ab3ca-90b6-436f-88e8-1452967eb479","local_time":"20181220054219","is_ascension_mode":true,"campfire_choices":[{"floor":8,"key":"REST"},{"floor":15,"key":"REST"},{"floor":23,"key":"REST"},{"floor":24,"key":"REST"},{"data":"Echo Form","floor":25,"key":"SMITH"}],"neow_cost":"NO_GOLD","seed_source_timestamp":487005011100879,"circlet_count":0,"master_deck":["AscendersBane","Strike_B","Strike_B","Defend_B","Defend_B","Defend_B","Defend_B","Zap","Dualcast","Electrodynamics","Streamline","Cold Snap","Defragment","Consume","Loop","Echo Form+1","Electrodynamics+1","Seek+1","Reinforced Body","Writhe"],"relics":["Cracked Core","Blue Candle","Boot","Odd Mushroom","Astrolabe","DataDisk","WingedGreaves","Kunai"],"potions_floor_usage":[4,7,12,16,18,18,18],"damage_taken":[{"damage":1,"enemies":"Small Slimes","floor":1,"turns":2},{"damage":1,"enemies":"Cultist","floor":2,"turns":3},{"damage":0,"enemies":"2 Louse","floor":4,"turns":2},{"damage":12,"enemies":"2 Fungi Beasts","floor":5,"turns":2},{"damage":14,"enemies":"3 Louse","floor":7,"turns":3},{"damage":7,"enemies":"Looter","floor":12,"turns":4},{"damage":18,"enemies":"The Mushroom Lair","floor":13,"turns":3},{"damage":14,"enemies":"Slime Boss","floor":16,"turns":6},{"damage":8,"enemies":"Chosen","floor":18,"turns":5},{"damage":39,"enemies":"Shell Parasite","floor":20,"turns":4},{"damage":44,"enemies":"Shelled Parasite and Fungi","floor":28,"turns":4}],"seed_played":"-2704792342409351248","potions_obtained":[{"floor":1,"key":"FocusPotion"},{"floor":2,"key":"Dexterity Potion"},{"floor":4,"key":"Dexterity Potion"},{"floor":7,"key":"Regen Potion"},{"floor":16,"key":"EntropicBrew"}],"is_trial":false,"path_per_floor":["M","M","$","M","M","?","M","R","T","?","$","M","?","?","R","B",null,"M","$","M","$","?","R","R","R","T","?","M"],"character_chosen":"DEFECT","items_purchased":["Loop","DataDisk"],"campfire_rested":4,"item_purchase_floors":[11,19],"current_hp_per_floor":[63,62,62,62,50,50,36,57,57,57,57,62,44,44,65,51,66,58,58,19,19,19,40,61,61,61,41,0],"gold":29,"neow_bonus":"THREE_RARE_CARDS","is_prod":false,"is_daily":false,"chose_seed":false,"campfire_upgraded":1,"win_rate":0,"timestamp":1545280939,"path_taken":["M","M","$","M","M","?","?","R","T","?","$","M","?","?","R","BOSS","M","$","M","$","?","R","R","R","T","?","M"],"build_version":"2018-12-13","purchased_purges":2,"victory":false,"max_hp_per_floor":[71,71,71,71,71,71,71,71,71,71,71,71,71,71,71,71,71,71,71,71,71,71,71,71,71,71,76,76],"card_choices":[{"not_picked":["Rainbow","Core Surge"],"picked":"Electrodynamics","floor":0},{"not_picked":["Aggregate","Reprogram"],"picked":"Streamline","floor":1},{"not_picked":["BootSequence","Streamline","Coolheaded"],"picked":"SKIP","floor":2},{"not_picked":["Compile Driver","Coolheaded"],"picked":"Cold Snap","floor":4},{"not_picked":["White Noise","Steam"],"picked":"Defragment","floor":5},{"not_picked":["Double Energy","Compile Driver"],"picked":"Consume","floor":7},{"not_picked":["Machine Learning","Rebound","Reprogram"],"picked":"SKIP","floor":12},{"not_picked":["Thunder Strike","Electrodynamics"],"picked":"Echo Form","floor":16},{"not_picked":["Steam","Beam Cell","Barrage"],"picked":"SKIP","floor":18},{"not_picked":["Coolheaded","Go for the Eyes+1"],"picked":"Reinforced Body","floor":20}],"player_experience":757032,"relics_obtained":[{"floor":9,"key":"Blue Candle"},{"floor":13,"key":"Odd Mushroom"},{"floor":26,"key":"Kunai"}],"event_choices":[{"damage_healed":0,"gold_gain":100,"player_choice":"Gold","damage_taken":0,"max_hp_gain":0,"max_hp_loss":0,"event_name":"Wheel of Change","floor":6,"gold_loss":0},{"damage_healed":0,"gold_gain":0,"player_choice":"Box","damage_taken":0,"relics_obtained":["Boot"],"max_hp_gain":0,"max_hp_loss":0,"event_name":"Big Fish","floor":10,"gold_loss":0,"cards_obtained":["Regret"]},{"damage_healed":0,"gold_gain":0,"player_choice":"Fought Mushrooms","damage_taken":0,"max_hp_gain":0,"max_hp_loss":0,"event_name":"Mushrooms","floor":13,"gold_loss":0},{"damage_healed":0,"gold_gain":150,"player_choice":"AGREE","damage_taken":0,"max_hp_gain":0,"max_hp_loss":0,"event_name":"Liars Game","floor":14,"gold_loss":0,"cards_obtained":["Doubt"]},{"damage_healed":0,"gold_gain":0,"player_choice":"Opened","damage_taken":0,"relics_obtained":["WingedGreaves"],"max_hp_gain":0,"max_hp_loss":0,"event_name":"The Mausoleum","floor":22,"gold_loss":0,"cards_obtained":["Writhe"]},{"damage_healed":0,"gold_gain":0,"player_choice":"Shed Blood","damage_taken":25,"max_hp_gain":5,"max_hp_loss":0,"event_name":"Forgotten Altar","floor":27,"gold_loss":0}],"is_beta":false,"boss_relics":[{"not_picked":["Runic Dome","Pandora\u0027s Box"],"picked":"Astrolabe"}],"items_purged_floors":[11,19],"is_endless":false,"potions_floor_spawned":[1,2,4,7,16],"killed_by":"Shelled Parasite and Fungi","ascension_level":19}