{"path_per_floor":["M","M","M","?","?","E","M","M","T","M","M","?","R","M","R","B",null,"M","M","M","?","$","E","R","M","T","R","T","E","T","M","R"],"character_chosen":"DEFECT","items_purchased":["Gremlin Horn"],"gold_per_floor":[15,31,44,44,9,70,82,95,95,114,131,131,131,142,142,237,237,247,260,271,271,16,43,43,62,62,62,62,97,123,136,136,136],"floor_reached":33,"campfire_rested":5,"playtime":1749,"item_purchase_floors":[22],"current_hp_per_floor":[73,68,57,57,75,41,33,17,17,17,13,13,35,25,47,43,75,74,75,36,36,36,19,41,29,29,51,51,16,16,5,27,0],"items_purged":[],"gold":136,"score":306,"play_id":"6d3f91d2-5cdd-4ad1-8549-39559ca59bbf","local_time":"20180523181644","is_prod":false,"is_daily":false,"chose_seed":false,"is_ascension_mode":true,"campfire_upgraded":0,"win_rate":0,"timestamp":1527124604,"campfire_choices":[{"floor":13,"key":"REST"},{"floor":15,"key":"REST"},{"floor":24,"key":"REST"},{"floor":27,"key":"REST"},{"floor":32,"key":"REST"}],"path_taken":["M","M","M","?","?","E","M","M","T","?","M","?","R","M","R","BOSS","M","M","M","?","$","E","R","?","T","R","?","E","?","M","R","BOSS"],"build_version":"2018-05-23","seed_source_timestamp":858288421676118,"purchased_purges":0,"victory":false,"master_deck":["Strike_B+1","Strike_B+1","Strike_B+1","Strike_B+1","Defend_B+1","Defend_B+1","Defend_B+1","Defend_B+1","Zap","Dualcast","Fission","Consume+1","Ball Lightning","Leap+1","Decay","Tempest","Sweeping Beam","Darkness","Cold Snap","Barrage","Normality","Ball Lightning","Core Surge","Capacitor","Chill+1","Cold Snap","Cold Snap","Coolheaded","Barrage+1"],"max_hp_per_floor":[75,75,75,75,75,75,75,75,75,75,75,75,75,75,75,75,75,75,75,75,75,75,75,75,75,75,75,75,75,75,75,75,75],"relics":["Cracked Core","Tiny Chest","Question Card","Blood Vial","Nuclear Battery","Gremlin Horn","Dodecahedron","Darkstone Periapt","Molten Egg 2","War Paint","Bronze Scales"],"card_choices":[{"not_picked":["Amplify","Multi-Cast"],"picked":"Fission","floor":0},{"not_picked":["Axe Kick","Skim"],"picked":"Consume","floor":1},{"not_picked":["BootSequence","Heatsinks"],"picked":"Ball Lightning","floor":2},{"not_picked":["Barrage","Reinforced Body"],"picked":"Leap","floor":3},{"not_picked":["Axe Kick","Static Discharge"],"picked":"Tempest","floor":6},{"not_picked":["Hologram","Go for the Eyes"],"picked":"Sweeping Beam","floor":7},{"not_picked":["Blizzard","Scrape"],"picked":"Darkness","floor":8},{"not_picked":["Blizzard","Axe Kick","White Noise"],"picked":"Cold Snap","floor":10},{"not_picked":["Axe Kick","Stack","Hologram"],"picked":"Barrage","floor":11},{"not_picked":["Blizzard","Chill","Coolheaded"],"picked":"Ball Lightning","floor":14},{"not_picked":["Fission","Biased Cognition","Thunder Strike"],"picked":"Core Surge","floor":16},{"not_picked":["Axe Kick+1","Turbo+1","Coolheaded"],"picked":"Capacitor","floor":18},{"not_picked":["Axe Kick","BootSequence+1","Barrage","Beam Cell+1"],"picked":"SKIP","floor":19},{"not_picked":["Leap","Axe Kick","Rebound"],"picked":"Chill+1","floor":20},{"not_picked":["Streamline","Ball Lightning+1","Thunder Strike"],"picked":"Cold Snap","floor":23},{"not_picked":["Go for the Eyes","Stack","Streamline"],"picked":"Cold Snap","floor":25},{"not_picked":["Rip and Tear+1","Storm","Cold Snap+1"],"picked":"Coolheaded","floor":29},{"not_picked":["Loop","Coolheaded","Axe Kick+1"],"picked":"Barrage+1","floor":31}],"player_experience":113437,"potions_floor_usage":[16,16,20,23,31,33],"damage_taken":[{"damage":2,"enemies":"Small Slimes","floor":1,"turns":4},{"damage":5,"enemies":"Cultist","floor":2,"turns":4},{"damage":11,"enemies":"Jaw Worm","floor":3,"turns":3},{"damage":34,"enemies":"Lagavulin","floor":6,"turns":7},{"damage":8,"enemies":"3 Louse","floor":7,"turns":2},{"damage":16,"enemies":"Blue Slaver","floor":8,"turns":4},{"damage":0,"enemies":"Looter","floor":10,"turns":3},{"damage":4,"enemies":"3 Louse","floor":11,"turns":3},{"damage":12,"enemies":"Gremlin Gang","floor":14,"turns":4},{"damage":6,"enemies":"Slime Boss","floor":16,"turns":7},{"damage":1,"enemies":"Spheric Guardian","floor":18,"turns":3},{"damage":0,"enemies":"Chosen","floor":19,"turns":4},{"damage":39,"enemies":"Snake Plant","floor":20,"turns":3},{"damage":19,"enemies":"Book of Stabbing","floor":23,"turns":5},{"damage":14,"enemies":"Sentry and Sphere","floor":25,"turns":4},{"damage":37,"enemies":"Gremlin Leader","floor":29,"turns":7},{"damage":13,"enemies":"Chosen and Byrds","floor":31,"turns":4},{"damage":49,"enemies":"Automaton","floor":33,"turns":6}],"relics_obtained":[{"floor":6,"key":"Tiny Chest"},{"floor":9,"key":"Question Card"},{"floor":23,"key":"Dodecahedron"},{"floor":26,"key":"Darkstone Periapt"},{"floor":28,"key":"Molten Egg 2"},{"floor":29,"key":"War Paint"},{"floor":30,"key":"Bronze Scales"}],"event_choices":[{"event_name":"Wheel of Change","player_choice":"Curse","floor":4,"damage_taken":0},{"event_name":"The Cleric","player_choice":"Healed","floor":5,"damage_taken":0},{"event_name":"Accursed Blacksmith","player_choice":"Rummage","floor":12,"damage_taken":0},{"event_name":"Back to Basics","player_choice":"Simplicity","floor":21,"damage_taken":0}],"boss_relics":[{"not_picked":["Black Star","Ectoplasm"],"picked":"Nuclear Battery"}],"items_purged_floors":[],"potions_floor_spawned":[2,3,7,19,20,25,29],"seed_played":"-7411525361283020372","killed_by":"Automaton","ascension_level":1,"potions_obtained":[{"floor":2,"key":"Swift Potion"},{"floor":3,"key":"Fire Potion"},{"floor":7,"key":"Fire Potion"},{"floor":19,"key":"GamblersBrew"},{"floor":20,"key":"SkillPotion"},{"floor":25,"key":"SpeedPotion"},{"floor":29,"key":"Explosive Potion"}],"is_trial":false}