{"path_per_floor":["M","$","M","M","?","R","E","$","T","?","R","?","M","?","R"],"character_chosen":"DEFECT","items_purchased":["Omamori","Reboot","Flash of Steel","Leap"],"gold_per_floor":[367,68,85,102,102,102,127,8,34,34,34,34,47,297,297,297],"floor_reached":16,"campfire_rested":1,"playtime":935,"current_hp_per_floor":[63,63,62,60,60,60,19,19,19,19,19,19,15,15,37,0],"items_purged":["Pain"],"gold":297,"score":127,"play_id":"1f79108f-b0e8-423e-a0a7-55e639e67f4c","local_time":"20180514091108","is_prod":false,"is_daily":false,"chose_seed":false,"is_ascension_mode":true,"campfire_upgraded":2,"timestamp":1526281868,"path_taken":["M","$","M","M","?","R","E","$","T","?","R","?","M","?","R","BOSS"],"build_version":"2018-05-12v2","seed_source_timestamp":342689982990813,"purchased_purges":1,"victory":false,"master_deck":["Strike_B","Strike_B","Strike_B","Strike_B","Defend_B","Defend_B","Defend_B","Defend_B","Zap+1","Dualcast","Go for the Eyes+1","Reboot","Steam Power+1","Leap","Deep Breath","Conserve Battery","Reprogram+1","Flash of Steel","Leap","All For One"],"max_hp_per_floor":[75,75,75,75,75,75,75,75,75,75,75,75,75,75,75,75],"relics":["Cracked Core","Omamori","Potion Belt","War Paint"],"card_choices":[{"not_picked":["Skim","Defragment"],"picked":"Go for the Eyes","floor":1},{"not_picked":["Recycle","Go for the Eyes"],"picked":"Steam Power","floor":3},{"not_picked":["Cold Snap","Coolheaded"],"picked":"Leap","floor":4},{"not_picked":["Cold Snap","Aggregate"],"picked":"Reprogram","floor":7},{"not_picked":["Go for the Eyes","Consume"],"picked":"All For One","floor":13}],"player_experience":72913,"potions_floor_usage":[13,16],"damage_taken":[{"damage":5,"enemies":"Small Slimes","floor":1,"turns":5},{"damage":1,"enemies":"Cultist","floor":3,"turns":3},{"damage":2,"enemies":"Jaw Worm","floor":4,"turns":3},{"damage":41,"enemies":"Gremlin Nob","floor":7,"turns":6},{"damage":4,"enemies":"Blue Slaver","floor":13,"turns":3},{"damage":41,"enemies":"Hexaghost","floor":16,"turns":12}],"event_choices":[{"event_name":"Match and Keep!","player_choice":"2 cards matched","floor":5,"damage_taken":0},{"event_name":"Match and Keep!","player_choice":"2 cards matched","floor":5,"damage_taken":0},{"event_name":"Scrap Ooze","player_choice":"unsuccessful","floor":10,"damage_taken":0},{"event_name":"The Cleric","player_choice":"Leave","floor":12,"damage_taken":0},{"event_name":"Golden Shrine","player_choice":"Desecrate","floor":14,"damage_taken":0}],"boss_relics":[],"potions_floor_spawned":[7,13],"seed_played":"-4912303655963601558","killed_by":"Hexaghost","ascension_level":6,"is_trial":false}