{"gold_per_floor":[119,134,159,84,84,114,114,143,167,167,167,184,196,210,210,210],"floor_reached":16,"playtime":591,"items_purged":[],"score":143,"play_id":"0569bb3f-591b-48c1-b4be-f1dc56b7b427","local_time":"20180915215852","is_ascension_mode":true,"campfire_choices":[{"floor":7,"key":"REST"},{"floor":10,"key":"REST"},{"floor":15,"key":"REST"}],"neow_cost":"PERCENT_DAMAGE","seed_source_timestamp":33247365556585,"circlet_count":0,"master_deck":["Strike_B","Strike_B","Strike_B","Strike_B","Defend_B","Defend_B","Defend_B","Defend_B","Zap","Dualcast","Heatsinks","Storm","Capacitor","Decay","Double Energy","Rebound","Multi-Cast+1","Auto Shields+1","Leap+1"],"relics":["Cracked Core","Bag of Marbles","DataDisk","Toxic Egg 2","Ancient Tea Set"],"potions_floor_usage":[6,6,13,14],"damage_taken":[{"damage":0,"enemies":"Cultist","floor":1,"turns":3},{"damage":4,"enemies":"2 Louse","floor":2,"turns":2},{"damage":22,"enemies":"Gremlin Nob","floor":6,"turns":3},{"damage":50,"enemies":"Lagavulin","floor":8,"turns":6},{"damage":2,"enemies":"Small Slimes","floor":12,"turns":3},{"damage":0,"enemies":"Looter","floor":13,"turns":1},{"damage":4,"enemies":"2 Fungi Beasts","floor":14,"turns":2},{"damage":59,"enemies":"Slime Boss","floor":16,"turns":8}],"seed_played":"-8157865805560921066","potions_obtained":[{"floor":1,"key":"AttackPotion"},{"floor":2,"key":"PowerPotion"},{"floor":12,"key":"Fire Potion"},{"floor":13,"key":"PowerPotion"}],"is_trial":false,"path_per_floor":["M","M","T","$","?","E","R","E","T","R","?","M","M","M","R"],"character_chosen":"DEFECT","items_purchased":["Capacitor"],"campfire_rested":3,"item_purchase_floors":[4],"current_hp_per_floor":[58,54,54,54,54,32,58,8,8,34,34,32,32,28,54,0],"gold":210,"neow_bonus":"TWENTY_PERCENT_HP_BONUS","is_prod":false,"is_daily":false,"chose_seed":false,"campfire_upgraded":0,"win_rate":0,"timestamp":1537041532,"path_taken":["M","M","?","$","?","E","R","E","T","R","?","M","M","M","R","BOSS"],"build_version":"2018-09-06","purchased_purges":0,"victory":false,"max_hp_per_floor":[89,89,89,89,89,89,89,89,89,89,89,89,89,89,89,89],"card_choices":[{"not_picked":["Hello World","Barrage"],"picked":"Heatsinks","floor":1},{"not_picked":["Hologram","Consume"],"picked":"Storm","floor":2},{"not_picked":["Auto Shields","Melter"],"picked":"Double Energy","floor":6},{"not_picked":["Hologram","Streamline"],"picked":"Rebound","floor":8},{"not_picked":["Gash","Tempest+1"],"picked":"Multi-Cast+1","floor":12},{"not_picked":["Sweeping Beam","Rebound"],"picked":"Auto Shields+1","floor":13},{"not_picked":["BootSequence+1","Tempest+1"],"picked":"Leap+1","floor":14}],"player_experience":201874,"relics_obtained":[{"floor":3,"key":"Bag of Marbles"},{"floor":6,"key":"DataDisk"},{"floor":8,"key":"Toxic Egg 2"},{"floor":9,"key":"Ancient Tea Set"}],"event_choices":[{"event_name":"Wheel of Change","player_choice":"Curse","floor":5,"damage_taken":0},{"event_name":"Golden Wing","player_choice":"Ignored","floor":11,"damage_taken":0}],"is_beta":false,"boss_relics":[],"items_purged_floors":[],"is_endless":false,"potions_floor_spawned":[1,2,12,13],"killed_by":"Slime Boss","ascension_level":6}