{"gold_per_floor":[17,17,17,17,30,30,64,64,64,81,96,96,15,31,31,129,129,144,94,0,18,28,28,39,52,52,52,2,2,18,32,32,32],"floor_reached":33,"playtime":1411,"items_purged":["Strike_B","Defend_B"],"score":398,"play_id":"87af476d-4548-438c-8bf2-06abc40a330d","local_time":"20180918211442","is_ascension_mode":true,"campfire_choices":[{"data":"Gash","floor":6,"key":"SMITH"},{"data":"Dualcast","floor":8,"key":"SMITH"},{"floor":12,"key":"REST"},{"data":"Static Discharge","floor":15,"key":"SMITH"},{"floor":23,"key":"REST"},{"data":"Static Discharge","floor":27,"key":"SMITH"},{"floor":29,"key":"REST"},{"floor":32,"key":"REST"}],"neow_cost":"NO_GOLD","seed_source_timestamp":288979479860917,"circlet_count":0,"master_deck":["Strike_B","Strike_B","Strike_B","Defend_B","Defend_B","Defend_B","Zap","Dualcast+1","AscendersBane","Buffer","Gash+1","Auto Shields","Gash","Leap","Static Discharge+1","Seek","Static Discharge+1","Sweeping Beam+1","White Noise"],"relics":["Cracked Core","Smiling Mask","Mercury Hourglass","Eternal Feather","Singing Bowl"],"potions_floor_usage":[7,7,7,16,16,21,24,25],"damage_taken":[{"damage":7,"enemies":"2 Louse","floor":1,"turns":3},{"damage":1,"enemies":"Cultist","floor":5,"turns":3},{"damage":22,"enemies":"Gremlin Nob","floor":7,"turns":4},{"damage":0,"enemies":"Small Slimes","floor":10,"turns":2},{"damage":5,"enemies":"2 Fungi Beasts","floor":11,"turns":3},{"damage":3,"enemies":"Blue Slaver","floor":14,"turns":3},{"damage":17,"enemies":"Slime Boss","floor":16,"turns":9},{"damage":8,"enemies":"3 Byrds","floor":18,"turns":3},{"damage":7,"enemies":"Chosen","floor":21,"turns":5},{"damage":13,"enemies":"Snake Plant","floor":22,"turns":3},{"damage":10,"enemies":"Cultist and Chosen","floor":24,"turns":6},{"damage":23,"enemies":"Snecko","floor":25,"turns":6},{"damage":19,"enemies":"3 Cultists","floor":30,"turns":4},{"damage":23,"enemies":"Snake Plant","floor":31,"turns":3},{"damage":101,"enemies":"Champ","floor":33,"turns":9}],"seed_played":"-132016049237231446","potions_obtained":[{"floor":1,"key":"GamblersBrew"},{"floor":2,"key":"PowerPotion"},{"floor":2,"key":"EntropicBrew"},{"floor":14,"key":"GamblersBrew"},{"floor":16,"key":"Ancient Potion"},{"floor":21,"key":"SkillPotion"},{"floor":22,"key":"Fire Potion"}],"is_trial":false,"path_per_floor":["M","?","?","$","M","R","E","R","T","M","M","R","$","M","R","B",null,"M","$","?","M","M","R","M","M","T","R","$","R","M","M","R"],"character_chosen":"DEFECT","items_purchased":["Static Discharge"],"campfire_rested":4,"item_purchase_floors":[13],"current_hp_per_floor":[61,61,66,66,65,65,43,43,43,43,38,62,62,59,59,42,71,63,63,63,56,43,76,66,43,43,52,52,80,63,40,73,0],"gold":32,"neow_bonus":"THREE_RARE_CARDS","is_prod":false,"is_daily":false,"chose_seed":false,"campfire_upgraded":4,"win_rate":0,"timestamp":1537298082,"path_taken":["M","?","?","$","M","R","E","R","T","M","M","R","$","M","R","BOSS","M","$","?","M","M","R","M","M","T","R","?","R","M","M","R","BOSS"],"build_version":"2018-09-06","purchased_purges":2,"victory":false,"max_hp_per_floor":[75,75,80,80,80,80,80,80,80,80,80,80,80,80,80,80,80,80,80,80,80,80,80,80,80,80,80,80,80,82,82,82,82],"card_choices":[{"not_picked":["Multi-Cast","Biased Cognition"],"picked":"Buffer","floor":0},{"not_picked":["Lockon","Rebound","Coolheaded"],"picked":"SKIP","floor":1},{"not_picked":["Cold Snap","Redo"],"picked":"Gash","floor":5},{"not_picked":["Steam Power","Steam"],"picked":"Auto Shields","floor":7},{"not_picked":["Steam","Barrage"],"picked":"Gash","floor":10},{"not_picked":["Turbo","Glacier"],"picked":"Leap","floor":11},{"not_picked":["Coolheaded","Barrage","Double Energy"],"picked":"SKIP","floor":14},{"not_picked":["Biased Cognition","Machine Learning"],"picked":"Seek","floor":16},{"not_picked":["Scrape","Double Energy"],"picked":"Static Discharge","floor":18},{"not_picked":["Skim","Aggregate"],"picked":"Sweeping Beam+1","floor":21},{"not_picked":["Barrage+1","Blizzard","Leap"],"picked":"SKIP","floor":22},{"not_picked":["Compile Driver","Ball Lightning","Streamline"],"picked":"SKIP","floor":24},{"not_picked":["Turbo","Rebound","Skim"],"picked":"SKIP","floor":25},{"not_picked":["Streamline","Go for the Eyes","Amplify"],"picked":"Singing Bowl","floor":30},{"not_picked":["Glacier","Force Field"],"picked":"White Noise","floor":31}],"player_experience":365489,"relics_obtained":[{"floor":7,"key":"Smiling Mask"},{"floor":9,"key":"Mercury Hourglass"},{"floor":26,"key":"Singing Bowl"}],"event_choices":[{"event_name":"The Lab","player_choice":"Got Potions","floor":2,"damage_taken":0},{"event_name":"Big Fish","player_choice":"Donut","floor":3,"damage_taken":0},{"event_name":"Masked Bandits","player_choice":"Paid Fearfully","floor":20,"damage_taken":0}],"is_beta":false,"boss_relics":[{"not_picked":["Busted Crown","Coffee Dripper"],"picked":"Eternal Feather"}],"items_purged_floors":[19,28],"is_endless":false,"potions_floor_spawned":[1,5,14,16,21,22],"killed_by":"Champ","ascension_level":12}