{"gold_per_floor":[114,128,53,53,68,68,101,101,126,126,157,157,12,46,46,147,147,161,181,193,193,204,204,223,223,223,256,256,256,206,222,222,324,324,338,356,322,342,342,342,367,367,367,367,379,286,297,309,309,309,309,309,117,146,146],"floor_reached":56,"playtime":3525,"items_purged":["Strike_R"],"score":1732,"play_id":"07401524-e9f8-4a9c-b1f0-2cfd5d55ba56","local_time":"20181229151441","is_ascension_mode":true,"campfire_choices":[{"data":"Spot Weakness","floor":6,"key":"SMITH"},{"data":"Whirlwind","floor":8,"key":"SMITH"},{"floor":12,"key":"REST"},{"floor":15,"key":"REST"},{"data":"Corruption","floor":23,"key":"SMITH"},{"floor":25,"key":"RECALL"},{"data":"Feel No Pain","floor":28,"key":"SMITH"},{"data":"Disarm","floor":32,"key":"SMITH"},{"data":"True Grit","floor":40,"key":"SMITH"},{"data":"True Grit","floor":42,"key":"SMITH"},{"data":"Feel No Pain","floor":44,"key":"SMITH"},{"data":"Flame Barrier","floor":49,"key":"SMITH"},{"data":"Shockwave","floor":52,"key":"SMITH"}],"neow_cost":"NONE","seed_source_timestamp":723633694443790,"circlet_count":0,"master_deck":["Strike_R","Defend_R","Defend_R","Defend_R","Defend_R","Bash","True Grit+1","Whirlwind+1","True Grit+1","Spot Weakness+1","Flame Barrier+1","Feel No Pain+1","Burning Pact","Shockwave+1","Feed+1","Corruption+1","Heavy Blade+1","Disarm+1","Barricade","Body Slam+1","Spot Weakness+1","Feel No Pain+1","Intimidate+1","Inflame+1","Finesse","Entrench","Body Slam+1","Seeing Red","Good Instincts","Heavy Blade+1"],"relics":["Burning Blood","Bag of Preparation","Oddly Smooth Stone","Anchor","Singing Bowl","Molten Egg 2","Sozu","Orichalcum","Dream Catcher","Snecko Eye","Meat on the Bone","Gremlin Horn","Happy Flower"],"potions_floor_usage":[14],"damage_taken":[{"damage":6,"enemies":"2 Louse","floor":1,"turns":3},{"damage":0,"enemies":"Cultist","floor":2,"turns":3},{"damage":0,"enemies":"Small Slimes","floor":5,"turns":3},{"damage":18,"enemies":"3 Sentries","floor":7,"turns":4},{"damage":61,"enemies":"Lagavulin","floor":11,"turns":9},{"damage":32,"enemies":"Gremlin Nob","floor":14,"turns":5},{"damage":28,"enemies":"The Guardian","floor":16,"turns":14},{"damage":23,"enemies":"Chosen","floor":18,"turns":6},{"damage":0,"enemies":"Spheric Guardian","floor":19,"turns":5},{"damage":0,"enemies":"Snecko","floor":20,"turns":5},{"damage":0,"enemies":"Centurion and Healer","floor":22,"turns":4},{"damage":0,"enemies":"Cultist and Chosen","floor":24,"turns":4},{"damage":18,"enemies":"Slavers","floor":27,"turns":3},{"damage":6,"enemies":"Snecko","floor":31,"turns":3},{"damage":62,"enemies":"Automaton","floor":33,"turns":9},{"damage":0,"enemies":"Orb Walker","floor":35,"turns":3},{"damage":0,"enemies":"3 Shapes","floor":36,"turns":3},{"damage":4,"enemies":"Writhing Mass","floor":38,"turns":5},{"damage":16,"enemies":"Nemesis","floor":41,"turns":7},{"damage":0,"enemies":"3 Darklings","floor":45,"turns":3},{"damage":13,"enemies":"Transient","floor":47,"turns":5},{"damage":0,"enemies":"Jaw Worm Horde","floor":48,"turns":4},{"damage":30,"enemies":"Awakened One","floor":50,"turns":8},{"damage":0,"enemies":"Shield and Spear","floor":54,"turns":4},{"damage":44,"enemies":"The Heart","floor":55,"turns":8}],"seed_played":"5898460359667639817","potions_obtained":[{"floor":2,"key":"Ancient Potion"},{"floor":7,"key":"FairyPotion"},{"floor":11,"key":"SkillPotion"}],"is_trial":false,"path_per_floor":["M","M","$","?","M","R","E","R","T","?","E","R","$","E","R","B",null,"M","M","M","?","M","R","M","R","T","E","R","?","?","M","R","B",null,"M","M","$","M","?","R","E","R","T","R","M","$","M","M","R","B",null,"R","$","E","B",null],"character_chosen":"IRONCLAD","items_purchased":["Feel No Pain","Burning Pact","Feel No Pain","Finesse","Seeing Red","Good Instincts","Heavy Blade+1"],"campfire_rested":2,"item_purchase_floors":[13,13,37,46,53,53,53],"current_hp_per_floor":[72,78,78,78,80,80,68,68,68,68,13,37,37,11,35,13,63,50,60,68,68,76,76,84,84,84,74,74,74,74,74,74,22,81,87,97,97,101,101,101,95,95,95,95,101,101,94,104,104,80,106,106,106,114,76],"gold":146,"neow_bonus":"RANDOM_COMMON_RELIC","is_prod":false,"is_daily":false,"chose_seed":false,"campfire_upgraded":10,"win_rate":0,"timestamp":1546118081,"path_taken":["M","M","$","?","?","R","E","R","T","?","E","R","$","E","R","BOSS","M","?","M","?","M","R","M","R","T","E","R","?","?","M","R","BOSS","M","M","$","?","?","R","E","R","T","R","M","$","M","M","R","BOSS","R","$","E","BOSS"],"build_version":"2018-12-20","purchased_purges":1,"victory":true,"max_hp_per_floor":[80,80,80,80,80,80,80,80,80,80,80,80,80,80,80,80,80,84,88,90,90,92,92,94,94,94,96,96,96,96,96,96,100,100,100,104,104,106,106,106,110,110,110,110,110,110,110,114,114,114,114,114,114,116,116],"card_choices":[{"not_picked":["Thunderclap","Sever Soul"],"picked":"True Grit","floor":1},{"not_picked":["True Grit","Shrug It Off"],"picked":"Whirlwind","floor":2},{"not_picked":["True Grit","Ghostly Armor"],"picked":"Spot Weakness","floor":5},{"not_picked":["Flex","Armaments","Immolate"],"picked":"SKIP","floor":7},{"not_picked":["Shrug It Off","Rampage"],"picked":"Flame Barrier","floor":11},{"not_picked":["Combust","Perfected Strike"],"picked":"Shockwave","floor":14},{"not_picked":["Brutality","Berserk"],"picked":"Feed+1","floor":16},{"not_picked":["Flex+1","Uppercut+1"],"picked":"Corruption","floor":18},{"not_picked":["Evolve","True Grit"],"picked":"Heavy Blade+1","floor":19},{"not_picked":["Rampage+1","Power Through","Cleave+1"],"picked":"Singing Bowl","floor":20},{"not_picked":["Dual Wield","Dropkick+1","Cleave+1"],"picked":"Singing Bowl","floor":22},{"not_picked":["Bloodletting","Havoc","Corruption"],"picked":"Singing Bowl","floor":24},{"not_picked":["Uppercut+1","Headbutt+1","Combust"],"picked":"Singing Bowl","floor":27},{"not_picked":["Pommel Strike+1","True Grit"],"picked":"Disarm","floor":31},{"not_picked":["Fiend Fire+1","Double Tap"],"picked":"Barricade","floor":33},{"not_picked":["Clothesline+1","True Grit+1"],"picked":"Body Slam+1","floor":35},{"not_picked":["Whirlwind+1","Perfected Strike+1"],"picked":"Spot Weakness+1","floor":36},{"not_picked":["Clothesline+1","Headbutt+1","Iron Wave+1"],"picked":"Singing Bowl","floor":38},{"not_picked":["Thunderclap+1","Feed+1"],"picked":"Intimidate+1","floor":41},{"not_picked":["Heavy Blade+1","Pommel Strike+1"],"picked":"Inflame+1","floor":45},{"not_picked":["Blood for Blood+1","Armaments"],"picked":"Entrench","floor":47},{"not_picked":["Bloodletting","Clothesline+1"],"picked":"Body Slam+1","floor":48},{"not_picked":["Bloodletting","Pommel Strike+1","Twin Strike+1"],"picked":"Singing Bowl","floor":54}],"player_experience":338738,"relics_obtained":[{"floor":7,"key":"Oddly Smooth Stone"},{"floor":9,"key":"Anchor"},{"floor":11,"key":"Singing Bowl"},{"floor":14,"key":"Molten Egg 2"},{"floor":27,"key":"Orichalcum"},{"floor":41,"key":"Meat on the Bone"},{"floor":43,"key":"Gremlin Horn"},{"floor":54,"key":"Happy Flower"}],"event_choices":[{"damage_healed":0,"gold_gain":0,"cards_transformed":["Strike_R"],"player_choice":"Transformed","damage_taken":0,"max_hp_gain":0,"max_hp_loss":0,"event_name":"Transmorgrifier","floor":4,"gold_loss":0,"cards_obtained":["True Grit"]},{"cards_removed":["Strike_R"],"damage_healed":0,"gold_gain":0,"player_choice":"Offered Basic","damage_taken":0,"max_hp_gain":0,"max_hp_loss":0,"event_name":"Bonfire Elementals","floor":10,"gold_loss":0},{"damage_healed":0,"gold_gain":0,"player_choice":"Ignored","damage_taken":0,"max_hp_gain":0,"max_hp_loss":0,"event_name":"Ghosts","floor":21,"gold_loss":0},{"damage_healed":0,"gold_gain":0,"player_choice":"Opened","damage_taken":0,"relics_obtained":["Dream Catcher"],"max_hp_gain":0,"max_hp_loss":0,"event_name":"The Mausoleum","floor":29,"gold_loss":0},{"damage_healed":0,"gold_gain":0,"player_choice":"Bet on Murderer","damage_taken":0,"max_hp_gain":0,"max_hp_loss":0,"event_name":"The Joust","floor":30,"gold_loss":50},{"cards_removed":["Strike_R"],"damage_healed":0,"gold_gain":0,"player_choice":"Purged","damage_taken":0,"max_hp_gain":0,"max_hp_loss":0,"event_name":"Purifier","floor":39,"gold_loss":0}],"is_beta":false,"boss_relics":[{"not_picked":["Orrery","Ectoplasm"],"picked":"Sozu"},{"not_picked":["Runic Pyramid","Calling Bell"],"picked":"Snecko Eye"}],"items_purged_floors":[3],"is_endless":false,"potions_floor_spawned":[2,7,11,20,22,24,27,33,38,41,47,54],"ascension_level":9}