{"path_per_floor":["?","?","?","?","?","?","?","?","?","?","?","?","?","?","?","B",null,"?","?","?","?","?","?","?","?","?","?","?","?","?","?","?","B",null,"?","?","?","?","?","?"],"character_chosen":"IRONCLAD","items_purchased":["Shrug It Off"],"gold_per_floor":[114,64,79,79,94,94,94,94,169,138,153,237,252,267,267,367,367,382,397,412,427,442,457,457,472,522,537,537,552,582,597,597,697,697,712,727,687,702,717,717],"floor_reached":41,"campfire_rested":1,"playtime":2909,"current_hp_per_floor":[80,80,75,75,71,71,80,80,80,80,78,56,70,76,76,42,80,63,73,73,72,62,57,57,59,59,56,56,39,45,50,50,24,105,88,70,70,64,11,60],"items_purged":[],"gold":717,"score":415,"play_id":"7145fac6-6a64-469b-b5c7-8406f645f08c","local_time":"20180302190935","daily_mods":[{"name":"Diverse","description":"Start with 2 cards from another class.","modID":"Diverse","img":{"data":{"file":{"file":{"path":"images\\ui\\run_mods\\diverse.png"},"type":"Internal"},"width":64,"height":64,"format":"RGBA8888","useMipMaps":false,"isPrepared":false},"glTarget":3553,"glHandle":685,"minFilter":"Linear","magFilter":"Linear","uWrap":"ClampToEdge","vWrap":"ClampToEdge"},"positive":true},{"name":"Uncertain Future","description":"The map shows only ?.","modID":"Uncertain Future","img":{"data":{"file":{"file":{"path":"images\\ui\\run_mods\\uncertain_future.png"},"type":"Internal"},"width":64,"height":64,"format":"RGBA8888","useMipMaps":false,"isPrepared":false},"glTarget":3553,"glHandle":679,"minFilter":"Linear","magFilter":"Linear","uWrap":"ClampToEdge","vWrap":"ClampToEdge"},"positive":false},{"name":"Binary","description":"Card rewards contain only 2 cards.","modID":"Binary","img":{"data":{"file":{"file":{"path":"images\\ui\\run_mods\\binary.png"},"type":"Internal"},"width":64,"height":64,"format":"RGBA8888","useMipMaps":false,"isPrepared":false},"glTarget":3553,"glHandle":680,"minFilter":"Linear","magFilter":"Linear","uWrap":"ClampToEdge","vWrap":"ClampToEdge"},"positive":false},{"name":"Vintage","description":"The Merchant\u0027s prices are increased by 25%.","modID":"Vintage","img":{"data":{"file":{"file":{"path":"images\\ui\\run_mods\\vintage.png"},"type":"Internal"},"width":64,"height":64,"format":"RGBA8888","useMipMaps":false,"isPrepared":false},"glTarget":3553,"glHandle":677,"minFilter":"Linear","magFilter":"Linear","uWrap":"ClampToEdge","vWrap":"ClampToEdge"},"positive":false}],"is_prod":false,"is_daily":true,"is_ascension_mode":false,"campfire_upgraded":5,"timestamp":1520035775,"path_taken":["?","?","?","?","?","?","?","?","?","?","?","?","?","?","?","BOSS","?","?","?","?","?","?","?","?","?","?","?","?","?","?","?","BOSS","?","?","?","?","?","?","?"],"build_version":"2018-03-01-PROD1","purchased_purges":0,"victory":false,"master_deck":["Strike_R","Strike_R","Strike_R","Strike_R","Strike_R","Defend_R","Defend_R","Defend_R","Bash+1","Bouncing Flask","Bouncing Flask","Clash","Shockwave+1","Shrug It Off","Heavy Blade","Armaments+1","Warcry","Dropkick","Feed","Cleave+1","Armaments+1","Ghostly Armor","Feel No Pain+1","Carnage+1","Clash+1","Searing Blow+2","Ghostly Armor+1","Disarm+1","Feed","Writhe","Parasite","Decay","Cleave+1","Pommel Strike+1"],"max_hp_per_floor":[80,80,80,80,80,80,80,80,80,80,80,80,80,80,80,80,80,80,84,84,87,91,91,91,95,95,95,95,98,101,105,105,105,105,108,112,112,115,115,115],"relics":["Burning Blood","Gremlin Horn","Tiny Chest","Velvet Choker","Regal Pillow","Pantograph","Calling Bell","Frozen Egg 2","Omamori","Sundial"],"card_choices":[{"not_picked":["Warcry"],"picked":"Clash"},{"not_picked":["Body Slam"],"picked":"Battle Trance"},{"not_picked":["Clothesline"],"picked":"Shockwave"},{"not_picked":["Iron Wave"],"picked":"Heavy Blade"},{"not_picked":["Combust"],"picked":"Armaments"},{"not_picked":["Heavy Blade"],"picked":"Warcry"},{"not_picked":["True Grit"],"picked":"Dropkick"},{"not_picked":["Bludgeon"],"picked":"Feed"},{"not_picked":["Perfected Strike"],"picked":"Cleave"},{"not_picked":["Rage"],"picked":"Armaments"},{"not_picked":["Clash"],"picked":"Ghostly Armor"},{"not_picked":["Sword Boomerang"],"picked":"Feel No Pain"},{"not_picked":["Burning Pact"],"picked":"Carnage"},{"not_picked":["Pummel"],"picked":"Clash"},{"not_picked":["Twin Strike"],"picked":"Searing Blow"},{"not_picked":["Sword Boomerang"],"picked":"Ghostly Armor"},{"not_picked":["Combust"],"picked":"Disarm"},{"not_picked":["Juggernaut"],"picked":"Feed"},{"not_picked":["Clash"],"picked":"Cleave"},{"not_picked":["Dual Wield"],"picked":"Pommel Strike"}],"player_experience":152610,"potions_floor_usage":[13,14,16,16,18,20,23,25,27,33,35,38,41],"damage_taken":[{"damage":6,"enemies":"Cultist","floor":1,"turns":3},{"damage":11,"enemies":"Jaw Worm","floor":3,"turns":2},{"damage":10,"enemies":"Small Slimes","floor":5,"turns":3},{"damage":8,"enemies":"2 Fungi Beasts","floor":11,"turns":3},{"damage":28,"enemies":"3 Sentries","floor":12,"turns":7},{"damage":1,"enemies":"Red Slaver","floor":13,"turns":4},{"damage":0,"enemies":"Looter","floor":14,"turns":1},{"damage":40,"enemies":"Slime Boss","floor":16,"turns":10},{"damage":23,"enemies":"3 Byrds","floor":18,"turns":5},{"damage":0,"enemies":"Chosen","floor":19,"turns":3},{"damage":6,"enemies":"Snecko","floor":20,"turns":3},{"damage":10,"enemies":"Cultist and Chosen","floor":21,"turns":6},{"damage":20,"enemies":"Slaver and Parasite","floor":22,"turns":5},{"damage":11,"enemies":"Snake Plant","floor":23,"turns":4},{"damage":8,"enemies":"Centurion and Healer","floor":25,"turns":5},{"damage":9,"enemies":"Cultist and Chosen","floor":27,"turns":5},{"damage":26,"enemies":"Slaver and Parasite","floor":29,"turns":7},{"damage":3,"enemies":"Slavers","floor":30,"turns":4},{"damage":5,"enemies":"Snake Plant","floor":31,"turns":3},{"damage":57,"enemies":"Automaton","floor":33,"turns":11},{"damage":35,"enemies":"3 Shapes","floor":35,"turns":5},{"damage":28,"enemies":"Orb Walker","floor":36,"turns":4},{"damage":15,"enemies":"Sphere and 2 Shapes","floor":38,"turns":6},{"damage":59,"enemies":"4 Shapes","floor":39,"turns":7},{"damage":70,"enemies":"2 Orb Walkers","floor":41,"turns":4}],"event_choices":[{"event_name":"The Cleric","player_choice":"Card Removal","floor":2,"damage_taken":0},{"event_name":"Bonfire Elementals","player_choice":"UNCOMMON","floor":7,"damage_taken":0},{"event_name":"Dead Adventurer","player_choice":"Searched \u00273\u0027 times","floor":12,"damage_taken":0},{"event_name":"Upgrade Shrine","player_choice":"Upgraded","floor":24,"damage_taken":0},{"event_name":"The Woman in Blue","player_choice":"Bought 3 Potions","floor":37,"damage_taken":0}],"boss_relics":[{"not_picked":["Question Card","Cursed Key"],"picked":"Velvet Choker"},{"not_picked":["Snecko Eye","White Beast Statue"],"picked":"Calling Bell"}],"potions_floor_spawned":[3,12,12,13,16,18,21,22,25,30,33,39],"seed_played":"-4064848218327866266","killed_by":"2 Orb Walkers","ascension_level":0,"is_trial":false}