{"path_per_floor":["M","?","?","M","M","E","R","?","T","M","R","M","R","$","R","B",null,"M","M","M","?","?","R","E","R","T","?","R","M","M","M","R","B",null,"M","$","M","$","M","R","?","M","T","M","R","E","R"],"character_chosen":"DEFECT","items_purchased":["Defragment","Ball Lightning","Apotheosis","Runic Capacitor"],"gold_per_floor":[13,13,13,30,45,73,73,73,73,88,88,112,112,34,34,159,159,172,191,215,215,215,215,244,244,244,169,169,185,202,221,221,317,347,358,358,370,59,69,69,69,79,147,159,159,194,194,194],"floor_reached":48,"campfire_rested":7,"playtime":2275,"item_purchase_floors":[14,14,38,38],"current_hp_per_floor":[89,89,71,70,68,38,64,64,64,56,56,50,50,50,50,57,82,52,40,11,11,11,35,11,35,35,35,59,45,37,23,47,19,87,67,67,68,68,47,47,33,33,38,42,68,13,39,0],"items_purged":[],"gold":194,"score":843,"play_id":"cbef3cf7-ec89-4bae-a29d-02a35bb2aabe","local_time":"20180616134413","is_prod":false,"is_daily":false,"chose_seed":false,"is_ascension_mode":true,"campfire_upgraded":1,"win_rate":0,"timestamp":1529181853,"campfire_choices":[{"floor":7,"key":"REST"},{"data":"Zap","floor":11,"key":"SMITH"},{"data":"1","floor":13,"key":"LIFT"},{"data":"2","floor":15,"key":"LIFT"},{"floor":23,"key":"REST"},{"floor":25,"key":"REST"},{"floor":28,"key":"REST"},{"floor":32,"key":"REST"},{"data":"3","floor":40,"key":"LIFT"},{"floor":45,"key":"REST"},{"floor":47,"key":"REST"}],"path_taken":["M","?","?","M","M","E","R","?","T","M","R","M","R","$","R","BOSS","M","?","M","?","?","R","E","R","T","?","R","M","M","M","R","BOSS","M","$","M","$","M","R","?","M","T","M","R","E","R","E"],"build_version":"2018-06-14v2","seed_source_timestamp":226605542437928,"purchased_purges":0,"victory":false,"master_deck":["Strike_B","Strike_B","Strike_B+1","Strike_B","Defend_B","Defend_B","Defend_B","Defend_B","Zap+1","Dualcast","Zap+1","Streamline","Cold Snap","Beam Cell","Coolheaded","Defragment","Ball Lightning+1","Core Surge","Clumsy","Parasite","Ball Lightning","Leap","Lockon","Steam+1","Glacier+1","Machine Learning","Cold Snap+1","Leap+1","Go for the Eyes","Streamline","Core Surge","Machine Learning","Blizzard","Streamline+1","Melter+1","Coolheaded","Apotheosis","Barrage","Ball Lightning","Beam Cell","Cold Snap","Chill+1","Core Surge","Capacitor"],"max_hp_per_floor":[89,89,89,89,89,89,89,82,82,82,82,82,82,82,82,82,82,82,82,82,82,82,82,82,82,82,82,82,82,82,82,82,82,87,87,87,87,87,87,87,87,87,87,87,87,87,87,87],"relics":["Cracked Core","Girya","Bloody Idol","The Courier","Calling Bell","Blood Vial","Ornamental Fan","Prayer Wheel","Kunai","Tiny House","Runic Capacitor","Peace Pipe","Letter Opener","Pen Nib"],"card_choices":[{"not_picked":["Aggregate","Compile Driver","Gash"],"picked":"SKIP","floor":1},{"not_picked":["Barrage","Turbo","Rebound"],"picked":"SKIP","floor":4},{"not_picked":["Heatsinks","Beam Cell"],"picked":"Streamline","floor":5},{"not_picked":["Leap","Steam Power"],"picked":"Cold Snap","floor":6},{"not_picked":["Hologram","Sunder"],"picked":"Beam Cell","floor":10},{"not_picked":["Hologram","Creative AI"],"picked":"Coolheaded","floor":12},{"not_picked":["Reboot","Echo Form"],"picked":"Core Surge","floor":16},{"not_picked":["Tempest","Coolheaded+1"],"picked":"Ball Lightning","floor":18},{"not_picked":["Leap","Ball Lightning","Beam Cell"],"picked":"SKIP","floor":18},{"not_picked":["Ball Lightning","Beam Cell"],"picked":"Leap","floor":18},{"not_picked":["Steam Power","Hologram+1"],"picked":"Lockon","floor":19},{"not_picked":["Coolheaded","Rebound"],"picked":"Steam+1","floor":19},{"not_picked":["Tempest","Heatsinks+1"],"picked":"Glacier+1","floor":20},{"not_picked":["Sweeping Beam+1","Hologram+1"],"picked":"Machine Learning","floor":20},{"not_picked":["Tempest","Redo"],"picked":"Cold Snap+1","floor":24},{"not_picked":["Rebound","Fusion"],"picked":"Leap+1","floor":29},{"not_picked":["Hello World","Skim","Beam Cell"],"picked":"SKIP","floor":29},{"not_picked":["Scrape","Sweeping Beam"],"picked":"Go for the Eyes","floor":30},{"not_picked":["Go for the Eyes","Rebound+1"],"picked":"Streamline","floor":30},{"not_picked":["Streamline+1","Darkness"],"picked":"Core Surge","floor":31},{"not_picked":["Glacier","Gash","Beam Cell"],"picked":"SKIP","floor":31},{"not_picked":["Multi-Cast","Biased Cognition"],"picked":"Machine Learning","floor":33},{"not_picked":["Ball Lightning","Stack"],"picked":"Blizzard","floor":34},{"not_picked":["Force Field","Hologram+1"],"picked":"Streamline+1","floor":35},{"not_picked":["Hello World+1","Sunder+1","Aggregate+1"],"picked":"SKIP","floor":35},{"not_picked":["Hello World+1","Sunder+1","Aggregate+1"],"picked":"SKIP","floor":35},{"not_picked":["Ball Lightning","Rebound"],"picked":"Melter+1","floor":37},{"not_picked":["Rebound+1","Go for the Eyes"],"picked":"Coolheaded","floor":37},{"not_picked":["Turbo+1","Sunder+1"],"picked":"Barrage","floor":39},{"not_picked":["Streamline","Redo"],"picked":"Ball Lightning","floor":39},{"not_picked":["Rip and Tear+1","Redo"],"picked":"Beam Cell","floor":41},{"not_picked":["Beam Cell+1","Doom and Gloom"],"picked":"Cold Snap","floor":42},{"not_picked":["Hello World+1","Streamline+1"],"picked":"Chill+1","floor":42},{"not_picked":["Double Energy+1","Stack"],"picked":"Core Surge","floor":44},{"not_picked":["Stack+1","Beam Cell+1"],"picked":"Capacitor","floor":44},{"not_picked":["Compile Driver+1","All For One","Loop+1"],"picked":"SKIP","floor":46}],"player_experience":319161,"potions_floor_usage":[16,24,24,33,33,46],"damage_taken":[{"damage":0,"enemies":"Small Slimes","floor":1,"turns":4},{"damage":1,"enemies":"Cultist","floor":4,"turns":3},{"damage":2,"enemies":"2 Louse","floor":5,"turns":2},{"damage":30,"enemies":"3 Sentries","floor":6,"turns":6},{"damage":8,"enemies":"Blue Slaver","floor":10,"turns":3},{"damage":6,"enemies":"Looter","floor":12,"turns":2},{"damage":0,"enemies":"Slime Boss","floor":16,"turns":6},{"damage":30,"enemies":"Shell Parasite","floor":18,"turns":4},{"damage":14,"enemies":"3 Byrds","floor":19,"turns":4},{"damage":31,"enemies":"Snake Plant","floor":20,"turns":5},{"damage":39,"enemies":"Slavers","floor":24,"turns":4},{"damage":21,"enemies":"Centurion and Healer","floor":29,"turns":5},{"damage":15,"enemies":"Snecko","floor":30,"turns":4},{"damage":21,"enemies":"Snake Plant","floor":31,"turns":5},{"damage":50,"enemies":"Collector","floor":33,"turns":13},{"damage":25,"enemies":"Orb Walker","floor":35,"turns":4},{"damage":6,"enemies":"3 Shapes","floor":37,"turns":5},{"damage":28,"enemies":"Maw","floor":39,"turns":9},{"damage":16,"floor":41,"turns":6},{"damage":7,"enemies":"Sphere and 2 Shapes","floor":42,"turns":3},{"damage":3,"enemies":"4 Shapes","floor":44,"turns":6},{"damage":80,"enemies":"Nemesis","floor":46,"turns":9},{"damage":58,"enemies":"Giant Head","floor":48,"turns":6}],"relics_obtained":[{"floor":6,"key":"Girya"},{"floor":9,"key":"The Courier"},{"floor":17,"key":"Blood Vial"},{"floor":17,"key":"Ornamental Fan"},{"floor":17,"key":"Prayer Wheel"},{"floor":24,"key":"Kunai"},{"floor":41,"key":"Peace Pipe"},{"floor":43,"key":"Letter Opener"},{"floor":46,"key":"Pen Nib"}],"event_choices":[{"event_name":"Match and Keep!","player_choice":"1 cards matched","floor":2,"damage_taken":0},{"event_name":"Shining Light","player_choice":"Entered Light","floor":3,"damage_taken":0},{"event_name":"Golden Idol","player_choice":"Lose Max HP","floor":8,"damage_taken":0},{"event_name":"The Lab","player_choice":"Got Potions","floor":21,"damage_taken":0},{"event_name":"Forgotten Altar","player_choice":"Gave Idol","floor":22,"damage_taken":0},{"event_name":"Beggar","player_choice":"Gave Gold","floor":27,"damage_taken":0},{"event_name":"MindBloom","player_choice":"Fight","floor":41,"damage_taken":0}],"boss_relics":[{"not_picked":["Lizard Tail","Eternal Feather"],"picked":"Calling Bell"},{"not_picked":["Astrolabe","White Beast Statue"],"picked":"Tiny House"}],"items_purged_floors":[],"is_endless":false,"potions_floor_spawned":[1,12,19,30,31,35,39,42],"seed_played":"1865582433873730917","killed_by":"Giant Head","ascension_level":4,"potions_obtained":[{"floor":1,"key":"PowerPotion"},{"floor":12,"key":"Swift Potion"},{"floor":19,"key":"LiquidBronze"},{"floor":21,"key":"FocusPotion"},{"floor":21,"key":"FairyPotion"},{"floor":30,"key":"Regen Potion"},{"floor":31,"key":"EssenceOfSteel"},{"floor":34,"key":"FairyPotion"},{"floor":35,"key":"SkillPotion"},{"floor":39,"key":"Fire Potion"},{"floor":42,"key":"Ancient Potion"}],"is_trial":false}