{"path_per_floor":["M","M","M","M","?","R","M","M","T","M","?","M","?","$","R","B",null,"M","?","M","M","$","R","?","M","T","M","$","M","M","$","R","B",null,"M","M","?","?","M","R","M","R","T","$","M","M","$","?","R","B"],"character_chosen":"IRONCLAD","items_purchased":["Flash of Steel","Dropkick"],"gold_per_floor":[114,129,144,159,109,109,124,139,139,154,154,169,169,71,71,171,171,186,186,201,216,216,216,216,231,231,246,171,186,201,123,123,223,223,238,253,253,253,268,268,283,283,283,183,198,213,113,113,113,113],"floor_reached":51,"campfire_rested":0,"playtime":2595,"current_hp_per_floor":[80,80,80,80,80,80,79,70,76,76,76,76,58,58,58,64,92,92,98,95,103,103,103,103,103,103,103,103,103,101,101,101,98,108,105,103,103,103,105,105,102,102,108,108,104,101,101,101,101,92],"items_purged":["Defend_R","Juggernaut","Strike_R"],"gold":113,"score":897,"play_id":"305e893b-80d9-43eb-a070-9f706f024a8f","local_time":"20180313220424","daily_mods":["Diverse","Cursed Run","Vintage"],"is_prod":false,"is_daily":true,"is_ascension_mode":false,"campfire_upgraded":4,"timestamp":1521003864,"path_taken":["M","M","M","M","?","R","M","M","T","M","?","M","?","$","R","BOSS","M","?","M","M","?","R","?","M","T","M","$","?","M","?","R","BOSS","M","M","?","?","M","R","M","R","T","$","M","M","$","?","R","BOSS"],"build_version":"2018-03-09","purchased_purges":3,"victory":true,"master_deck":["Strike_R+1","Defend_R","Defend_R+1","Defend_R+1","Bash+1","Poisoned Stab+1","Blur","Clumsy","Flash of Steel+1","Injury","Barricade+1","Writhe","Flex+1","Dropkick+1","Body Slam+1","Disarm+1","Seeing Red+1","Disarm+1","Regret","Sentinel+1","Parasite"],"max_hp_per_floor":[80,80,80,80,80,80,80,80,86,86,86,86,86,86,86,92,92,92,98,98,108,108,108,108,108,108,108,108,108,108,108,108,108,108,108,108,108,108,108,108,108,108,114,114,114,114,114,114,114,120],"relics":["Cursed Key","Darkstone Periapt","Du-Vu Doll","Toxic Egg 2","Oddly Smooth Stone","Champion Belt","Shovel","Blue Candle","Anchor","Prayer Wheel","Toolbox","Kunai","Mercury Hourglass","Girya","Sozu","Pen Nib","Omamori","Meat on the Bone","Pear","War Paint","Bottled Tornado","Charon\u0027s Ashes","Thread and Needle","Vajra","Matryoshka","Orrery","Sundial","Shuriken","Whetstone","Ice Cream","Juzu Bracelet","Gambling Chip","Mummified Hand","The Courier"],"card_choices":[{"not_picked":["Bludgeon","Dark Embrace"],"picked":"Barricade"},{"not_picked":["Sever Soul","Body Slam"],"picked":"Flex"},{"not_picked":["Bludgeon","Fiend Fire"],"picked":"Juggernaut"},{"not_picked":["Flex","Searing Blow"],"picked":"Body Slam"},{"not_picked":["Body Slam","Rupture"],"picked":"Disarm"},{"not_picked":["Searing Blow","Headbutt"],"picked":"Seeing Red"},{"not_picked":["Flex","Inflame"],"picked":"Disarm"}],"player_experience":221726,"potions_floor_usage":[16,50,50],"damage_taken":[{"damage":0,"enemies":"2 Louse","floor":1,"turns":2},{"damage":0,"enemies":"Small Slimes","floor":2,"turns":3},{"damage":0,"enemies":"Jaw Worm","floor":3,"turns":3},{"damage":0,"enemies":"Looter","floor":4,"turns":3},{"damage":1,"enemies":"Large Slime","floor":7,"turns":6},{"damage":9,"enemies":"Blue Slaver","floor":8,"turns":3},{"damage":0,"enemies":"Exordium Wildlife","floor":10,"turns":4},{"damage":0,"enemies":"2 Fungi Beasts","floor":12,"turns":3},{"damage":0,"enemies":"Slime Boss","floor":16,"turns":9},{"damage":0,"enemies":"3 Byrds","floor":18,"turns":5},{"damage":3,"enemies":"Spheric Guardian","floor":20,"turns":4},{"damage":2,"enemies":"Centurion and Healer","floor":21,"turns":5},{"damage":0,"enemies":"Sentry and Sphere","floor":25,"turns":5},{"damage":0,"enemies":"Snecko","floor":27,"turns":4},{"damage":0,"enemies":"Snake Plant","floor":29,"turns":3},{"damage":6,"enemies":"Slaver and Parasite","floor":30,"turns":4},{"damage":3,"enemies":"Automaton","floor":33,"turns":8},{"damage":3,"enemies":"Orb Walker","floor":35,"turns":3},{"damage":2,"enemies":"3 Shapes","floor":36,"turns":3},{"damage":2,"enemies":"3 Darklings","floor":39,"turns":3},{"damage":3,"enemies":"Maw","floor":41,"turns":5},{"damage":4,"enemies":"4 Shapes","floor":45,"turns":5},{"damage":3,"enemies":"3 Darklings","floor":46,"turns":3},{"damage":15,"enemies":"Awakened One","floor":50,"turns":9}],"event_choices":[{"event_name":"The Cleric","player_choice":"Card Removal","floor":5,"damage_taken":0},{"event_name":"Living Wall","player_choice":"Grow","floor":11,"damage_taken":0},{"event_name":"Scrap Ooze","player_choice":"success","floor":13,"damage_taken":18},{"event_name":"The Mausoleum","player_choice":"Yes","floor":19,"damage_taken":0},{"event_name":"The Woman in Blue","player_choice":"Bought 0 Potions","floor":24,"damage_taken":0},{"event_name":"Fountain of Cleansing","player_choice":"Ignored","floor":37,"damage_taken":0},{"event_name":"Purifier","player_choice":"One Purge","floor":38,"damage_taken":0},{"event_name":"Transmorgrifier","player_choice":"Transform","floor":48,"damage_taken":0}],"boss_relics":[{"not_picked":["Runic Dome","Astrolabe"],"picked":"Sozu"},{"not_picked":["Tiny House","Black Star"],"picked":"Orrery"}],"potions_floor_spawned":[1,4,7,12,18,21,33,41,45,46],"seed_played":"2308081983426786839","ascension_level":0,"is_trial":false}