{"gold_per_floor":[209,95,65,83,83,83,83,83,83,56,67,67,67,101,101,199,199,212,212,66,80,2,2,101,115,115,115,136,136,151,151],"floor_reached":31,"playtime":1301,"items_purged":["Strike_B"],"score":381,"play_id":"d754738b-5f69-454a-8a0f-88dc3a5bd372","local_time":"20180922020214","is_ascension_mode":true,"campfire_choices":[{"data":"Loop","floor":6,"key":"SMITH"},{"data":"Dualcast","floor":8,"key":"SMITH"},{"floor":13,"key":"REST"},{"floor":15,"key":"REST"},{"floor":23,"key":"REST"},{"floor":29,"key":"REST"}],"neow_cost":"NONE","seed_source_timestamp":565545153335711,"circlet_count":0,"master_deck":["Strike_B","Strike_B","Strike_B","Defend_B","Defend_B","Defend_B","Defend_B","Zap+1","Dualcast+1","AscendersBane","Capacitor","Loop+1","Cold Snap","Conserve Battery","Ball Lightning","Compile Driver","Melter","Sweeping Beam","Consume","Loop+1","Coolheaded","Reinforced Body","Ball Lightning+1"],"relics":["Cracked Core","Matryoshka","Golden Idol","Lantern","Orrery","Bronze Scales","Anchor","Frozen Egg 2"],"potions_floor_usage":[14,14,21,27],"damage_taken":[{"damage":8,"enemies":"2 Louse","floor":1,"turns":3},{"damage":8,"enemies":"Jaw Worm","floor":4,"turns":5},{"damage":1,"enemies":"Cultist","floor":11,"turns":3},{"damage":2,"enemies":"Gremlin Nob","floor":14,"turns":3},{"damage":43,"enemies":"The Guardian","floor":16,"turns":16},{"damage":22,"enemies":"Shell Parasite","floor":18,"turns":5},{"damage":5,"enemies":"Chosen","floor":21,"turns":5},{"damage":25,"enemies":"Centurion and Healer","floor":25,"turns":6},{"damage":19,"enemies":"Colosseum Slavers","floor":27,"turns":4},{"damage":1,"enemies":"Chosen and Byrds","floor":28,"turns":4},{"damage":4,"enemies":"Sentry and Sphere","floor":30,"turns":4},{"damage":42,"enemies":"3 Cultists","floor":31,"turns":4}],"seed_played":"-2705479576711265622","potions_obtained":[{"floor":1,"key":"Fire Potion"},{"floor":11,"key":"Strength Potion"},{"floor":18,"key":"Poison Potion"},{"floor":21,"key":"Poison Potion"}],"is_trial":false,"path_per_floor":["M","$","?","M","?","R","?","R","T","$","M","?","R","E","R","B",null,"M","?","$","M","$","R","?","M","T","?","M","R","M"],"character_chosen":"DEFECT","items_purchased":["Loop","Cold Snap","Bronze Scales","Reinforced Body"],"campfire_rested":4,"item_purchase_floors":[2,10,20,22],"current_hp_per_floor":[60,60,60,52,52,52,52,52,52,52,51,33,55,53,75,32,64,42,42,42,37,37,59,59,34,34,15,14,36,32,0],"gold":151,"neow_bonus":"HUNDRED_GOLD","is_prod":false,"is_daily":false,"chose_seed":false,"campfire_upgraded":2,"win_rate":0,"timestamp":1537574534,"path_taken":["M","$","?","M","?","R","?","R","T","$","?","?","R","E","R","BOSS","M","?","$","M","$","R","?","M","T","?","?","R","M","M"],"build_version":"2018-09-20","purchased_purges":1,"victory":false,"max_hp_per_floor":[75,75,75,75,75,75,75,75,75,75,75,75,75,75,75,75,75,75,75,75,75,75,75,75,75,75,75,75,75,75,75],"card_choices":[{"not_picked":["Hologram","Turbo"],"picked":"Capacitor","floor":1},{"not_picked":["Stack","Skim","Sweeping Beam"],"picked":"SKIP","floor":4},{"not_picked":["Skim","Beam Cell","Barrage"],"picked":"SKIP","floor":11},{"not_picked":["Barrage","Go for the Eyes"],"picked":"Conserve Battery","floor":14},{"not_picked":["Turbo","Gash"],"picked":"Ball Lightning","floor":17},{"not_picked":["Go for the Eyes","Leap"],"picked":"Compile Driver","floor":17},{"not_picked":["White Noise","Go for the Eyes"],"picked":"Melter","floor":17},{"not_picked":["Gash","Reprogram"],"picked":"Sweeping Beam","floor":17},{"not_picked":["Blizzard+1","Gash"],"picked":"Consume","floor":18},{"not_picked":["Redo+1","Melter"],"picked":"Coolheaded","floor":21},{"not_picked":["Leap","Machine Learning","Blizzard"],"picked":"SKIP","floor":25},{"not_picked":["Redo","Barrage","Beam Cell"],"picked":"SKIP","floor":28},{"not_picked":["Reprogram","Sweeping Beam+1"],"picked":"Ball Lightning+1","floor":30}],"player_experience":505740,"relics_obtained":[{"floor":9,"key":"Matryoshka"},{"floor":14,"key":"Lantern"},{"floor":26,"key":"Anchor"},{"floor":26,"key":"Frozen Egg 2"}],"event_choices":[{"event_name":"World of Goop","player_choice":"Left","floor":3,"damage_taken":0},{"event_name":"Liars Game","player_choice":"disagreed","floor":5,"damage_taken":0},{"event_name":"Living Wall","player_choice":"Grow","floor":7,"damage_taken":0},{"event_name":"Golden Idol","player_choice":"Take Damage","floor":12,"damage_taken":0},{"event_name":"Duplicator","player_choice":"One dupe","floor":19,"damage_taken":0},{"event_name":"Nest","player_choice":"Stole From Cult","floor":24,"damage_taken":0},{"event_name":"Colosseum","player_choice":"Fight","floor":27,"damage_taken":0},{"event_name":"Colosseum","player_choice":"Fled From Nobs","floor":27,"damage_taken":0}],"is_beta":false,"boss_relics":[{"not_picked":["Black Star","Tiny House"],"picked":"Orrery"}],"items_purged_floors":[2],"is_endless":false,"potions_floor_spawned":[1,11,18,21],"killed_by":"3 Cultists","ascension_level":13}