{"gold_per_floor":[117,117,130,130,130,130,163,48,105,105,105,43,43,59,59,154,154,145,168,168,23,36,36,0,19,72,90,15,15,15,15,15,15],"floor_reached":33,"playtime":2543,"items_purged":["Strike_B","Strike_B"],"score":398,"play_id":"f85d189f-4cb4-4404-a811-f13aa880daf4","local_time":"20180921192548","is_ascension_mode":true,"campfire_choices":[{"floor":6,"key":"REST"},{"floor":11,"key":"REST"},{"floor":13,"key":"REST"},{"data":"Zap","floor":15,"key":"SMITH"},{"floor":23,"key":"REST"},{"floor":32,"key":"REST"}],"neow_cost":"NONE","seed_source_timestamp":540515680627945,"circlet_count":0,"master_deck":["Defend_B","Defend_B","Defend_B","Defend_B","Zap+1","Dualcast+1","AscendersBane","Reinforced Body","Defragment","Ball Lightning","BootSequence","Doom and Gloom","Electrodynamics","Static Discharge","Conserve Battery","Leap","Auto Shields"],"relics":["Cracked Core","Blood Vial","The Courier","Golden Idol","Matryoshka","Happy Flower","Tiny Chest","Eternal Feather","Juzu Bracelet","Bronze Scales","Symbiotic Virus"],"potions_floor_usage":[7,16,18,22,22,33],"damage_taken":[{"damage":7,"enemies":"Jaw Worm","floor":1,"turns":3},{"damage":1,"enemies":"Cultist","floor":3,"turns":3},{"damage":40,"enemies":"Gremlin Nob","floor":7,"turns":4},{"damage":0,"enemies":"2 Louse","floor":14,"turns":2},{"damage":64,"enemies":"Hexaghost","floor":16,"turns":10},{"damage":13,"enemies":"2 Thieves","floor":18,"turns":4},{"damage":19,"enemies":"Spheric Guardian","floor":19,"turns":4},{"damage":0,"enemies":"3 Cultists","floor":22,"turns":2},{"damage":37,"enemies":"Shelled Parasite and Fungi","floor":25,"turns":4},{"damage":8,"enemies":"Chosen and Byrds","floor":27,"turns":4},{"damage":61,"enemies":"Champ","floor":33,"turns":9}],"seed_played":"2239006200407557047","potions_obtained":[{"floor":3,"key":"FocusPotion"},{"floor":7,"key":"AttackPotion"},{"floor":16,"key":"GamblersBrew"},{"floor":18,"key":"FocusPotion"},{"floor":19,"key":"SkillPotion"},{"floor":31,"key":"Strength Potion"},{"floor":31,"key":"SmokeBomb"}],"is_trial":false,"path_per_floor":["M","?","M","?","?","R","E","$","T","?","R","$","R","M","R","B",null,"M","M","?","$","M","R","?","M","T","M","?","$","T","?","R"],"character_chosen":"DEFECT","items_purchased":["BootSequence","Doom and Gloom","Static Discharge"],"campfire_rested":5,"item_purchase_floors":[8,12,21],"current_hp_per_floor":[63,56,57,54,36,58,20,20,20,20,42,42,64,66,66,4,57,46,29,29,29,31,62,62,27,27,21,21,21,21,21,52,0],"gold":15,"neow_bonus":"RANDOM_COMMON_RELIC","is_prod":false,"is_daily":false,"chose_seed":false,"campfire_upgraded":1,"win_rate":0,"timestamp":1537550748,"path_taken":["M","?","M","?","?","R","E","$","T","?","R","$","R","M","R","BOSS","M","M","?","$","M","R","?","M","T","M","?","$","?","?","R","BOSS"],"build_version":"2018-09-20","purchased_purges":2,"victory":false,"max_hp_per_floor":[75,75,75,75,75,75,75,75,75,75,75,75,75,75,75,75,75,75,75,75,75,75,75,75,75,75,75,75,75,75,75,75,75],"card_choices":[{"not_picked":["Coolheaded","Turbo"],"picked":"Reinforced Body","floor":1},{"not_picked":["Turbo","Hologram"],"picked":"Defragment","floor":3},{"not_picked":["Chaos","Barrage"],"picked":"Ball Lightning","floor":7},{"not_picked":["Creative AI","Streamline","Hologram"],"picked":"SKIP","floor":14},{"not_picked":["Fission","All For One"],"picked":"Electrodynamics","floor":16},{"not_picked":["Cold Snap","Redo","Heatsinks"],"picked":"SKIP","floor":18},{"not_picked":["Sweeping Beam","Scrape","Stack"],"picked":"SKIP","floor":19},{"not_picked":["Hello World","Turbo"],"picked":"Conserve Battery","floor":22},{"not_picked":["Go for the Eyes","Defragment"],"picked":"Leap","floor":25},{"not_picked":["Beam Cell","Undo"],"picked":"Auto Shields","floor":27}],"player_experience":481073,"relics_obtained":[{"floor":7,"key":"Matryoshka"},{"floor":9,"key":"Happy Flower"},{"floor":9,"key":"Tiny Chest"},{"floor":26,"key":"Juzu Bracelet"},{"floor":26,"key":"Bronze Scales"},{"floor":30,"key":"Symbiotic Virus"}],"event_choices":[{"event_name":"Wheel of Change","player_choice":"Damage","floor":2,"damage_taken":0},{"event_name":"Scrap Ooze","player_choice":"success","floor":4,"damage_taken":3},{"event_name":"Golden Idol","player_choice":"Take Damage","floor":5,"damage_taken":0},{"event_name":"Accursed Blacksmith","player_choice":"Forge","floor":10,"damage_taken":0},{"event_name":"Back to Basics","player_choice":"Elegance","floor":20,"damage_taken":0},{"event_name":"Masked Bandits","player_choice":"Paid Fearfully","floor":24,"damage_taken":0},{"event_name":"Beggar","player_choice":"Gave Gold","floor":28,"damage_taken":0},{"event_name":"The Lab","player_choice":"Got Potions","floor":31,"damage_taken":0}],"is_beta":false,"boss_relics":[{"not_picked":["Busted Crown","Pandora\u0027s Box"],"picked":"Eternal Feather"}],"items_purged_floors":[8,21],"is_endless":false,"potions_floor_spawned":[3,7,16,18,19],"killed_by":"Champ","ascension_level":13}