{"gold_per_floor":[111,81,99,117,137,137,62,137,163,44,61,6,6,37,37,114,114,129,29,49,49,99,99],"floor_reached":23,"playtime":2340,"items_purged":["Strike_B","Defend_B"],"score":369,"play_id":"c720f3e2-6e0f-48d0-a0c9-1e30eda0e57f","local_time":"20190320150732","is_ascension_mode":true,"campfire_choices":[{"floor":6,"key":"REST"},{"data":"Zap","floor":13,"key":"SMITH"},{"data":"Dualcast","floor":15,"key":"SMITH"}],"neow_cost":"NONE","seed_source_timestamp":86975315831188,"circlet_count":0,"master_deck":["AscendersBane","Strike_B","Strike_B","Strike_B","Defend_B","Defend_B","Zap+1","Dualcast+1","Gash","Gash","Conserve Battery","Ball Lightning","Self Repair","White Noise","Ball Lightning","White Noise","Electrodynamics","Melter"],"relics":["Cracked Core","Regal Pillow","Bronze Scales","Dream Catcher","Black Star","Nilry\u0027s Codex"],"potions_floor_usage":[14,16,18,23,23],"damage_taken":[{"damage":0,"enemies":"2 Louse","floor":1,"turns":2},{"damage":6,"enemies":"Cultist","floor":3,"turns":3},{"damage":7,"enemies":"Jaw Worm","floor":4,"turns":2},{"damage":4,"enemies":"Blue Slaver","floor":5,"turns":3},{"damage":6,"enemies":"2 Fungi Beasts","floor":11,"turns":3},{"damage":13,"enemies":"3 Sentries","floor":14,"turns":5},{"damage":33,"enemies":"The Guardian","floor":16,"turns":7},{"damage":43,"enemies":"Shell Parasite","floor":18,"turns":5},{"damage":4,"enemies":"Spheric Guardian","floor":20,"turns":3},{"damage":22,"enemies":"Gremlin Leader","floor":23,"turns":2}],"seed_played":"-313502373698724235","potions_obtained":[{"floor":2,"key":"Explosive Potion"},{"floor":2,"key":"Energy Potion"},{"floor":3,"key":"Explosive Potion"},{"floor":4,"key":"FocusPotion"},{"floor":14,"key":"Swift Potion"},{"floor":16,"key":"Weak Potion"},{"floor":18,"key":"Regen Potion"},{"floor":20,"key":"Fire Potion"}],"is_trial":false,"path_per_floor":["M","?","M","M","M","R","?","?","T","$","M","$","R","E","R","B",null,"M","$","M","?","?","E"],"character_chosen":"DEFECT","items_purchased":["Self Repair","Ball Lightning"],"campfire_rested":1,"item_purchase_floors":[10,12],"current_hp_per_floor":[64,64,58,51,47,71,71,60,60,60,61,61,61,55,55,29,61,25,25,28,7,7,0],"gold":99,"neow_bonus":"RANDOM_COMMON_RELIC","is_prod":false,"is_daily":false,"chose_seed":false,"campfire_upgraded":2,"win_rate":0,"timestamp":1553090852,"path_taken":["M","?","M","M","?","R","?","?","T","$","M","$","R","E","R","BOSS","M","$","M","?","?","E"],"build_version":"2019-01-23","purchased_purges":2,"victory":false,"max_hp_per_floor":[71,71,71,71,71,71,71,71,71,71,71,71,71,71,71,71,71,71,71,71,71,71,71],"card_choices":[{"not_picked":["Leap","Tempest"],"picked":"Gash","floor":1},{"not_picked":["Beam Cell","Turbo"],"picked":"Gash","floor":3},{"not_picked":["Compile Driver","Force Field"],"picked":"Conserve Battery","floor":4},{"not_picked":["Steam","Seek"],"picked":"Ball Lightning","floor":5},{"not_picked":["Go for the Eyes","Stack"],"picked":"White Noise","floor":11},{"not_picked":["Coolheaded","Fission"],"picked":"White Noise","floor":14},{"not_picked":["Amplify","All For One"],"picked":"Electrodynamics","floor":16},{"not_picked":["Rebound","Cold Snap"],"picked":"Melter","floor":18},{"not_picked":["Beam Cell","Sweeping Beam","Hologram"],"picked":"SKIP","floor":20}],"player_experience":771406,"relics_obtained":[{"floor":9,"key":"Bronze Scales"},{"floor":14,"key":"Dream Catcher"},{"floor":21,"key":"Nilry\u0027s Codex"}],"event_choices":[{"damage_healed":0,"gold_gain":0,"player_choice":"Bought 2 Potions","damage_taken":0,"max_hp_gain":0,"max_hp_loss":0,"event_name":"The Woman in Blue","floor":2,"gold_loss":0},{"cards_removed":["Defend_B"],"damage_healed":0,"gold_gain":0,"player_choice":"Card Removal","damage_taken":0,"max_hp_gain":0,"max_hp_loss":0,"event_name":"The Cleric","floor":7,"gold_loss":75},{"damage_healed":0,"gold_gain":75,"player_choice":"Gather Gold","damage_taken":11,"max_hp_gain":0,"max_hp_loss":0,"event_name":"World of Goop","floor":8,"gold_loss":0},{"damage_healed":0,"gold_gain":0,"player_choice":"Obtained Book","damage_taken":21,"max_hp_gain":0,"max_hp_loss":0,"event_name":"Cursed Tome","floor":21,"gold_loss":0},{"damage_healed":0,"gold_gain":50,"player_choice":"Stole From Cult","damage_taken":0,"max_hp_gain":0,"max_hp_loss":0,"event_name":"Nest","floor":22,"gold_loss":0}],"is_beta":false,"boss_relics":[{"not_picked":["Tiny House","Busted Crown"],"picked":"Black Star"}],"items_purged_floors":[10,19],"is_endless":false,"potions_floor_spawned":[3,4,14,16,18,20],"killed_by":"Gremlin Leader","ascension_level":19}