{"path_per_floor":["M","M","M","?","M","R","E","R","T","M","R","$","?","E","R","B",null,"M","?","M","M","M","R","?","E","T","M","$","E","M","$","R","B",null,"M","M","?","M","?","R","E","R","T","M","$","R","M","?","R"],"character_chosen":"IRONCLAD","items_purchased":["Orichalcum","Charon\u0027s Ashes","Purity","Master of Strategy","Warcry","Heavy Blade"],"gold_per_floor":[119,139,153,153,169,169,198,198,198,218,218,0,0,25,25,120,120,136,136,148,160,176,176,176,203,503,515,8,36,51,51,51,153,183,201,220,320,339,339,339,364,364,391,407,68,68,86,86,86,86],"floor_reached":50,"campfire_rested":2,"playtime":2617,"current_hp_per_floor":[77,80,80,80,80,80,67,67,67,67,67,67,60,66,66,57,74,70,55,58,57,43,83,83,62,62,74,74,79,84,84,84,85,92,88,85,85,69,69,69,28,72,72,69,69,69,88,83,83,0],"items_purged":["Normality","Injury","Writhe"],"gold":86,"score":821,"play_id":"4140c8d5-9aeb-42a1-aaa4-aa316902b73c","local_time":"20180403134257","is_prod":false,"is_daily":false,"is_ascension_mode":true,"campfire_upgraded":8,"timestamp":1522755777,"path_taken":["M","M","M","?","M","R","E","R","T","M","R","$","?","E","R","BOSS","M","?","M","M","M","R","?","E","T","M","$","E","M","?","R","BOSS","M","M","?","M","?","R","E","R","T","M","$","R","M","?","R","BOSS"],"build_version":"2018-03-29v2","purchased_purges":3,"victory":false,"master_deck":["Strike_R","Strike_R","Strike_R","Defend_R","Defend_R","Defend_R","Bash+1","Battle Trance","Twin Strike+1","Rage+1","Headbutt","Clothesline+1","Impervious","Spot Weakness","Reaper+1","Havoc+1","Hemokinesis+1","Feel No Pain+1","Fiend Fire+1","True Grit+1","Purity","Havoc+1","Feed","Decay","Writhe","Ghostly Armor","Demon Form+1","Disarm+1","Sword Boomerang","Body Slam+1","Writhe","Warcry+1","Master of Strategy+1","Warcry+1","Heavy Blade+1","Inflame+1","Panacea+1","Dark Shackles+1"],"max_hp_per_floor":[80,80,80,80,80,80,80,80,80,80,80,80,80,80,80,80,80,80,85,85,85,85,85,85,85,85,85,85,85,85,85,85,85,92,92,95,95,98,98,98,98,98,98,98,98,98,101,101,101,104],"relics":["Burning Blood","Happy Flower","Regal Pillow","Red Skull","Orichalcum","Frozen Egg 2","Cursed Key","Meat on the Bone","Old Coin","Charon\u0027s Ashes","Calipers","Calling Bell","The Courier","Tiny Chest","Strawberry","Toxic Egg 2","Juzu Bracelet"],"card_choices":[{"not_picked":["Second Wind","Dual Wield"],"picked":"Twin Strike","floor":1},{"not_picked":["Armaments","Iron Wave"],"picked":"Rage","floor":2},{"not_picked":["Thunderclap","Pommel Strike"],"picked":"Headbutt","floor":3},{"not_picked":["Fire Breathing","Spot Weakness"],"picked":"Clothesline","floor":7},{"not_picked":["Evolve","Body Slam"],"picked":"Impervious","floor":10},{"not_picked":["Dropkick","Warcry"],"picked":"Spot Weakness","floor":14},{"not_picked":["Dark Embrace","Double Tap"],"picked":"Reaper","floor":16},{"not_picked":["Iron Wave","Perfected Strike"],"picked":"Havoc","floor":18},{"not_picked":["Clash","Ghostly Armor"],"picked":"Hemokinesis","floor":20},{"not_picked":["Wild Strike","Spot Weakness"],"picked":"Feel No Pain","floor":21},{"not_picked":["Pummel","Havoc"],"picked":"True Grit","floor":27},{"not_picked":["Ghostly Armor","Anger"],"picked":"Havoc","floor":30},{"not_picked":["Brutality","Immolate"],"picked":"Feed","floor":33},{"not_picked":["Body Slam","Thunderclap"],"picked":"Ghostly Armor","floor":35},{"not_picked":["Anger","Disarm"],"picked":"Demon Form","floor":36},{"not_picked":["Cleave","Infernal Blade"],"picked":"Disarm","floor":38},{"not_picked":["Thunderclap","Pommel Strike"],"picked":"Body Slam","floor":41},{"not_picked":["Rage","Pummel"],"picked":"Warcry","floor":44},{"not_picked":["Clothesline","Reckless Charge"],"picked":"Inflame","floor":47},{"not_picked":["Sadistic Nature","Trip"],"picked":"Panacea","floor":48},{"not_picked":["Bandage Up","Finesse"],"picked":"Dark Shackles","floor":48}],"player_experience":209310,"potions_floor_usage":[16,25,29,33,33,38,38,41],"damage_taken":[{"damage":9,"enemies":"Jaw Worm","floor":1,"turns":5},{"damage":1,"enemies":"Cultist","floor":2,"turns":3},{"damage":0,"enemies":"Small Slimes","floor":3,"turns":3},{"damage":5,"enemies":"Looter","floor":5,"turns":2},{"damage":19,"enemies":"Gremlin Nob","floor":7,"turns":4},{"damage":6,"enemies":"Red Slaver","floor":10,"turns":3},{"damage":0,"enemies":"3 Sentries","floor":14,"turns":8},{"damage":30,"enemies":"Hexaghost","floor":16,"turns":8},{"damage":10,"enemies":"Shell Parasite","floor":18,"turns":4},{"damage":17,"enemies":"2 Thieves","floor":20,"turns":4},{"damage":22,"enemies":"Slaver and Parasite","floor":21,"turns":5},{"damage":20,"enemies":"Sentry and Sphere","floor":22,"turns":4},{"damage":33,"enemies":"Gremlin Leader","floor":25,"turns":7},{"damage":2,"enemies":"Centurion and Healer","floor":27,"turns":8},{"damage":19,"enemies":"Slavers","floor":29,"turns":5},{"damage":5,"enemies":"Snecko","floor":30,"turns":4},{"damage":2,"enemies":"Automaton","floor":33,"turns":9},{"damage":10,"enemies":"Orb Walker","floor":35,"turns":3},{"damage":24,"enemies":"3 Shapes","floor":36,"turns":6},{"damage":32,"enemies":"Maw","floor":38,"turns":8},{"damage":72,"enemies":"Giant Head","floor":41,"turns":9},{"damage":32,"enemies":"3 Darklings","floor":44,"turns":5},{"damage":22,"enemies":"Sphere and 2 Shapes","floor":47,"turns":4},{"damage":137,"enemies":"Awakened One","floor":50,"turns":9}],"event_choices":[{"event_name":"Accursed Blacksmith","player_choice":"Rummage","floor":4,"damage_taken":0},{"event_name":"Golden Wing","player_choice":"Card Removal","floor":13,"damage_taken":0},{"event_name":"Forgotten Altar","player_choice":"Shed Blood","floor":19,"damage_taken":0},{"event_name":"The Library","player_choice":"Read","floor":24,"damage_taken":0},{"event_name":"Golden Shrine","player_choice":"Pray","floor":37,"damage_taken":0},{"event_name":"Transmorgrifier","player_choice":"Transform","floor":39,"damage_taken":0},{"event_name":"SensoryStone","player_choice":"Memory 2","floor":48,"damage_taken":0}],"boss_relics":[{"not_picked":["Ectoplasm","Lizard Tail"],"picked":"Cursed Key"},{"not_picked":["Black Star","Runic Cube"],"picked":"Calling Bell"}],"potions_floor_spawned":[3,5,7,14,16,21,25,27,30,33,38,44],"seed_played":"-1984728369189457347","killed_by":"Awakened One","ascension_level":5,"is_trial":false}