{"gold_per_floor":[116,129,147,165,182,212,229,229,311,326,206,234,234,252,252,356,356,371,6,6,18,38,69,86,86,86,86],"floor_reached":27,"playtime":1475,"items_purged":["Strike_G","Strike_G"],"score":274,"play_id":"7cff7c0f-959f-49bd-a057-132173e97d54","local_time":"20190325161102","is_ascension_mode":true,"campfire_choices":[{"floor":8,"key":"REST"},{"data":"Infinite Blades","floor":13,"key":"SMITH"},{"floor":15,"key":"REST"},{"floor":25,"key":"REST"}],"neow_cost":"NONE","seed_source_timestamp":7003266356072,"circlet_count":0,"master_deck":["Defend_G","Defend_G","Defend_G","Defend_G","Defend_G","Strike_G","Strike_G","Strike_G","Survivor","Neutralize+1","Infinite Blades+1","Sucker Punch","Choke","Quick Slash","Dagger Throw","Crippling Poison","Underhanded Strike","Backstab","Acrobatics","Prepared","Sucker Punch","Storm of Steel","Prepared","Panache","Cloak And Dagger","Predator","Dodge and Roll","Bullet Time","Envenom","Slice","Blur"],"relics":["WristBlade","Mercury Hourglass","Kunai","Dream Catcher","Sozu","Tingsha"],"potions_floor_usage":[6,12,16,18,27],"damage_taken":[{"damage":0,"enemies":"Cultist","floor":1,"turns":4},{"damage":2,"enemies":"2 Louse","floor":2,"turns":3},{"damage":2,"enemies":"Small Slimes","floor":3,"turns":3},{"damage":14,"enemies":"Looter","floor":4,"turns":3},{"damage":0,"enemies":"Large Slime","floor":5,"turns":5},{"damage":32,"enemies":"3 Sentries","floor":6,"turns":6},{"damage":5,"enemies":"Red Slaver","floor":7,"turns":2},{"damage":0,"enemies":"Exordium Thugs","floor":10,"turns":3},{"damage":7,"enemies":"Gremlin Nob","floor":12,"turns":4},{"damage":9,"enemies":"Blue Slaver","floor":14,"turns":3},{"damage":28,"enemies":"Hexaghost","floor":16,"turns":9},{"damage":23,"enemies":"2 Thieves","floor":18,"turns":3},{"damage":12,"enemies":"3 Byrds","floor":21,"turns":3},{"damage":8,"enemies":"Snecko","floor":22,"turns":4},{"damage":16,"enemies":"Book of Stabbing","floor":23,"turns":5},{"damage":2,"enemies":"Sentry and Sphere","floor":24,"turns":3},{"damage":33,"enemies":"Centurion and Healer","floor":27,"turns":2}],"seed_played":"-125289724789689404","potions_obtained":[{"floor":3,"key":"GhostInAJar"},{"floor":5,"key":"LiquidBronze"},{"floor":7,"key":"Dexterity Potion"},{"floor":14,"key":"Ancient Potion"},{"floor":16,"key":"EntropicBrew"}],"is_trial":false,"path_per_floor":["M","M","M","M","M","E","M","R","T","M","$","E","R","M","R","B",null,"M","$","?","M","M","E","M","R","T","M"],"character_chosen":"THE_SILENT","items_purchased":["Acrobatics","Panache","Cloak And Dagger","Predator"],"campfire_rested":3,"item_purchase_floors":[11,19,19,19],"current_hp_per_floor":[70,68,66,52,52,20,15,36,36,36,36,29,29,20,41,13,70,47,47,47,35,27,11,9,30,30,0],"gold":86,"neow_bonus":"BOSS_RELIC","is_prod":false,"is_daily":false,"chose_seed":false,"campfire_upgraded":1,"win_rate":0,"timestamp":1553530262,"path_taken":["M","?","?","M","?","E","?","R","T","M","?","E","R","M","R","BOSS","M","$","?","M","M","E","M","R","T","M"],"build_version":"2019-01-23","purchased_purges":2,"victory":false,"max_hp_per_floor":[70,70,70,70,70,70,70,70,70,70,70,70,70,70,70,70,70,70,70,70,70,70,70,70,70,70,70],"card_choices":[{"not_picked":["PiercingWail","Masterful Stab"],"picked":"Infinite Blades","floor":1},{"not_picked":["Underhanded Strike","Catalyst"],"picked":"Sucker Punch","floor":2},{"not_picked":["Dagger Spray","Deadly Poison"],"picked":"Choke","floor":3},{"not_picked":["Wraith Form v2","Prepared"],"picked":"Quick Slash","floor":4},{"not_picked":["Deadly Poison","Quick Slash"],"picked":"Dagger Throw","floor":5},{"not_picked":["Finisher","Quick Slash"],"picked":"Crippling Poison","floor":6},{"not_picked":["Deadly Poison","All Out Attack"],"picked":"Underhanded Strike","floor":7},{"not_picked":["Deadly Poison","Unload"],"picked":"Backstab","floor":10},{"not_picked":["Concentrate","Outmaneuver","Sucker Punch"],"picked":"SKIP","floor":12},{"not_picked":["Catalyst","Crippling Poison"],"picked":"Prepared","floor":14},{"not_picked":["Riddle With Holes","Deflect"],"picked":"Sucker Punch","floor":15},{"not_picked":["Night Terror","Malaise"],"picked":"Storm of Steel","floor":16},{"not_picked":["Quick Slash","PiercingWail"],"picked":"Prepared","floor":18},{"not_picked":["Catalyst","Backflip"],"picked":"Dodge and Roll","floor":21},{"not_picked":["Tactician+1","Slice"],"picked":"Bullet Time","floor":22},{"not_picked":["Slice","Venomology"],"picked":"Envenom","floor":23},{"not_picked":["Flechettes+1","Setup"],"picked":"Slice","floor":24},{"not_picked":["Bane","Tactician"],"picked":"Blur","floor":25}],"player_experience":203676,"relics_obtained":[{"floor":6,"key":"Mercury Hourglass"},{"floor":9,"key":"Kunai"},{"floor":12,"key":"Dream Catcher"},{"floor":23,"key":"Tingsha"}],"event_choices":[{"damage_healed":0,"gold_gain":0,"player_choice":"Forge","damage_taken":0,"max_hp_gain":0,"max_hp_loss":0,"event_name":"Accursed Blacksmith","floor":20,"gold_loss":0,"cards_upgraded":["Neutralize"]}],"is_beta":false,"boss_relics":[{"not_picked":["Coffee Dripper","Tiny House"],"picked":"Sozu"}],"items_purged_floors":[11,19],"is_endless":false,"potions_floor_spawned":[3,5,7,14,16,18,21,22,24],"killed_by":"Centurion and Healer","ascension_level":2}