{"path_per_floor":["M","?","?","M","M","E","M","M","T","E","M","R","M","?","R","B",null,"M","$","?","M","M","R","E","R","T","E","$","M","E","M","R"],"character_chosen":"THE_SILENT","items_purchased":["Footwork","Meat on the Bone","Lantern"],"gold_per_floor":[119,69,39,55,68,99,114,124,124,155,171,171,191,191,191,288,288,301,26,26,44,63,63,90,90,116,151,3,18,48,68,68,68],"floor_reached":33,"campfire_rested":3,"playtime":1985,"current_hp_per_floor":[63,63,63,63,63,45,42,31,31,28,25,46,46,21,42,39,62,51,51,35,29,33,54,46,46,46,36,36,36,40,40,40,0],"items_purged":[],"gold":68,"score":510,"play_id":"0c419d2c-372d-4ebe-96ff-589495d6f6f4","local_time":"20180512163321","is_prod":false,"is_daily":false,"chose_seed":false,"is_ascension_mode":true,"campfire_upgraded":2,"timestamp":1526168001,"path_taken":["M","?","?","?","M","E","M","M","T","E","M","R","M","?","R","BOSS","M","$","?","?","M","R","E","R","T","E","$","M","E","M","R","BOSS"],"build_version":"2018-05-10","seed_source_timestamp":316254571167530,"purchased_purges":1,"victory":false,"master_deck":["Defend_G","Defend_G+1","Defend_G","Strike_G","Strike_G","Strike_G","Survivor","Neutralize","AscendersBane","All Out Attack+1","Terror+1","Dodge and Roll+1","Dagger Spray","Flying Knee","Escape Plan","Bouncing Flask","Acrobatics","Escape Plan+1","After Image+1","Dodge and Roll","Flying Knee","A Thousand Cuts+1","Deflect+1","Footwork","Infinite Blades+1","Backstab","Flying Knee+1","Caltrops+1"],"max_hp_per_floor":[70,70,70,70,70,70,70,70,70,70,70,70,70,70,70,70,70,70,70,70,70,70,70,70,70,70,70,70,70,70,70,70,70],"relics":["Astrolabe","Centennial Puzzle","Tingsha","Toolbox","Ice Cream","Meat on the Bone","Enchiridion","Ninja Scroll","War Paint","Bronze Scales","Lantern","Snake Skull"],"card_choices":[{"not_picked":["PiercingWail","Dash"],"picked":"Dagger Spray","floor":1},{"not_picked":["Setup","Dagger Spray"],"picked":"Flying Knee","floor":4},{"not_picked":["Quick Slash","Predator"],"picked":"Escape Plan","floor":5},{"not_picked":["Flying Knee","Predator"],"picked":"Bouncing Flask","floor":6},{"not_picked":["Poisoned Stab","Bane"],"picked":"Acrobatics","floor":7},{"not_picked":["Bane","Finisher"],"picked":"Escape Plan","floor":8},{"not_picked":["Phantasmal Killer","Dagger Spray"],"picked":"After Image","floor":10},{"not_picked":["Calculated Gamble","Choke"],"picked":"Dodge and Roll","floor":11},{"not_picked":["Well Laid Plans","Deadly Poison"],"picked":"Flying Knee","floor":13},{"not_picked":["Night Terror","Tactician"],"picked":"A Thousand Cuts","floor":16},{"not_picked":["Reflex","Expertise"],"picked":"Deflect","floor":18},{"not_picked":["All Out Attack","Concentrate"],"picked":"Infinite Blades","floor":21},{"not_picked":["Dagger Spray","PiercingWail"],"picked":"Backstab","floor":24},{"not_picked":["Slice","Bouncing Flask"],"picked":"Flying Knee","floor":29},{"not_picked":["Setup","Night Terror"],"picked":"Caltrops","floor":30}],"player_experience":283936,"potions_floor_usage":[6,7,16,22,24,24],"damage_taken":[{"damage":0,"enemies":"Cultist","floor":1,"turns":4},{"damage":0,"enemies":"Small Slimes","floor":4,"turns":2},{"damage":0,"enemies":"2 Louse","floor":5,"turns":1},{"damage":18,"enemies":"Gremlin Nob","floor":6,"turns":4},{"damage":3,"enemies":"Gremlin Gang","floor":7,"turns":2},{"damage":11,"enemies":"Looter","floor":8,"turns":2},{"damage":3,"enemies":"3 Sentries","floor":10,"turns":3},{"damage":3,"enemies":"Red Slaver","floor":11,"turns":2},{"damage":0,"enemies":"2 Fungi Beasts","floor":13,"turns":2},{"damage":3,"enemies":"Slime Boss","floor":16,"turns":9},{"damage":11,"enemies":"Spheric Guardian","floor":18,"turns":4},{"damage":18,"enemies":"2 Thieves","floor":21,"turns":4},{"damage":8,"enemies":"3 Cultists","floor":22,"turns":4},{"damage":8,"enemies":"Gremlin Leader","floor":24,"turns":4},{"damage":22,"enemies":"Slavers","floor":27,"turns":3},{"damage":0,"enemies":"Centurion and Healer","floor":29,"turns":4},{"damage":8,"enemies":"Gremlin Leader","floor":30,"turns":5},{"damage":0,"enemies":"Snecko","floor":31,"turns":4},{"damage":53,"enemies":"Automaton","floor":33,"turns":6}],"event_choices":[{"event_name":"The Cleric","player_choice":"Card Removal","floor":2,"damage_taken":0},{"event_name":"The Woman in Blue","player_choice":"Bought 2 Potions","floor":3,"damage_taken":0},{"event_name":"Scrap Ooze","player_choice":"success","floor":14,"damage_taken":25},{"event_name":"Cursed Tome","player_choice":"Obtained Book","floor":20,"damage_taken":0}],"boss_relics":[{"not_picked":["Snecko Eye","Velvet Choker","Philosopher\u0027s Stone"]}],"potions_floor_spawned":[1,6,8,13,16,18,21,29],"seed_played":"-2000518931310313612","killed_by":"Automaton","ascension_level":12,"is_trial":false}