{"path_per_floor":["M","?","M","M","?","E","R","E","T","R","$","E","M","M","R"],"character_chosen":"THE_SILENT","items_purchased":["Block Potion","PiercingWail"],"gold_per_floor":[114,114,127,150,110,149,149,180,248,248,74,107,131,147,147,147],"floor_reached":16,"campfire_rested":2,"playtime":737,"current_hp_per_floor":[70,53,53,53,53,28,28,18,18,39,39,34,34,30,51,0],"items_purged":["Strike_G"],"gold":147,"score":132,"play_id":"8ed191c5-86a8-4174-9b0b-c53831d54c55","local_time":"20180510160136","is_prod":false,"is_daily":false,"chose_seed":false,"is_ascension_mode":true,"campfire_upgraded":1,"timestamp":1525960896,"path_taken":["M","?","M","M","?","E","R","E","T","R","?","E","?","M","R","BOSS"],"build_version":"2018-05-09","seed_source_timestamp":21908921552685,"purchased_purges":1,"victory":false,"master_deck":["Defend_G","Defend_G","Defend_G","Defend_G","Defend_G","Strike_G","Strike_G","Strike_G","Strike_G","Survivor","Neutralize+1","Bouncing Flask","Bane","Malaise+1","Die Die Die","Catalyst","PiercingWail","Backflip"],"max_hp_per_floor":[70,70,70,70,70,70,70,70,70,70,70,70,70,70,70,70],"relics":["Ring of the Snake","Golden Idol","Turnip","Snake Skull","Shuriken","Bird Faced Urn"],"card_choices":[{"not_picked":["Malaise","Dagger Throw"],"picked":"Bouncing Flask","floor":1},{"not_picked":["Prepared","Eviscerate"],"picked":"Bane","floor":3},{"not_picked":["Bouncing Flask","Dagger Throw"],"picked":"Malaise","floor":4},{"not_picked":["Escape Plan","Bouncing Flask"],"picked":"Die Die Die","floor":6},{"not_picked":["Deflect","Dagger Spray"],"picked":"Catalyst","floor":8},{"not_picked":["Slice","Calculated Gamble"],"picked":"Backflip","floor":13}],"player_experience":56574,"potions_floor_usage":[6,16,16,16],"damage_taken":[{"damage":0,"enemies":"Small Slimes","floor":1,"turns":3},{"damage":0,"enemies":"2 Louse","floor":3,"turns":3},{"damage":0,"enemies":"Cultist","floor":4,"turns":3},{"damage":25,"enemies":"3 Sentries","floor":6,"turns":11},{"damage":10,"enemies":"Gremlin Nob","floor":8,"turns":5},{"damage":5,"enemies":"3 Sentries","floor":12,"turns":7},{"damage":0,"enemies":"Exordium Wildlife","floor":13,"turns":2},{"damage":4,"enemies":"Blue Slaver","floor":14,"turns":5},{"damage":58,"enemies":"Slime Boss","floor":16,"turns":13}],"event_choices":[{"event_name":"Golden Idol","player_choice":"Take Damage","floor":2,"damage_taken":0},{"event_name":"The Woman in Blue","player_choice":"Bought 3 Potions","floor":5,"damage_taken":0}],"boss_relics":[],"potions_floor_spawned":[1,4,12,13,14],"seed_played":"5134849093662790277","killed_by":"Slime Boss","ascension_level":2,"is_trial":false}