{"path_per_floor":["M","M","?","M","?","E","R","T","T","M","M","R","M","M","R","B",null,"M","?","M","?","M","R","M","M","T","R","?","$","M","M","R","B",null,"M","M","?","M","$","R","?","R","T","M","M","R","M","?","R"],"character_chosen":"THE_SILENT","items_purchased":["Slice","Well Laid Plans","Swift Strike","Infinite Blades","Finesse","Blood Vial","Slice"],"gold_per_floor":[15,27,202,218,218,246,246,246,318,328,298,298,312,327,327,430,430,440,440,455,455,468,468,482,496,496,496,496,236,251,262,262,358,358,372,391,391,404,21,21,70,70,144,156,171,171,187,0,0],"floor_reached":50,"campfire_rested":3,"playtime":5762,"current_hp_per_floor":[69,69,69,66,59,5,26,26,26,25,23,23,23,16,16,11,70,57,57,54,54,36,36,35,48,48,48,32,32,13,25,46,29,70,70,51,41,45,45,45,37,37,37,13,23,23,37,37,58],"items_purged":["Strike_G"],"gold":0,"play_id":"1c4ba5d2-93f0-4ae7-8673-94c8ac88aeef","is_prod":false,"is_daily":false,"campfire_rituals":0,"campfire_upgraded":4,"is_hardmode":false,"path_taken":["M","M","?","M","?","E","R","?","T","M","M","R","M","M","R","BOSS","M","?","M","?","M","R","M","M","T","R","?","$","M","M","R","BOSS","M","M","?","M","$","R","?","R","T","M","M","R","M","?","R","BOSS"],"build_version":"2018-01-11-PROD2","purchased_purges":3,"victory":false,"master_deck":["Defend_G","Defend_G","Defend_G","Defend_G","Defend_G","Strike_G","Strike_G","Strike_G","Strike_G","Survivor","Neutralize","Backflip","Flying Knee","Dodge and Roll","Backflip","Noxious Fumes","Deflect","Tactician","Caltrops","After Image","Dagger Throw","Catalyst","Noxious Fumes","Bouncing Flask","Poisoned Stab","Necronomicurse","Slice","Well Laid Plans","Swift Strike","Slice","Flying Knee","After Image","Backflip","Acrobatics","Madness","Madness","Slice","Infinite Blades","Finesse","Slice","Deadly Poison","Pain","Dodge and Roll","Deadly Poison","Noxious Fumes"],"max_hp_per_floor":[70,70,70,70,70,70,70,70,70,70,70,70,70,70,70,70,70,70,70,70,70,70,70,70,70,70,70,70,70,70,70,70,70,70,70,70,70,70,70,70,70,70,70,70,70,70,70,70,70],"relics":["Ring of the Snake","Shovel","Girya","Du-Vu Doll","Kunai","The Specimen","Meat on the Bone","Necronomicon","Cursed Key","Blood Vial","Gambling Chip","Shuriken","Red Mask"],"campfire_meditates":0,"card_choices":[{"not_picked":["Catalyst","Prepared"],"picked":"Backflip"},{"not_picked":["Finisher","Dagger Spray"],"picked":"Flying Knee"},{"not_picked":["Reflex","Eviscerate"],"picked":"Dodge and Roll"},{"not_picked":["Escape Plan","Dagger Throw"],"picked":"Backflip"},{"not_picked":["Masterful Stab","Prepared"],"picked":"Noxious Fumes"},{"not_picked":["Outmaneuver","Bane"],"picked":"Deflect"},{"not_picked":["Masterful Stab","Outmaneuver"],"picked":"Tactician"},{"not_picked":["Calculated Gamble","Backflip"],"picked":"Caltrops"},{"not_picked":["Phantasmal Killer","Doppelganger"],"picked":"After Image"},{"not_picked":["Finisher","Sucker Punch"],"picked":"Dagger Throw"},{"not_picked":["Quick Slash","Outmaneuver"],"picked":"Catalyst"},{"not_picked":["Calculated Gamble","Quick Slash"],"picked":"Noxious Fumes"},{"not_picked":["Outmaneuver","Poisoned Stab"],"picked":"Bouncing Flask"},{"not_picked":["PiercingWail","Terror"],"picked":"Poisoned Stab"},{"not_picked":["Malaise","Outmaneuver"],"picked":"Slice"},{"not_picked":["Heel Hook","Dagger Spray"],"picked":"Flying Knee"},{"not_picked":["Die Die Die","Bullet Time"],"picked":"After Image"},{"not_picked":["Crippling Poison","Outmaneuver"],"picked":"Backflip"},{"not_picked":["Underhanded Strike","Dagger Spray"],"picked":"Acrobatics"},{"not_picked":["Dodge and Roll","Dagger Spray"],"picked":"Slice"},{"not_picked":["Distraction","Outmaneuver"],"picked":"Deadly Poison"},{"not_picked":["Calculated Gamble","Quick Slash"],"picked":"Dodge and Roll"},{"not_picked":["Prepared","Heel Hook"],"picked":"Deadly Poison"},{"not_picked":["Poisoned Stab","Bullet Time"],"picked":"Noxious Fumes"}],"player_experience":67192,"potions_floor_usage":[16,25,25,31,31,36,41,45,45],"damage_taken":[{"damage":1,"enemies":"Cultist","floor":1,"turns":4},{"damage":0,"enemies":"Jaw Worm","floor":2,"turns":7},{"damage":3,"enemies":"Blue Slaver","floor":4,"turns":4},{"damage":54,"enemies":"Lagavulin","floor":6,"turns":11},{"damage":1,"enemies":"2 Fungi Beasts","floor":10,"turns":5},{"damage":2,"enemies":"Looter","floor":11,"turns":4},{"damage":0,"enemies":"Large Slime","floor":13,"turns":8},{"damage":7,"enemies":"Exordium Thugs","floor":14,"turns":6},{"damage":5,"enemies":"The Guardian","floor":16,"turns":12},{"damage":13,"enemies":"Chosen","floor":18,"turns":8},{"damage":3,"enemies":"3 Byrds","floor":20,"turns":4},{"damage":18,"enemies":"Snake Plant","floor":22,"turns":7},{"damage":1,"enemies":"Centurion and Healer","floor":24,"turns":7},{"damage":2,"enemies":"Snecko","floor":25,"turns":7},{"damage":31,"enemies":"3 Cultists","floor":30,"turns":6},{"damage":0,"enemies":"Chosen and Byrds","floor":31,"turns":5},{"damage":29,"enemies":"Automaton","floor":33,"turns":8},{"damage":0,"enemies":"3 Shapes","floor":35,"turns":4},{"damage":19,"enemies":"3 Darklings","floor":36,"turns":5},{"damage":8,"enemies":"Maw","floor":38,"turns":6},{"damage":22,"enemies":"Mysterious Sphere","floor":41,"turns":6},{"damage":38,"enemies":"Sphere and 2 Shapes","floor":44,"turns":5},{"damage":4,"enemies":"3 Darklings","floor":45,"turns":5},{"damage":0,"enemies":"Maw","floor":47,"turns":6},{"damage":62,"enemies":"Donu and Deca","floor":50,"turns":7}],"event_choices":[{"event_name":"Liars Game","player_choice":"agreed","floor":3,"damage_taken":0},{"event_name":"Golden Wing","player_choice":"Card Removal","floor":5,"damage_taken":0},{"event_name":"Back to Basics","player_choice":"Simplicity","floor":19,"damage_taken":0},{"event_name":"The Mausoleum","player_choice":"No","floor":21,"damage_taken":0},{"event_name":"Cursed Tome","player_choice":"Obtained Book","floor":28,"damage_taken":0},{"event_name":"Winding Halls","player_choice":"Embrace Madness","floor":37,"damage_taken":0},{"event_name":"Mysterious Sphere","player_choice":"Fight","floor":41,"damage_taken":0},{"event_name":"Tomb of Lord Red Mask","player_choice":"Paid","floor":48,"damage_taken":0}],"boss_relics":[{"not_picked":["White Beast Statue","Orrery"],"picked":"The Specimen"},{"not_picked":["Eternal Feather","Tiny House"],"picked":"Cursed Key"}],"potions_floor_spawned":[1,10,14,22,25,30,35,36,44],"seed_played":"-1702168666461611314","killed_by":"Donu and Deca","is_trial":false}