{"gold_per_floor":[216,235,235,253,272,272,72,72,72,72,95,115,115,128,128,228,228,241,241,171,171,171,171,189,219,219,235,249,0,0,0,0,99,99,118,131,131,150,150,150,150,170,170,186,186,186],"floor_reached":46,"playtime":1993,"items_purged":[],"score":559,"play_id":"94627e1f-bff1-40e9-987a-6384b3357b9a","local_time":"20180915055240","is_ascension_mode":true,"campfire_choices":[{"floor":6,"key":"REST"},{"data":"Chill","floor":8,"key":"SMITH"},{"data":"Dualcast","floor":10,"key":"SMITH"},{"data":"Seek","floor":13,"key":"SMITH"},{"data":"Zap","floor":15,"key":"SMITH"},{"floor":23,"key":"REST"},{"floor":32,"key":"REST"},{"floor":40,"key":"REST"},{"floor":45,"key":"REST"}],"neow_cost":"NONE","seed_source_timestamp":54211153354925,"circlet_count":0,"master_deck":["Strike_B+1","Strike_B","Strike_B","Defend_B","Defend_B+1","Defend_B","Defend_B","Zap+1","Dualcast+1","Sweeping Beam","Chill+1","Sweeping Beam","Go for the Eyes","Seek+1","Go for the Eyes","Electrodynamics","Go for the Eyes","Electrodynamics","Self Repair","Melter","White Noise+1","Chaos+1","Lockon","Creative AI","Melter+1","Ball Lightning","Sunder","Defragment+1","Bandage Up","Madness","Madness","Fusion+1","Thunder Strike"],"relics":["Cracked Core","HandDrill","Dead Branch","Odd Mushroom","Fusion Hammer","Gambling Chip","Calipers","Du-Vu Doll","Bottled Lightning","WingedGreaves","Sozu","Kunai"],"potions_floor_usage":[11,16,16,16,25,28,33],"damage_taken":[{"damage":0,"enemies":"Cultist","floor":1,"turns":3},{"damage":9,"enemies":"Jaw Worm","floor":2,"turns":4},{"damage":0,"enemies":"2 Louse","floor":4,"turns":2},{"damage":11,"enemies":"Looter","floor":5,"turns":3},{"damage":0,"enemies":"The Mushroom Lair","floor":11,"turns":2},{"damage":0,"enemies":"3 Louse","floor":12,"turns":2},{"damage":3,"enemies":"Large Slime","floor":14,"turns":4},{"damage":22,"enemies":"Hexaghost","floor":16,"turns":9},{"damage":9,"enemies":"Shell Parasite","floor":18,"turns":3},{"damage":21,"enemies":"Colosseum Slavers","floor":21,"turns":4},{"damage":2,"enemies":"3 Byrds","floor":24,"turns":3},{"damage":12,"enemies":"Slavers","floor":25,"turns":2},{"damage":18,"enemies":"Snake Plant","floor":27,"turns":3},{"damage":8,"enemies":"Shelled Parasite and Fungi","floor":28,"turns":3},{"damage":48,"enemies":"Collector","floor":33,"turns":11},{"damage":0,"enemies":"3 Shapes","floor":35,"turns":2},{"damage":7,"enemies":"Orb Walker","floor":36,"turns":2},{"damage":0,"enemies":"3 Darklings","floor":38,"turns":2},{"damage":56,"enemies":"Spire Growth","floor":42,"turns":5},{"damage":0,"enemies":"Reptomancer","floor":44,"turns":3},{"damage":52,"enemies":"Nemesis","floor":46,"turns":4}],"seed_played":"-4122562651738476584","potions_obtained":[{"floor":1,"key":"GamblersBrew"},{"floor":5,"key":"PowerPotion"},{"floor":11,"key":"Ancient Potion"},{"floor":14,"key":"GamblersBrew"},{"floor":24,"key":"FearPotion"},{"floor":25,"key":"AttackPotion"},{"floor":27,"key":"Dexterity Potion"},{"floor":28,"key":"SpeedPotion"}],"is_trial":false,"path_per_floor":["M","M","?","M","M","R","$","R","T","R","?","M","R","M","R","B",null,"M","?","$","?","?","R","M","E","T","M","M","$","?","$","R","B",null,"M","M","?","M","?","R","?","M","T","M","R"],"character_chosen":"DEFECT","items_purchased":["HandDrill","Self Repair","Bottled Lightning"],"campfire_rested":5,"item_purchase_floors":[7,20,29],"current_hp_per_floor":[68,59,44,44,33,55,55,55,55,55,55,55,55,52,52,30,64,55,55,55,41,41,63,68,56,56,38,37,37,37,37,59,18,61,68,61,61,61,61,75,66,21,21,25,47,0],"gold":186,"neow_bonus":"HUNDRED_GOLD","is_prod":false,"is_daily":false,"chose_seed":false,"campfire_upgraded":4,"win_rate":0,"timestamp":1536983560,"path_taken":["M","?","?","M","M","R","$","R","T","R","?","?","R","M","R","BOSS","M","?","$","?","?","R","M","E","T","?","M","?","?","$","R","BOSS","M","M","?","M","?","R","?","M","T","M","R","E"],"build_version":"2018-09-06","purchased_purges":0,"victory":false,"max_hp_per_floor":[75,75,75,75,75,75,75,75,75,75,75,75,75,75,75,75,75,75,75,75,75,75,75,75,75,75,75,75,75,75,75,75,75,75,75,75,75,75,75,75,75,75,75,75,75,75],"card_choices":[{"not_picked":["Hello World","Gash"],"picked":"Sweeping Beam","floor":1},{"not_picked":["Compile Driver","Rebound"],"picked":"Chill","floor":2},{"not_picked":["Lockon","Steam"],"picked":"Sweeping Beam","floor":4},{"not_picked":["Heatsinks","Compile Driver"],"picked":"Go for the Eyes","floor":5},{"not_picked":["Blizzard","Hologram"],"picked":"Seek","floor":11},{"not_picked":["Chaos","Auto Shields","Undo"],"picked":"SKIP","floor":12},{"not_picked":["Hologram","Coolheaded"],"picked":"Go for the Eyes","floor":14},{"not_picked":["Machine Learning","Hyperbeam"],"picked":"Electrodynamics","floor":16},{"not_picked":["Gash","Melter"],"picked":"Go for the Eyes","floor":18},{"not_picked":["Streamline","Coolheaded"],"picked":"Melter","floor":24},{"not_picked":["Steam+1","Compile Driver+1"],"picked":"White Noise+1","floor":25},{"not_picked":["Rebound+1","Melter"],"picked":"Chaos+1","floor":27},{"not_picked":["Sweeping Beam","Steam Power"],"picked":"Lockon","floor":28},{"not_picked":["Seek","Amplify"],"picked":"Creative AI","floor":33},{"not_picked":["Steam Power","Beam Cell"],"picked":"Melter+1","floor":35},{"not_picked":["Coolheaded","Doom and Gloom"],"picked":"Ball Lightning","floor":36},{"not_picked":["Glacier","Hologram"],"picked":"Defragment+1","floor":38},{"not_picked":["Discovery","Dramatic Entrance"],"picked":"Bandage Up","floor":39},{"not_picked":["Beam Cell","Gash"],"picked":"Fusion+1","floor":42},{"not_picked":["Fusion+1","Go for the Eyes+1"],"picked":"Thunder Strike","floor":44}],"player_experience":178318,"relics_obtained":[{"floor":9,"key":"Dead Branch"},{"floor":11,"key":"Odd Mushroom"},{"floor":25,"key":"Calipers"},{"floor":26,"key":"Du-Vu Doll"},{"floor":43,"key":"Kunai"}],"event_choices":[{"event_name":"Shining Light","player_choice":"Entered Light","floor":3,"damage_taken":0},{"event_name":"Mushrooms","player_choice":"Fought Mushrooms","floor":11,"damage_taken":0},{"event_name":"Duplicator","player_choice":"One dupe","floor":19,"damage_taken":0},{"event_name":"Colosseum","player_choice":"Fight","floor":21,"damage_taken":0},{"event_name":"Colosseum","player_choice":"Fled From Nobs","floor":21,"damage_taken":0},{"event_name":"The Mausoleum","player_choice":"Yes","floor":22,"damage_taken":0},{"event_name":"WeMeetAgain","player_choice":"Potion","floor":30,"damage_taken":0},{"event_name":"Transmorgrifier","player_choice":"Transform","floor":37,"damage_taken":0},{"event_name":"SensoryStone","player_choice":"Memory 1","floor":39,"damage_taken":0},{"event_name":"Winding Halls","player_choice":"Embrace Madness","floor":41,"damage_taken":0}],"is_beta":false,"boss_relics":[{"not_picked":["Busted Crown","Eternal Feather"],"picked":"Fusion Hammer"},{"not_picked":["FrozenCore","Coffee Dripper"],"picked":"Sozu"}],"items_purged_floors":[],"is_endless":false,"potions_floor_spawned":[1,5,11,14,24,25,27,28,36,42,44],"killed_by":"Nemesis","ascension_level":6}