{"gold_per_floor":[114,114,183,200,220,251,263,263,263,279,294,323,334,334,334,406,406,417,13,13,25,42,42,67,67,116,116],"floor_reached":27,"playtime":2347,"items_purged":["Turbo+1"],"score":417,"play_id":"14e5c22d-6d3b-476e-85f3-17a9b4673e5b","local_time":"20190309182518","is_ascension_mode":true,"campfire_choices":[{"floor":8,"key":"REST"},{"floor":15,"key":"REST"},{"data":"Echo Form","floor":23,"key":"SMITH"}],"neow_cost":"NONE","seed_source_timestamp":246992990264100,"circlet_count":0,"master_deck":["AscendersBane","Defend_B","Defend_B","Defend_B","Zap+1","Dualcast","Gash","Sweeping Beam","Cold Snap","Hologram","Coolheaded","Gash","Biased Cognition","All For One+1","Biased Cognition+1","Leap","Echo Form+1","Genetic Algorithm"],"relics":["Cracked Core","Bottled Flame","DataDisk","Incense Burner","Centennial Puzzle","Astrolabe","Matryoshka","Strawberry","Bag of Preparation","Orichalcum"],"potions_floor_usage":[6,13,16,24,27],"damage_taken":[{"damage":2,"enemies":"Jaw Worm","floor":1,"turns":3},{"damage":4,"enemies":"2 Louse","floor":4,"turns":2},{"damage":1,"enemies":"Cultist","floor":5,"turns":3},{"damage":16,"enemies":"Gremlin Nob","floor":6,"turns":3},{"damage":1,"enemies":"Looter","floor":7,"turns":3},{"damage":5,"enemies":"Blue Slaver","floor":10,"turns":3},{"damage":2,"enemies":"Exordium Thugs","floor":11,"turns":4},{"damage":11,"enemies":"3 Sentries","floor":12,"turns":5},{"damage":7,"enemies":"Lots of Slimes","floor":13,"turns":3},{"damage":19,"enemies":"The Guardian","floor":16,"turns":10},{"damage":5,"enemies":"Shell Parasite","floor":18,"turns":3},{"damage":12,"enemies":"Chosen","floor":21,"turns":3},{"damage":9,"enemies":"3 Cultists","floor":22,"turns":5},{"damage":28,"enemies":"Book of Stabbing","floor":24,"turns":5},{"damage":44,"enemies":"Gremlin Leader","floor":27,"turns":5}],"seed_played":"1228471775596401203","potions_obtained":[{"floor":5,"key":"AttackPotion"},{"floor":6,"key":"PowerPotion"},{"floor":11,"key":"FearPotion"},{"floor":12,"key":"Weak Potion"},{"floor":18,"key":"Weak Potion"},{"floor":24,"key":"GamblersBrew"}],"is_trial":false,"path_per_floor":["M","?","T","M","M","E","M","R","T","M","M","E","M","?","R","B",null,"M","$","?","M","M","R","E","?","T","E"],"character_chosen":"DEFECT","items_purchased":["Echo Form","Matryoshka"],"campfire_rested":2,"item_purchase_floors":[19,19],"current_hp_per_floor":[62,48,48,44,43,27,26,47,47,42,40,29,22,22,43,24,59,54,54,54,42,33,33,12,38,38,0],"gold":116,"neow_bonus":"REMOVE_CARD","is_prod":false,"is_daily":false,"chose_seed":false,"campfire_upgraded":1,"win_rate":0,"timestamp":1552184718,"path_taken":["M","?","?","M","M","E","M","R","T","M","M","E","M","?","R","BOSS","M","?","?","M","M","R","E","?","T","E"],"build_version":"2019-01-23","purchased_purges":1,"victory":false,"max_hp_per_floor":[71,71,71,71,71,71,71,71,71,71,71,71,71,71,71,71,71,71,71,71,71,71,71,78,78,78,78],"card_choices":[{"not_picked":["Barrage","Darkness"],"picked":"Gash","floor":1},{"not_picked":["Skim","Steam"],"picked":"Sweeping Beam","floor":4},{"not_picked":["Force Field","Redo","Barrage"],"picked":"SKIP","floor":5},{"not_picked":["Leap","Tempest"],"picked":"Cold Snap","floor":6},{"not_picked":["Consume","Rebound","Sweeping Beam"],"picked":"SKIP","floor":7},{"not_picked":["Double Energy","Darkness"],"picked":"Hologram","floor":10},{"not_picked":["Rebound","Scrape","Beam Cell"],"picked":"SKIP","floor":11},{"not_picked":["Auto Shields","Steam Power"],"picked":"Coolheaded","floor":12},{"not_picked":["White Noise","Sweeping Beam","Barrage"],"picked":"SKIP","floor":13},{"not_picked":["Amplify","Reboot"],"picked":"Biased Cognition","floor":16},{"not_picked":["Reprogram","Ball Lightning+1"],"picked":"Leap","floor":18},{"not_picked":["Consume","Rebound","BootSequence"],"picked":"SKIP","floor":21},{"not_picked":["Capacitor","Sweeping Beam","Fusion"],"picked":"SKIP","floor":22},{"not_picked":["Barrage","Stack"],"picked":"Genetic Algorithm","floor":24}],"player_experience":675747,"relics_obtained":[{"floor":3,"key":"Bottled Flame"},{"floor":6,"key":"DataDisk"},{"floor":9,"key":"Incense Burner"},{"floor":12,"key":"Centennial Puzzle"},{"floor":24,"key":"Strawberry"},{"floor":26,"key":"Bag of Preparation"},{"floor":26,"key":"Orichalcum"}],"event_choices":[{"damage_healed":0,"gold_gain":0,"player_choice":"Entered Light","damage_taken":14,"max_hp_gain":0,"max_hp_loss":0,"event_name":"Shining Light","floor":2,"gold_loss":0,"cards_upgraded":["Zap","Strike_B"]},{"damage_healed":0,"gold_gain":0,"cards_transformed":["Strike_B"],"player_choice":"Transformed","damage_taken":0,"max_hp_gain":0,"max_hp_loss":0,"event_name":"Transmorgrifier","floor":14,"gold_loss":0,"cards_obtained":["Gash"]},{"damage_healed":0,"gold_gain":0,"player_choice":"Ignored","damage_taken":0,"max_hp_gain":0,"max_hp_loss":0,"event_name":"Cursed Tome","floor":20,"gold_loss":0},{"damage_healed":26,"gold_gain":0,"player_choice":"Heal","damage_taken":0,"max_hp_gain":0,"max_hp_loss":0,"event_name":"The Library","floor":25,"gold_loss":0}],"is_beta":false,"boss_relics":[{"not_picked":["Inserter","Orrery"],"picked":"Astrolabe"}],"items_purged_floors":[19],"is_endless":false,"potions_floor_spawned":[5,6,11,12,18,24],"killed_by":"Gremlin Leader","ascension_level":14}