{"path_per_floor":["M","$","M","M","$","R","E","?","T","M","T","M","?","M","R","B",null,"M","$","M","T","T","E","M","M","T","$","M","M","?","M","R","B",null,"M","$","M","?","?","R"],"character_chosen":"IRONCLAD","items_purchased":["Peace Pipe","Tiny Chest","Armaments","Happy Flower","Anchor","Pear"],"gold_per_floor":[144,144,189,234,159,159,249,249,249,294,294,339,339,384,384,684,684,729,159,204,204,204,294,339,384,434,9,54,99,99,144,144,444,444,489,89,134,384,384,384],"floor_reached":41,"campfire_rested":3,"playtime":3603,"current_hp_per_floor":[80,80,75,80,80,75,37,30,30,31,45,50,43,49,84,29,84,80,80,72,79,79,64,42,39,39,39,36,33,15,18,91,10,91,83,93,92,92,79,79],"items_purged":["Strike_R","Injury","Strike_R","Strike_R"],"gold":384,"score":491,"play_id":"a2541c68-cc18-43f4-9ff8-91616c3c444d","local_time":"20180309202819","daily_mods":["Allstar","Midas","Night Terrors"],"is_prod":false,"is_daily":true,"is_ascension_mode":false,"campfire_upgraded":0,"timestamp":1520656099,"path_taken":["M","$","M","M","$","R","E","?","T","M","?","?","?","M","R","BOSS","M","$","M","?","?","E","M","?","T","$","M","M","?","M","R","BOSS","M","$","M","?","?","R","E"],"build_version":"2018-03-09","purchased_purges":5,"victory":false,"master_deck":["Strike_R","Defend_R","Defend_R","Defend_R","Defend_R","Bash","Purity","Thinking Ahead","Twin Strike","Pommel Strike","Pommel Strike","Pommel Strike","Cleave","Parasite","Parasite","Armaments","Thunderclap+1","Pommel Strike","Shrug It Off+1","Armaments","Shrug It Off","Armaments","Barricade","Shrug It Off+1","Battle Trance+1","Madness","Madness"],"max_hp_per_floor":[80,80,80,80,80,75,75,75,75,75,89,89,89,89,84,84,84,84,84,84,91,91,91,91,91,91,91,91,91,96,96,91,91,91,91,101,101,101,101,101],"relics":["Black Blood","Matryoshka","Vajra","Prayer Wheel","Blue Candle","Mango","Mercury Hourglass","Calling Bell","Self Forming Clay","Paper Frog","Bag of Preparation","Peace Pipe","Tiny Chest","Strawberry","Gambling Chip","Bronze Scales","Juzu Bracelet","Happy Flower","Anchor","Pear"],"card_choices":[{"not_picked":["Havoc","Carnage"],"picked":"Twin Strike"},{"not_picked":["Headbutt","Armaments"],"picked":"Pommel Strike"},{"not_picked":["Infernal Blade","Whirlwind"],"picked":"Pommel Strike"},{"not_picked":["Searing Blow","Twin Strike"],"picked":"Pommel Strike"},{"not_picked":["Havoc","True Grit"],"picked":"Cleave"},{"not_picked":["Perfected Strike","Pommel Strike"],"picked":"Thunderclap"},{"not_picked":["Warcry","Dual Wield"],"picked":"Pommel Strike"},{"not_picked":["Power Through","Spot Weakness"],"picked":"Shrug It Off"},{"not_picked":["Headbutt","Havoc"],"picked":"Armaments"},{"not_picked":["True Grit","Carnage"],"picked":"Shrug It Off"},{"not_picked":["Heavy Blade","Whirlwind"],"picked":"Armaments"},{"not_picked":["Immolate","Reaper"],"picked":"Barricade"},{"not_picked":["Corruption","Rupture"],"picked":"Shrug It Off"},{"not_picked":["Havoc","Sword Boomerang"],"picked":"Battle Trance"}],"player_experience":197237,"potions_floor_usage":[12,16,23,23,25,33,33,41],"damage_taken":[{"damage":2,"enemies":"Small Slimes","floor":1,"turns":5},{"damage":11,"enemies":"Jaw Worm","floor":3,"turns":3},{"damage":1,"enemies":"Cultist","floor":4,"turns":3},{"damage":44,"enemies":"Lagavulin","floor":7,"turns":6},{"damage":5,"enemies":"Looter","floor":10,"turns":3},{"damage":1,"enemies":"2 Fungi Beasts","floor":12,"turns":2},{"damage":0,"enemies":"Large Slime","floor":14,"turns":3},{"damage":61,"enemies":"The Guardian","floor":16,"turns":10},{"damage":10,"enemies":"Chosen","floor":18,"turns":3},{"damage":14,"enemies":"Shell Parasite","floor":20,"turns":4},{"damage":21,"enemies":"Gremlin Leader","floor":23,"turns":6},{"damage":28,"enemies":"Cultist and Chosen","floor":24,"turns":5},{"damage":24,"enemies":"Centurion and Healer","floor":25,"turns":7},{"damage":9,"enemies":"Snecko","floor":28,"turns":3},{"damage":9,"enemies":"Cultist and Chosen","floor":29,"turns":6},{"damage":3,"enemies":"Chosen and Byrds","floor":31,"turns":5},{"damage":87,"enemies":"Collector","floor":33,"turns":10},{"damage":18,"enemies":"3 Darklings","floor":35,"turns":5},{"damage":11,"enemies":"3 Shapes","floor":37,"turns":5},{"damage":93,"enemies":"Giant Head","floor":41,"turns":9}],"event_choices":[{"event_name":"Golden Wing","player_choice":"Card Removal","floor":8,"damage_taken":0},{"event_name":"Scrap Ooze","player_choice":"success","floor":13,"damage_taken":7},{"event_name":"Forgotten Altar","player_choice":"Shed Blood","floor":30,"damage_taken":0},{"event_name":"Golden Shrine","player_choice":"Desecrate","floor":38,"damage_taken":0},{"event_name":"Winding Halls","player_choice":"Embrace Madness","floor":39,"damage_taken":0}],"boss_relics":[{"not_picked":["Question Card","Orrery"],"picked":"Calling Bell"},{"not_picked":["Snecko Eye","Runic Dome"],"picked":"Black Blood"}],"potions_floor_spawned":[3,7,10,14,20,25,29,33,37],"seed_played":"-2228362409843830943","killed_by":"Giant Head","ascension_level":0,"is_trial":false}