{"gold_per_floor":[118,138,149,149,168,168,182,225,225,31,47,65,65,86,86,214,214,237,237,252,252,252,252,323,323,347,382,382],"floor_reached":28,"playtime":2665,"items_purged":["Injury"],"score":288,"play_id":"b0923eea-16b2-4102-b2c7-aeb2f0f01218","local_time":"20180903075814","is_ascension_mode":true,"campfire_choices":[{"data":"Body Slam","floor":6,"key":"SMITH"},{"floor":15,"key":"REST"},{"floor":23,"key":"REST"},{"data":"Barricade","floor":25,"key":"SMITH"}],"neow_cost":"NONE","seed_source_timestamp":230721715442036,"circlet_count":0,"master_deck":["Strike_R","Strike_R","Strike_R","Strike_R","Strike_R","Defend_R","Defend_R","Defend_R","Defend_R","Bash","Ghostly Armor","Warcry","Pommel Strike","Body Slam+1","Flex","Shrug It Off","Armaments","Body Slam","Flame Barrier","Iron Wave","Heavy Blade","Battle Trance","Anger","Barricade+1","Thunderclap","Cleave+1","Dual Wield"],"relics":["Burning Blood","Golden Idol","Paper Frog","Smiling Mask","Lizard Tail","Spirit Poop","Mummified Hand","Strawberry","Incense Burner"],"potions_floor_usage":[2,7,11,11,20,28],"damage_taken":[{"damage":12,"enemies":"2 Louse","floor":1,"turns":3},{"damage":4,"enemies":"Jaw Worm","floor":2,"turns":5},{"damage":1,"enemies":"Cultist","floor":3,"turns":4},{"damage":17,"enemies":"Looter","floor":5,"turns":3},{"damage":7,"enemies":"Lots of Slimes","floor":7,"turns":5},{"damage":27,"enemies":"3 Sentries","floor":8,"turns":9},{"damage":13,"enemies":"Large Slime","floor":11,"turns":2},{"damage":11,"enemies":"3 Louse","floor":12,"turns":6},{"damage":4,"enemies":"Blue Slaver","floor":14,"turns":3},{"damage":56,"enemies":"Hexaghost","floor":16,"turns":12},{"damage":34,"enemies":"2 Thieves","floor":18,"turns":5},{"damage":38,"enemies":"Shell Parasite","floor":20,"turns":10},{"damage":48,"enemies":"Colosseum Slavers","floor":21,"turns":6},{"damage":39,"enemies":"Gremlin Leader","floor":27,"turns":6},{"damage":36,"enemies":"Centurion and Healer","floor":28,"turns":9}],"seed_played":"-1592208458775992894","potions_obtained":[{"floor":1,"key":"BloodPotion"},{"floor":5,"key":"Energy Potion"},{"floor":8,"key":"LiquidBronze"},{"floor":18,"key":"EssenceOfSteel"},{"floor":27,"key":"Block Potion"}],"is_trial":false,"path_per_floor":["M","M","M","?","M","R","M","E","T","$","M","M","?","M","R","B",null,"M","?","M","?","?","R","T","R","T","E"],"character_chosen":"IRONCLAD","items_purchased":["Armaments","Body Slam","Fire Potion"],"campfire_rested":2,"item_purchase_floors":[10,10,10],"current_hp_per_floor":[82,88,88,88,77,77,76,55,55,55,48,43,43,45,71,21,88,60,60,28,31,31,57,57,57,64,31,0],"gold":382,"neow_bonus":"TEN_PERCENT_HP_BONUS","is_prod":false,"is_daily":false,"chose_seed":false,"campfire_upgraded":2,"win_rate":0,"timestamp":1535954294,"path_taken":["M","M","M","?","?","R","M","E","T","$","M","M","?","M","R","BOSS","M","?","M","?","?","R","?","R","T","E","M"],"build_version":"2018-08-30","purchased_purges":1,"victory":false,"max_hp_per_floor":[88,88,88,88,88,88,88,88,88,88,88,88,88,88,88,88,88,88,88,88,88,88,88,88,88,95,95,95],"card_choices":[{"not_picked":["Burning Pact","Spot Weakness"],"picked":"Ghostly Armor","floor":1},{"not_picked":["Pummel","Anger"],"picked":"Warcry","floor":2},{"not_picked":["Clothesline","Inflame"],"picked":"Pommel Strike","floor":3},{"not_picked":["Carnage","Spot Weakness"],"picked":"Body Slam","floor":5},{"not_picked":["Clash","Feed"],"picked":"Flex","floor":7},{"not_picked":["Iron Wave","Anger"],"picked":"Shrug It Off","floor":8},{"not_picked":["Flex","Combust"],"picked":"Flame Barrier","floor":11},{"not_picked":["Flex","Infernal Blade"],"picked":"Iron Wave","floor":12},{"not_picked":["Twin Strike","Burning Pact"],"picked":"Anger","floor":14},{"not_picked":["Fiend Fire","Demon Form"],"picked":"Barricade","floor":16},{"not_picked":["Perfected Strike","Flex"],"picked":"Thunderclap","floor":18},{"not_picked":["Headbutt","Twin Strike"],"picked":"Cleave+1","floor":20},{"not_picked":["Body Slam","Twin Strike"],"picked":"Dual Wield","floor":27}],"player_experience":85054,"relics_obtained":[{"floor":8,"key":"Paper Frog"},{"floor":9,"key":"Smiling Mask"},{"floor":24,"key":"Mummified Hand"},{"floor":26,"key":"Strawberry"},{"floor":27,"key":"Incense Burner"}],"event_choices":[{"event_name":"Golden Idol","player_choice":"Take Wound","floor":4,"damage_taken":0},{"event_name":"Match and Keep!","player_choice":"3 cards matched","floor":13,"damage_taken":0},{"event_name":"Match and Keep!","player_choice":"3 cards matched","floor":13,"damage_taken":0},{"event_name":"Bonfire Elementals","player_choice":"CURSE","floor":19,"damage_taken":0},{"event_name":"Colosseum","player_choice":"Fight","floor":21,"damage_taken":0},{"event_name":"Colosseum","player_choice":"Fled From Nobs","floor":21,"damage_taken":0},{"event_name":"Ghosts","player_choice":"Ignored","floor":22,"damage_taken":0}],"is_beta":false,"boss_relics":[{"not_picked":["Fusion Hammer","Tiny House"],"picked":"Lizard Tail"}],"items_purged_floors":[10],"is_endless":false,"potions_floor_spawned":[1,5,8,18,27],"killed_by":"Centurion and Healer","ascension_level":2}