{"path_per_floor":["M","M","?","$","M","R","E","R","T","E","?","?","M","T","R","B",null,"M","M","$","M","?","M","E","M","T","R","T","$","?","M","R","B",null,"M","T","M","M","M","E","?","R","T","M","R","M","M","$","R","B"],"character_chosen":"IRONCLAD","items_purchased":["Havoc","Evolve","Havoc","Warcry","Metallicize","Charon\u0027s Ashes","Strength Potion"],"gold_per_floor":[115,125,125,24,37,37,64,64,90,122,92,92,107,184,184,283,283,268,285,18,33,33,45,73,92,92,92,92,12,12,24,24,127,127,142,169,186,196,213,246,246,246,321,332,332,350,365,18,18,18],"floor_reached":51,"campfire_rested":0,"playtime":2915,"current_hp_per_floor":[77,56,56,56,54,54,60,60,60,22,22,52,49,49,49,41,78,79,83,83,73,73,87,76,80,80,80,80,80,45,45,45,45,45,45,45,45,45,45,45,39,39,39,45,45,45,45,45,45,42],"items_purged":["Strike_R","Strike_R"],"gold":18,"score":1291,"play_id":"a5b9be92-b1bd-48e8-b3ac-ddb74dc82d13","local_time":"20180408231632","is_prod":false,"is_daily":false,"is_ascension_mode":true,"campfire_upgraded":8,"timestamp":1523222192,"path_taken":["M","M","?","$","M","R","E","R","T","E","?","?","M","?","R","BOSS","M","M","$","M","?","M","E","?","T","R","?","$","?","M","R","BOSS","M","?","?","M","M","E","?","R","T","M","R","?","M","$","R","BOSS"],"build_version":"2018-04-05v2","purchased_purges":3,"victory":true,"master_deck":["Strike_R","Strike_R","Strike_R","Defend_R","Defend_R","Defend_R","Bash+1","AscendersBane","Juggernaut+1","Demon Form+1","Intimidate+1","Havoc+1","Battle Trance+1","Sentinel","Thunderclap","Power Through","Reaper+1","Feel No Pain+1","Barricade+1","Evolve+1","Havoc+1","Warcry","Shrug It Off","Body Slam+1","Offering","Headbutt","Metallicize+1","Ghostly","Ghostly","Ghostly","Ghostly","Ghostly","Immolate+1","Warcry+1","Decay","Warcry","Impervious","Havoc+1","Warcry","Madness","Madness","Decay","Power Through","Ghostly Armor","Headbutt+1"],"max_hp_per_floor":[80,80,80,80,80,80,90,90,90,90,90,90,90,90,90,90,90,90,90,90,90,90,90,90,90,90,90,90,90,45,45,45,45,45,45,45,45,45,45,45,45,45,45,45,45,45,45,45,45,45],"relics":["Burning Blood","Pear","Art of War","Blood Vial","Frozen Egg 2","Mark of Pain","Thread and Needle","Du-Vu Doll","Gambling Chip","Cursed Key","Lantern","Whetstone","Gremlin Horn","Charon\u0027s Ashes"],"card_choices":[{"not_picked":["True Grit","Flex"],"picked":"Demon Form","floor":1},{"not_picked":["Cleave","Pommel Strike"],"picked":"Intimidate","floor":2},{"not_picked":["Heavy Blade","Disarm"],"picked":"Battle Trance","floor":5},{"not_picked":["Evolve","Clash"],"picked":"Sentinel","floor":7},{"not_picked":["Cleave","Searing Blow"],"picked":"Thunderclap","floor":10},{"not_picked":["Clothesline","Battle Trance"],"picked":"Power Through","floor":13},{"not_picked":["Juggernaut","Bludgeon"],"picked":"Reaper","floor":16},{"not_picked":["Thunderclap","Iron Wave"],"picked":"Feel No Pain","floor":18},{"not_picked":["Twin Strike","Thunderclap"],"picked":"Barricade","floor":19},{"not_picked":["Searing Blow","Clash"],"picked":"Shrug It Off","floor":21},{"not_picked":["Armaments","Seeing Red"],"picked":"Body Slam","floor":23},{"not_picked":["Anger","Juggernaut"],"picked":"Offering","floor":24},{"not_picked":["Disarm","Blood for Blood"],"picked":"Headbutt","floor":25},{"not_picked":["Barricade","Exhume"],"picked":"Immolate","floor":33},{"not_picked":["Clash","Heavy Blade"],"picked":"Warcry","floor":35},{"not_picked":["Thunderclap","Rupture"],"picked":"Warcry","floor":37},{"not_picked":["Havoc","Headbutt"],"picked":"Impervious","floor":38},{"not_picked":["Intimidate","Clash"],"picked":"Havoc","floor":39},{"not_picked":["Cleave","Perfected Strike"],"picked":"Warcry","floor":40},{"not_picked":["Wild Strike","Intimidate"],"picked":"Power Through","floor":44},{"not_picked":["Twin Strike","Hemokinesis"],"picked":"Ghostly Armor","floor":46},{"not_picked":["Armaments","Cleave"],"picked":"Headbutt","floor":47}],"player_experience":272182,"potions_floor_usage":[10,16,16,18,35,38,50,50,50],"damage_taken":[{"damage":1,"enemies":"2 Louse","floor":1,"turns":3},{"damage":27,"enemies":"Small Slimes","floor":2,"turns":5},{"damage":8,"enemies":"Jaw Worm","floor":5,"turns":4},{"damage":10,"enemies":"Lagavulin","floor":7,"turns":6},{"damage":44,"enemies":"Gremlin Nob","floor":10,"turns":5},{"damage":11,"enemies":"3 Louse","floor":13,"turns":5},{"damage":16,"enemies":"Slime Boss","floor":16,"turns":8},{"damage":17,"enemies":"2 Thieves","floor":18,"turns":4},{"damage":23,"enemies":"Chosen","floor":19,"turns":5},{"damage":22,"enemies":"Snake Plant","floor":21,"turns":7},{"damage":0,"enemies":"Chosen and Byrds","floor":23,"turns":8},{"damage":19,"enemies":"Gremlin Leader","floor":24,"turns":9},{"damage":4,"enemies":"Sentry and Sphere","floor":25,"turns":5},{"damage":4,"enemies":"Centurion and Healer","floor":31,"turns":6},{"damage":4,"enemies":"Champ","floor":33,"turns":9},{"damage":5,"enemies":"3 Shapes","floor":35,"turns":7},{"damage":0,"enemies":"Orb Walker","floor":37,"turns":6},{"damage":13,"enemies":"4 Shapes","floor":38,"turns":7},{"damage":2,"enemies":"Sphere and 2 Shapes","floor":39,"turns":6},{"damage":4,"enemies":"Nemesis","floor":40,"turns":7},{"damage":1,"enemies":"Maw","floor":44,"turns":5},{"damage":4,"enemies":"4 Shapes","floor":46,"turns":4},{"damage":1,"enemies":"3 Darklings","floor":47,"turns":4},{"damage":36,"enemies":"Awakened One","floor":50,"turns":9}],"event_choices":[{"event_name":"Living Wall","player_choice":"Grow","floor":3,"damage_taken":0},{"event_name":"World of Goop","player_choice":"Left","floor":11,"damage_taken":0},{"event_name":"Big Fish","player_choice":"Banana","floor":12,"damage_taken":0},{"event_name":"Purifier","player_choice":"One Purge","floor":22,"damage_taken":0},{"event_name":"Ghosts","player_choice":"Became a Ghost","floor":30,"damage_taken":0},{"event_name":"Winding Halls","player_choice":"Embrace Madness","floor":41,"damage_taken":0}],"boss_relics":[{"not_picked":["Snecko Eye","Lizard Tail"],"picked":"Mark of Pain"},{"not_picked":["Black Star","Black Blood"],"picked":"Cursed Key"}],"potions_floor_spawned":[1,5,7,13,18,23,33,37,40,44,46],"seed_played":"6261095673639734781","ascension_level":12,"is_trial":false}