{"gold_per_floor":[114,127,141,141,141,141,160,160,160,160,179,211,222,241,241,336,336,347,361,361,387,399,411,434,461,473,485],"floor_reached":27,"playtime":1714,"items_purged":[],"score":415,"play_id":"94547e0d-646f-418a-b7e1-b08d49b9bb28","local_time":"20180919163057","is_ascension_mode":true,"campfire_choices":[{"floor":6,"key":"REST"},{"data":"Dualcast","floor":8,"key":"SMITH"},{"data":"Static Discharge","floor":15,"key":"SMITH"},{"floor":23,"key":"REST"}],"neow_cost":"","seed_source_timestamp":358052153099694,"circlet_count":0,"master_deck":["Defend_B","Defend_B","Defend_B","Defend_B","Zap","Dualcast+1","AscendersBane","Leap","Streamline+1","BootSequence","Storm","Hologram","White Noise","Static Discharge+1","Buffer","Storm+1","BootSequence","Conserve Battery","Bite","Bite","Bite","Bite","Bite"],"relics":["Cracked Core","Letter Opener","PreservedInsect","Sundial","Eternal Feather","MawBank","Smiling Mask"],"potions_floor_usage":[12,16,21,24,24,25],"damage_taken":[{"damage":5,"enemies":"Small Slimes","floor":1,"turns":3},{"damage":11,"enemies":"Jaw Worm","floor":2,"turns":4},{"damage":0,"enemies":"2 Louse","floor":3,"turns":1},{"damage":1,"enemies":"Exordium Thugs","floor":7,"turns":3},{"damage":0,"enemies":"Large Slime","floor":11,"turns":4},{"damage":0,"enemies":"3 Sentries","floor":12,"turns":6},{"damage":3,"enemies":"Blue Slaver","floor":13,"turns":2},{"damage":0,"enemies":"3 Louse","floor":14,"turns":1},{"damage":32,"enemies":"The Guardian","floor":16,"turns":9},{"damage":19,"enemies":"Shell Parasite","floor":18,"turns":5},{"damage":2,"enemies":"Chosen","floor":19,"turns":4},{"damage":35,"enemies":"3 Cultists","floor":21,"turns":5},{"damage":6,"enemies":"Chosen and Byrds","floor":24,"turns":5},{"damage":39,"enemies":"Snake Plant","floor":25,"turns":3},{"damage":22,"enemies":"Centurion and Healer","floor":27,"turns":6}],"seed_played":"-7278791017902138865","potions_obtained":[{"floor":7,"key":"Dexterity Potion"},{"floor":12,"key":"PowerPotion"},{"floor":16,"key":"Ancient Potion"},{"floor":18,"key":"FocusPotion"},{"floor":21,"key":"EssenceOfSteel"},{"floor":24,"key":"SteroidPotion"}],"is_trial":false,"path_per_floor":["M","M","M","?","?","R","M","R","T","?","M","E","M","M","R","B",null,"M","M","?","M","?","R","M","M","T"],"character_chosen":"DEFECT","items_purchased":[],"campfire_rested":2,"item_purchase_floors":[],"current_hp_per_floor":[63,52,52,52,40,62,61,61,61,61,61,61,58,58,58,26,63,44,42,42,7,7,34,40,7,7,0],"gold":485,"neow_bonus":"","is_prod":false,"is_daily":false,"chose_seed":false,"campfire_upgraded":2,"win_rate":0,"timestamp":1537367457,"path_taken":["M","M","M","?","?","R","?","R","T","?","M","E","?","M","R","BOSS","M","M","?","M","?","R","M","?","T","M"],"build_version":"2018-09-06","purchased_purges":0,"victory":false,"max_hp_per_floor":[75,75,75,75,75,75,75,75,75,75,75,75,75,75,75,75,75,75,75,75,75,52,52,52,52,52,52],"card_choices":[{"not_picked":["Turbo","Compile Driver"],"picked":"Leap","floor":1},{"not_picked":["Glacier","Redo"],"picked":"Streamline","floor":2},{"not_picked":["Coolheaded","Leap"],"picked":"BootSequence","floor":3},{"not_picked":["Cold Snap","Double Energy"],"picked":"Storm","floor":7},{"not_picked":["Rainbow","Barrage"],"picked":"Hologram","floor":11},{"not_picked":["Stack","Rip and Tear"],"picked":"White Noise","floor":12},{"not_picked":["Barrage","Hello World","Sweeping Beam"],"picked":"SKIP","floor":13},{"not_picked":["Sweeping Beam","Sunder"],"picked":"Static Discharge","floor":14},{"not_picked":["Multi-Cast","Meteor Strike"],"picked":"Buffer","floor":16},{"not_picked":["Rebound","Beam Cell"],"picked":"Storm+1","floor":18},{"not_picked":["Rebound","Steam"],"picked":"BootSequence","floor":19},{"not_picked":["Stack","Turbo"],"picked":"Conserve Battery","floor":21},{"not_picked":["Cold Snap","Sweeping Beam","Coolheaded"],"picked":"SKIP","floor":24},{"not_picked":["Blizzard","Hologram","Capacitor"],"picked":"SKIP","floor":25}],"player_experience":412151,"relics_obtained":[{"floor":9,"key":"PreservedInsect"},{"floor":12,"key":"Sundial"},{"floor":26,"key":"Smiling Mask"}],"event_choices":[{"event_name":"Living Wall","player_choice":"Grow","floor":4,"damage_taken":0},{"event_name":"Scrap Ooze","player_choice":"success","floor":5,"damage_taken":12},{"event_name":"Dead Adventurer","player_choice":"Searched \u00270\u0027 times","floor":10,"damage_taken":0},{"event_name":"The Mausoleum","player_choice":"Yes","floor":20,"damage_taken":0},{"event_name":"Vampires","player_choice":"Became a vampire","floor":22,"damage_taken":0}],"is_beta":false,"boss_relics":[{"not_picked":["Fusion Hammer","Astrolabe"],"picked":"Eternal Feather"}],"items_purged_floors":[],"is_endless":false,"potions_floor_spawned":[7,12,16,18,21,24],"killed_by":"Centurion and Healer","ascension_level":12}