{"path_per_floor":["M","$","M","?","M","R","?","M","T","E","R","T","R","E","R","B",null,"M","?","?","$","M","R","E","R","T","R","M","R","M","M","R","B",null,"M","?","$","?","M","E","?","E","T","M","R","M","E","M","R","B"],"character_chosen":"THE_SILENT","items_purchased":["Toxic Egg 2","Shuriken"],"gold_per_floor":[119,44,58,58,77,77,134,154,154,187,187,210,210,237,237,335,335,352,352,267,24,40,40,69,69,144,144,157,157,173,190,190,294,294,305,305,63,63,73,129,129,155,181,196,196,216,243,260,260,260],"floor_reached":51,"campfire_rested":3,"playtime":3658,"current_hp_per_floor":[56,56,55,55,55,55,9,20,20,7,30,30,53,49,49,8,77,77,77,77,77,77,77,21,52,52,60,55,65,65,65,75,34,77,77,77,77,77,77,77,77,77,77,67,77,73,71,68,77,59],"items_purged":["Regret"],"gold":260,"score":902,"play_id":"ec561467-06e4-45a1-b74d-c6234cb284f7","local_time":"20180331122448","is_prod":false,"is_daily":false,"is_ascension_mode":true,"campfire_upgraded":8,"timestamp":1522491888,"path_taken":["M","$","M","?","M","R","?","M","T","E","R","?","R","E","R","BOSS","M","?","?","$","M","R","E","R","T","R","M","R","M","M","R","BOSS","M","?","$","?","M","E","?","E","T","M","R","M","E","M","R","BOSS"],"build_version":"2018-03-29v2","purchased_purges":3,"victory":true,"master_deck":["Defend_G+1","Defend_G+1","Defend_G","Defend_G","Defend_G","Strike_G","Strike_G","Strike_G","Strike_G","Strike_G","Neutralize+1","Injury","Terror+1","Sucker Punch+1","Backstab","Slice+1","Footwork+1","Cloak And Dagger+1","Tools of the Trade+1","Venomology+1","Underhanded Strike+1","Blade Dance+1","Quick Slash","Dagger Spray+1","Escape Plan+1","Quick Slash","Venomology+1","Distraction+1","Deflect+1","Sucker Punch+1","PiercingWail+1","Choke+1","Cloak And Dagger+1","Masterful Stab+1","PiercingWail+1"],"max_hp_per_floor":[77,77,77,77,77,77,77,77,77,77,77,77,77,77,77,77,77,77,77,77,77,77,77,77,77,77,77,77,77,77,77,77,77,77,77,77,77,77,77,77,77,77,77,77,77,77,77,77,77,77],"relics":["Calling Bell","Omamori","Pen Nib","Strawberry","Bottled Flame","Thread and Needle","Anchor","Bag of Preparation","Centennial Puzzle","Eternal Feather","Ancient Tea Set","Vajra","Toxic Egg 2","Bag of Marbles","Ninja Scroll","Lizard Tail","Shuriken","Tiny Chest","War Paint","Oddly Smooth Stone","Happy Flower"],"card_choices":[{"not_picked":["Bouncing Flask","Flechettes"],"picked":"Terror","floor":1},{"not_picked":["Outmaneuver","Slice"],"picked":"Sucker Punch","floor":3},{"not_picked":["Poisoned Stab","Flechettes"],"picked":"Backstab","floor":5},{"not_picked":["Flying Knee","Prepared"],"picked":"Slice","floor":7},{"not_picked":["Distraction","Flechettes"],"picked":"Footwork","floor":8},{"not_picked":["Prepared","Crippling Poison"],"picked":"Cloak And Dagger","floor":10},{"not_picked":["Heel Hook","Dagger Spray"],"picked":"Tools of the Trade","floor":14},{"not_picked":["A Thousand Cuts","Corpse Explosion"],"picked":"Venomology","floor":16},{"not_picked":["Bane","Noxious Fumes"],"picked":"Underhanded Strike","floor":18},{"not_picked":["Sucker Punch","Deflect"],"picked":"Blade Dance","floor":22},{"not_picked":["Skewer","Flechettes"],"picked":"Quick Slash","floor":24},{"not_picked":["Infinite Blades","All Out Attack"],"picked":"Dagger Spray","floor":28},{"not_picked":["Bane","Quick Slash"],"picked":"Escape Plan","floor":30},{"not_picked":["Slice","Noxious Fumes"],"picked":"Quick Slash","floor":31},{"not_picked":["Tactician","Storm of Steel"],"picked":"Venomology","floor":33},{"not_picked":["Deadly Poison","Dodge and Roll"],"picked":"Distraction","floor":35},{"not_picked":["Quick Slash","Underhanded Strike"],"picked":"Deflect","floor":39},{"not_picked":["Dagger Spray","Terror"],"picked":"Sucker Punch","floor":40},{"not_picked":["Crippling Poison","Unload"],"picked":"PiercingWail","floor":42},{"not_picked":["Dagger Throw","Endless Agony"],"picked":"Choke","floor":44},{"not_picked":["Outmaneuver","Flechettes"],"picked":"Cloak And Dagger","floor":46},{"not_picked":["Poisoned Stab","Dash"],"picked":"Masterful Stab","floor":47},{"not_picked":["Deadly Poison","Dagger Throw"],"picked":"PiercingWail","floor":48}],"player_experience":163025,"potions_floor_usage":[8,16,16,18,24,24,30,33,33,35,40,42,42,44,44,44,46,48,50,50,50,50],"damage_taken":[{"damage":21,"enemies":"Jaw Worm","floor":1,"turns":7},{"damage":1,"enemies":"Cultist","floor":3,"turns":5},{"damage":0,"enemies":"2 Louse","floor":5,"turns":3},{"damage":46,"enemies":"Lagavulin Event","floor":7,"turns":7},{"damage":4,"enemies":"Exordium Wildlife","floor":8,"turns":6},{"damage":13,"enemies":"3 Sentries","floor":10,"turns":12},{"damage":4,"enemies":"Lagavulin","floor":14,"turns":7},{"damage":41,"enemies":"Slime Boss","floor":16,"turns":15},{"damage":0,"enemies":"Chosen","floor":18,"turns":5},{"damage":0,"enemies":"Shell Parasite","floor":22,"turns":4},{"damage":56,"enemies":"Gremlin Leader","floor":24,"turns":9},{"damage":5,"enemies":"Sentry and Sphere","floor":28,"turns":8},{"damage":0,"enemies":"Snake Plant","floor":30,"turns":2},{"damage":0,"enemies":"Snecko","floor":31,"turns":3},{"damage":53,"enemies":"Champ","floor":33,"turns":8},{"damage":0,"enemies":"3 Shapes","floor":35,"turns":4},{"damage":0,"enemies":"3 Darklings","floor":39,"turns":3},{"damage":0,"enemies":"2 Orb Walkers","floor":40,"turns":3},{"damage":0,"enemies":"Giant Head","floor":42,"turns":3},{"damage":10,"enemies":"4 Shapes","floor":44,"turns":5},{"damage":4,"enemies":"Maw","floor":46,"turns":5},{"damage":2,"enemies":"2 Orb Walkers","floor":47,"turns":3},{"damage":3,"enemies":"3 Darklings","floor":48,"turns":4},{"damage":30,"enemies":"Donu and Deca","floor":50,"turns":9}],"event_choices":[{"event_name":"Wheel of Change","player_choice":"Card Removal","floor":4,"damage_taken":0},{"event_name":"Dead Adventurer","player_choice":"Searched \u00271\u0027 times","floor":7,"damage_taken":0},{"event_name":"The Mausoleum","player_choice":"Yes","floor":19,"damage_taken":0},{"event_name":"Addict","player_choice":"Obtained Relic","floor":20,"damage_taken":0},{"event_name":"SecretPortal","player_choice":"Rejected Portal.","floor":36,"damage_taken":0},{"event_name":"The Woman in Blue","player_choice":"Bought 0 Potions","floor":41,"damage_taken":0}],"boss_relics":[{"not_picked":["Sozu","Snecko Eye"],"picked":"Eternal Feather"},{"not_picked":["Philosopher\u0027s Stone","White Beast Statue"],"picked":"Lizard Tail"}],"potions_floor_spawned":[5,7,7,8,16,18,28,39,42,46,48],"seed_played":"-5508281529304467912","ascension_level":3,"is_trial":false}