{"gold_per_floor":[118,132,21,96,109,109,128,128,154,154,173,173,173,173,173,273,273,285,301,301,224,224],"floor_reached":22,"playtime":942,"items_purged":[],"score":174,"play_id":"b3fcb3f3-12ab-4792-b54f-1573ade32e0f","local_time":"20180705224834","is_ascension_mode":false,"campfire_choices":[{"data":"Infernal Blade","floor":6,"key":"SMITH"},{"data":"Infernal Blade","floor":8,"key":"SMITH"},{"data":"Carnage","floor":12,"key":"SMITH"},{"data":"Rage","floor":15,"key":"SMITH"}],"neow_cost":"","seed_source_timestamp":99889527591772,"circlet_count":0,"master_deck":["Strike_R+1","Strike_R","Strike_R+1","Strike_R","Strike_R","Defend_R","Defend_R","Defend_R","Defend_R","Bash","Rupture","Pummel","Blood for Blood","Rage+1","Infernal Blade+1","Infernal Blade+1","Carnage+1","Parasite","Berserk+1","Infernal Blade","Twin Strike+1","J.A.X."],"relics":["Burning Blood","Anchor","Frozen Egg 2","Eternal Feather","Bag of Preparation"],"potions_floor_usage":[11,16,16],"damage_taken":[{"damage":14,"enemies":"2 Louse","floor":1,"turns":3},{"damage":0,"enemies":"Small Slimes","floor":2,"turns":3},{"damage":13,"enemies":"Jaw Worm","floor":5,"turns":4},{"damage":11,"enemies":"2 Fungi Beasts","floor":7,"turns":3},{"damage":9,"enemies":"Large Slime","floor":11,"turns":5},{"damage":30,"enemies":"Slime Boss","floor":16,"turns":10},{"damage":17,"enemies":"Shell Parasite","floor":18,"turns":6},{"damage":57,"enemies":"3 Byrds","floor":19,"turns":8},{"damage":18,"enemies":"Sentry and Sphere","floor":22,"turns":3}],"seed_played":"6596073470783225779","potions_obtained":[{"floor":5,"key":"BloodPotion"},{"floor":7,"key":"AttackPotion"},{"floor":11,"key":"SteroidPotion"},{"floor":18,"key":"SpeedPotion"}],"is_trial":false,"path_per_floor":["M","M","$","?","M","R","M","R","T","?","M","R","?","T","R","B",null,"M","M","?","?"],"character_chosen":"IRONCLAD","items_purchased":["Blood for Blood","Rage"],"campfire_rested":0,"item_purchase_floors":[3,3],"current_hp_per_floor":[72,78,78,67,60,60,55,55,55,39,48,48,68,68,68,44,80,69,18,18,18,0],"gold":224,"neow_bonus":"","is_prod":false,"is_daily":false,"chose_seed":false,"campfire_upgraded":4,"win_rate":0.0,"timestamp":1530823714,"path_taken":["M","M","$","?","M","R","M","R","T","?","M","R","?","?","R","BOSS","M","M","?","?","M"],"build_version":"2018-06-28","purchased_purges":0,"victory":false,"max_hp_per_floor":[80,80,80,80,80,80,80,80,80,80,80,80,80,80,80,80,80,80,80,80,80,80],"card_choices":[{"not_picked":["Cleave","Thunderclap"],"picked":"Rupture","floor":1},{"not_picked":["Perfected Strike","Shrug It Off"],"picked":"Pummel","floor":2},{"not_picked":["Warcry","Iron Wave"],"picked":"Infernal Blade","floor":5},{"not_picked":["Flex","Thunderclap"],"picked":"Infernal Blade","floor":7},{"not_picked":["Headbutt","Burning Pact"],"picked":"Carnage","floor":11},{"not_picked":["Brutality+1","Feed"],"picked":"Berserk+1","floor":16},{"not_picked":["Searing Blow","Clash"],"picked":"Infernal Blade","floor":18},{"not_picked":["Power Through","Clash"],"picked":"Twin Strike+1","floor":19}],"player_experience":42625,"relics_obtained":[{"floor":9,"key":"Anchor"},{"floor":14,"key":"Frozen Egg 2"}],"event_choices":[{"event_name":"World of Goop","player_choice":"Gather Gold","floor":4,"damage_taken":0},{"event_name":"Shining Light","player_choice":"Entered Light","floor":10,"damage_taken":0},{"event_name":"Mushrooms","player_choice":"Healed and dodged fight","floor":13,"damage_taken":0},{"event_name":"Accursed Blacksmith","player_choice":"Rummage","floor":20,"damage_taken":0},{"event_name":"Drug Dealer","player_choice":"Got JAXXED","floor":21,"damage_taken":0}],"boss_relics":[{"not_picked":["White Beast Statue","Runic Dome"],"picked":"Eternal Feather"}],"items_purged_floors":[],"is_endless":false,"potions_floor_spawned":[5,7,11,18],"killed_by":"Sentry and Sphere","ascension_level":0}