{"path_per_floor":["M","?","$","M","M","E","R","M","T","?","?","M","?","?","R","B",null,"M","M","?","?","M","R","E","R","T","?","E","M","M","M","R"],"character_chosen":"THE_SILENT","items_purchased":["Shovel"],"gold_per_floor":[119,294,4,19,29,54,54,72,72,37,37,54,18,18,18,94,94,113,129,44,44,54,54,84,84,84,84,116,128,142,159,159,159],"floor_reached":33,"campfire_rested":0,"playtime":1995,"current_hp_per_floor":[62,62,62,55,48,23,23,16,16,31,52,37,37,37,37,12,50,38,38,38,38,26,26,20,20,20,20,21,31,43,43,43,0],"items_purged":[],"gold":159,"score":474,"play_id":"5c1e4cb0-dd5c-4883-aaf1-007694407fa0","local_time":"20180420131417","is_prod":false,"is_daily":false,"chose_seed":false,"is_ascension_mode":true,"campfire_upgraded":2,"timestamp":1524222857,"path_taken":["M","?","$","M","M","E","R","M","T","?","?","M","?","?","R","BOSS","M","M","?","?","M","R","E","R","T","?","E","M","M","M","R","BOSS"],"build_version":"2018-04-19","seed_source_timestamp":46713033743351,"purchased_purges":0,"victory":false,"master_deck":["Survivor","Neutralize+1","AscendersBane","Malaise+1","Malaise","Dash+1","Well Laid Plans","Quick Slash+1","Sucker Punch+1","Heel Hook+1","Neutralize+1","After Image","Dagger Spray+1","Heel Hook+1","Crippling Poison+1","Deadly Poison","Catalyst","Poisoned Stab+1","Dodge and Roll","Backflip","Sucker Punch+1","Malaise","Escape Plan","Poisoned Stab+1","PiercingWail"],"max_hp_per_floor":[63,63,63,63,63,63,63,63,63,63,63,63,63,63,63,63,63,63,63,63,63,63,63,63,63,63,63,63,63,63,63,63,63],"relics":["Ring of the Snake","Ginger","Shovel","Molten Egg 2","Matryoshka","Juzu Bracelet","Gremlin Horn","Pandora\u0027s Box","Peace Pipe","Meat on the Bone","Thread and Needle","The Courier","Whetstone","Orichalcum"],"card_choices":[{"not_picked":["PiercingWail","Setup"],"picked":"Malaise","floor":1},{"not_picked":["Underhanded Strike","Bane"],"picked":"Malaise","floor":4},{"not_picked":["Terror","Cloak And Dagger"],"picked":"Dash","floor":5},{"not_picked":["Riddle With Holes","Backflip"],"picked":"Well Laid Plans","floor":6},{"not_picked":["Poisoned Stab","Backflip"],"picked":"Quick Slash","floor":8},{"not_picked":["Bane","Quick Slash"],"picked":"Sucker Punch","floor":12},{"not_picked":["Storm of Steel","Tactician"],"picked":"After Image","floor":16},{"not_picked":["Dagger Throw","Masterful Stab"],"picked":"Malaise","floor":18},{"not_picked":["Deflect","Blur"],"picked":"Escape Plan","floor":22},{"not_picked":["Deflect","Calculated Gamble"],"picked":"Poisoned Stab","floor":29},{"not_picked":["Slice","Catalyst"],"picked":"PiercingWail","floor":30}],"player_experience":326113,"potions_floor_usage":[8,16,24,28],"damage_taken":[{"damage":1,"enemies":"Small Slimes","floor":1,"turns":4},{"damage":7,"enemies":"Jaw Worm","floor":4,"turns":5},{"damage":7,"enemies":"Cultist","floor":5,"turns":4},{"damage":25,"enemies":"Lagavulin","floor":6,"turns":12},{"damage":7,"enemies":"Gremlin Gang","floor":8,"turns":7},{"damage":15,"enemies":"Exordium Thugs","floor":12,"turns":7},{"damage":25,"enemies":"The Guardian","floor":16,"turns":18},{"damage":12,"enemies":"Spheric Guardian","floor":18,"turns":6},{"damage":0,"enemies":"Chosen","floor":19,"turns":4},{"damage":12,"enemies":"Sentry and Sphere","floor":22,"turns":5},{"damage":6,"enemies":"Gremlin Leader","floor":24,"turns":7},{"damage":11,"enemies":"Slavers","floor":28,"turns":5},{"damage":2,"enemies":"3 Cultists","floor":29,"turns":4},{"damage":0,"enemies":"Cultist and Chosen","floor":30,"turns":5},{"damage":0,"enemies":"Centurion and Healer","floor":31,"turns":6},{"damage":51,"enemies":"Collector","floor":33,"turns":8}],"event_choices":[{"event_name":"Liars Game","player_choice":"agreed","floor":2,"damage_taken":0},{"event_name":"The Cleric","player_choice":"Healed","floor":10,"damage_taken":0},{"event_name":"Big Fish","player_choice":"Banana","floor":11,"damage_taken":0},{"event_name":"World of Goop","player_choice":"Left","floor":13,"damage_taken":0},{"event_name":"Match and Keep!","player_choice":"2 cards matched","floor":14,"damage_taken":0},{"event_name":"Addict","player_choice":"Obtained Relic","floor":20,"damage_taken":0},{"event_name":"Vampires","player_choice":"Ignored","floor":21,"damage_taken":0},{"event_name":"Back to Basics","player_choice":"Elegance","floor":27,"damage_taken":0}],"boss_relics":[{"not_picked":["Eternal Feather","Cursed Key"],"picked":"Pandora\u0027s Box"}],"potions_floor_spawned":[4,6,18,19,30],"seed_played":"4746445414341751655","killed_by":"Collector","ascension_level":13,"is_trial":false}