{"gold_per_floor":[117,132,132,19,31,31,64,64,64,81,95,95,168,188,188,286,286,302,6,6,24,42,42,74,74,74,109,109,125,125,136,136,239,239,255,255,268,268,268,268,295,305,305,337,14,39,57,70,70,70],"floor_reached":51,"playtime":3568,"items_purged":["Strike_G","Strike_G","Parasite"],"score":1328,"play_id":"f5ddf4c6-9957-4ac5-b583-6b3eb3699831","local_time":"20181010131250","is_ascension_mode":true,"campfire_choices":[{"data":"Neutralize","floor":6,"key":"SMITH"},{"floor":8,"key":"REST"},{"data":"Choke","floor":12,"key":"SMITH"},{"data":"Sucker Punch","floor":15,"key":"SMITH"},{"data":"Backflip","floor":23,"key":"SMITH"},{"data":"Backstab","floor":25,"key":"SMITH"},{"floor":30,"key":"REST"},{"data":"Deflect","floor":32,"key":"SMITH"},{"data":"Survivor","floor":40,"key":"SMITH"},{"floor":49,"key":"REST"}],"neow_cost":"NONE","seed_source_timestamp":84199280196925,"circlet_count":0,"master_deck":["Defend_G","Defend_G","Defend_G+1","Defend_G","Defend_G+1","Strike_G","Strike_G","Strike_G","Survivor+1","Neutralize+1","AscendersBane","Sucker Punch+1","Deflect+1","Choke+1","Backflip+1","Backstab+1","Blur+1","Cloak And Dagger+1","Malaise+1","Storm of Steel+1","Cloak And Dagger+1","Acrobatics+1","Backflip+1","Doppelganger+1","Backflip+1","Riddle With Holes+1","Backflip+1","Malaise+1","Cloak And Dagger+1","Well Laid Plans+1","Backflip+1"],"relics":["Ring of the Snake","Lantern","Shuriken","Toxic Egg 2","Paper Crane","Cursed Key","Chemical X","Happy Flower","The Courier","Question Card","Runic Dome","Calipers","Oddly Smooth Stone","DollysMirror","Bottled Flame"],"potions_floor_usage":[7,24,24,27,29,29,33,33,47,50,50],"damage_taken":[{"damage":10,"enemies":"Cultist","floor":1,"turns":5},{"damage":0,"enemies":"2 Louse","floor":2,"turns":2},{"damage":1,"enemies":"Jaw Worm","floor":5,"turns":4},{"damage":24,"enemies":"Gremlin Nob","floor":7,"turns":4},{"damage":2,"enemies":"3 Louse","floor":10,"turns":3},{"damage":0,"enemies":"Red Slaver","floor":11,"turns":1},{"damage":0,"enemies":"Exordium Thugs","floor":14,"turns":5},{"damage":0,"enemies":"The Guardian","floor":16,"turns":15},{"damage":0,"enemies":"Spheric Guardian","floor":18,"turns":6},{"damage":0,"enemies":"2 Thieves","floor":21,"turns":4},{"damage":2,"enemies":"Centurion and Healer","floor":22,"turns":8},{"damage":1,"enemies":"Slavers","floor":24,"turns":6},{"damage":5,"enemies":"Gremlin Leader","floor":27,"turns":6},{"damage":19,"enemies":"Sentry and Sphere","floor":29,"turns":4},{"damage":0,"enemies":"Snecko","floor":31,"turns":7},{"damage":11,"enemies":"Automaton","floor":33,"turns":13},{"damage":2,"enemies":"Orb Walker","floor":35,"turns":3},{"damage":0,"enemies":"3 Darklings","floor":37,"turns":4},{"damage":3,"enemies":"2 Orb Walkers","floor":41,"turns":5},{"damage":0,"enemies":"Spire Growth","floor":42,"turns":5},{"damage":0,"enemies":"Nemesis","floor":44,"turns":5},{"damage":10,"enemies":"Giant Head","floor":46,"turns":11},{"damage":0,"enemies":"Sphere and 2 Shapes","floor":47,"turns":3},{"damage":0,"enemies":"Reptomancer","floor":48,"turns":6},{"damage":0,"enemies":"Donu and Deca","floor":50,"turns":10}],"seed_played":"9027434825837352453","potions_obtained":[{"floor":5,"key":"Explosive Potion"},{"floor":7,"key":"Fire Potion"},{"floor":10,"key":"SkillPotion"},{"floor":16,"key":"EntropicBrew"},{"floor":22,"key":"Regen Potion"},{"floor":24,"key":"GhostInAJar"},{"floor":27,"key":"Strength Potion"},{"floor":29,"key":"PowerPotion"},{"floor":44,"key":"EssenceOfSteel"},{"floor":47,"key":"Fruit Juice"}],"is_trial":false,"path_per_floor":["M","M","?","$","M","R","E","R","T","M","M","R","T","M","R","B",null,"M","$","$","M","M","R","E","R","T","E","?","M","R","M","R","B",null,"M","?","M","T","?","R","E","M","T","E","$","E","M","M","R","B"],"character_chosen":"THE_SILENT","items_purchased":["Choke","Chemical X","DollysMirror","EssenceOfSteel"],"campfire_rested":3,"item_purchase_floors":[4,19,45,45],"current_hp_per_floor":[53,53,39,39,38,38,14,35,35,33,33,33,33,33,33,33,61,61,61,61,61,59,59,70,70,70,65,52,33,55,55,55,44,67,65,65,65,65,65,65,62,62,62,62,62,52,57,57,73,73],"gold":70,"neow_bonus":"RANDOM_COMMON_RELIC","is_prod":false,"is_daily":false,"chose_seed":false,"campfire_upgraded":7,"win_rate":0,"timestamp":1539169970,"path_taken":["M","?","?","$","?","R","E","R","T","M","M","R","?","M","R","BOSS","M","?","$","M","M","R","E","R","T","E","?","M","R","M","R","BOSS","M","?","M","?","?","R","E","M","T","E","$","E","M","M","R","BOSS"],"build_version":"2018-10-09","purchased_purges":3,"victory":true,"max_hp_per_floor":[70,70,70,70,70,70,70,70,70,70,70,70,70,70,70,70,70,70,70,70,70,70,70,70,70,70,70,75,75,75,75,75,75,75,75,75,75,75,71,71,71,71,71,71,68,68,73,73,73,73],"card_choices":[{"not_picked":["Acrobatics","Quick Slash"],"picked":"Sucker Punch","floor":1},{"not_picked":["Accuracy","Acrobatics"],"picked":"Deflect","floor":2},{"not_picked":["Underhanded Strike","Deflect"],"picked":"Backflip","floor":5},{"not_picked":["Outmaneuver","Accuracy"],"picked":"Backstab","floor":7},{"not_picked":["Tactician+1","Prepared+1"],"picked":"Blur+1","floor":10},{"not_picked":["Eviscerate","Heel Hook","Setup+1"],"picked":"SKIP","floor":11},{"not_picked":["Expertise+1","Deadly Poison+1"],"picked":"Cloak And Dagger+1","floor":14},{"not_picked":["Grand Finale","Venomology+1"],"picked":"Malaise+1","floor":16},{"not_picked":["Outmaneuver+1","Deflect+1","Slice"],"picked":"SKIP","floor":18},{"not_picked":["Deadly Poison+1","Outmaneuver+1"],"picked":"Storm of Steel+1","floor":21},{"not_picked":["Heel Hook","Distraction+1"],"picked":"Cloak And Dagger+1","floor":22},{"not_picked":["Flying Knee","Wraith Form v2"],"picked":"Acrobatics+1","floor":24},{"not_picked":["Noxious Fumes","Flying Knee+1","Underhanded Strike"],"picked":"SKIP","floor":27},{"not_picked":["PiercingWail+1","Noxious Fumes","Quick Slash+1"],"picked":"Backflip+1","floor":29},{"not_picked":["Outmaneuver+1","Slice","Dagger Spray","Eviscerate"],"picked":"SKIP","floor":31},{"not_picked":["Venomology+1","Corpse Explosion+1","Unload"],"picked":"Doppelganger+1","floor":33},{"not_picked":["Slice+1","Sucker Punch+1","PiercingWail+1"],"picked":"Backflip+1","floor":35},{"not_picked":["Endless Agony+1","Dagger Throw","Distraction+1"],"picked":"Riddle With Holes+1","floor":37},{"not_picked":["PiercingWail+1","Catalyst+1","Distraction+1"],"picked":"Backflip+1","floor":41},{"not_picked":["Accuracy","Prepared+1","PiercingWail+1","Slice+1"],"picked":"SKIP","floor":42},{"not_picked":["Dagger Throw+1","All Out Attack","Choke+1","Outmaneuver+1"],"picked":"SKIP","floor":44},{"not_picked":["Heel Hook","Crippling Poison+1","Calculated Gamble+1"],"picked":"Cloak And Dagger+1","floor":46},{"not_picked":["Venomology+1","PiercingWail+1","Endless Agony"],"picked":"Well Laid Plans+1","floor":47},{"not_picked":["Slice","Dagger Throw+1","Quick Slash+1"],"picked":"Backflip+1","floor":48}],"player_experience":205014,"relics_obtained":[{"floor":7,"key":"Shuriken"},{"floor":9,"key":"Toxic Egg 2"},{"floor":13,"key":"Paper Crane"},{"floor":24,"key":"Happy Flower"},{"floor":26,"key":"The Courier"},{"floor":27,"key":"Question Card"},{"floor":41,"key":"Calipers"},{"floor":44,"key":"Oddly Smooth Stone"},{"floor":46,"key":"Bottled Flame"}],"event_choices":[{"event_name":"Shining Light","player_choice":"Entered Light","floor":3,"damage_taken":0},{"event_name":"Forgotten Altar","player_choice":"Shed Blood","floor":28,"damage_taken":0},{"event_name":"Tomb of Lord Red Mask","player_choice":"Ignored","floor":36,"damage_taken":0},{"event_name":"Winding Halls","player_choice":"Max HP","floor":39,"damage_taken":0}],"is_beta":true,"boss_relics":[{"not_picked":["Busted Crown","Pandora\u0027s Box"],"picked":"Cursed Key"},{"not_picked":["HoveringKite","Philosopher\u0027s Stone"],"picked":"Runic Dome"}],"items_purged_floors":[4,19,45],"is_endless":false,"potions_floor_spawned":[5,7,10,16,22,24,27,29,31,44,46,47],"ascension_level":10}