{"gold_per_floor":[109,109,125,138,88,123,123,148,148,35,35,55,55,67,67,172,172,188,188,103,129,142,142,176,176,176,204,223,223,123,141,141,246,246,266,278,78,90,101,134,134,0,0,0,31,31,49,49,49,49],"floor_reached":51,"playtime":1972,"items_purged":["Strike_G","Strike_G"],"score":1021,"play_id":"f4061d0e-b58c-4e31-99c6-945abd1ca497","local_time":"20181117011541","is_ascension_mode":true,"campfire_choices":[{"data":"Predator","floor":7,"key":"SMITH"},{"data":"Noxious Fumes","floor":11,"key":"SMITH"},{"data":"Dagger Spray","floor":15,"key":"SMITH"},{"data":"Dash","floor":23,"key":"SMITH"},{"data":"Adrenaline","floor":25,"key":"SMITH"},{"data":"Dodge and Roll","floor":29,"key":"SMITH"},{"data":"Backflip","floor":32,"key":"SMITH"},{"floor":41,"key":"REST"},{"floor":46,"key":"REST"},{"data":"Madness","floor":49,"key":"SMITH"}],"neow_cost":"NONE","seed_source_timestamp":183865097927,"circlet_count":0,"master_deck":["Defend_G","Defend_G+1","Defend_G","Strike_G","Strike_G","Strike_G","Survivor","Neutralize+1","Dodge and Roll+1","Predator+1","Backflip+1","Slice","Noxious Fumes+1","Dash+1","Dagger Spray+1","Adrenaline+1","Dagger Spray+1","Phantasmal Killer+1","Cloak And Dagger","Crippling Poison+1","Madness+1","Bouncing Flask+1"],"relics":["Ring of the Serpent","Matryoshka","Tough Bandages","Lantern","Pear","Runic Dome","Incense Burner","Bottled Tornado","Orichalcum","Anchor","Singing Bowl","Bag of Marbles","War Paint","Happy Flower","Red Mask","Oddly Smooth Stone","Question Card"],"potions_floor_usage":[8,16,33,50,50,50],"damage_taken":[{"damage":3,"enemies":"2 Louse","floor":1,"turns":4},{"damage":0,"enemies":"Jaw Worm","floor":3,"turns":6},{"damage":0,"enemies":"Cultist","floor":4,"turns":4},{"damage":21,"enemies":"3 Sentries","floor":6,"turns":11},{"damage":23,"enemies":"Lagavulin","floor":8,"turns":9},{"damage":3,"enemies":"Looter","floor":12,"turns":3},{"damage":1,"enemies":"Blue Slaver","floor":14,"turns":3},{"damage":12,"enemies":"Slime Boss","floor":16,"turns":9},{"damage":5,"enemies":"Chosen","floor":18,"turns":4},{"damage":10,"enemies":"3 Byrds","floor":22,"turns":4},{"damage":9,"enemies":"Book of Stabbing","floor":24,"turns":6},{"damage":0,"enemies":"Slavers","floor":27,"turns":4},{"damage":0,"enemies":"Centurion and Healer","floor":28,"turns":3},{"damage":3,"enemies":"Shelled Parasite and Fungi","floor":31,"turns":4},{"damage":2,"enemies":"Collector","floor":33,"turns":9},{"damage":14,"enemies":"3 Darklings","floor":35,"turns":5},{"damage":0,"enemies":"Orb Walker","floor":36,"turns":3},{"damage":10,"enemies":"Sphere and 2 Shapes","floor":38,"turns":3},{"damage":0,"enemies":"3 Darklings","floor":39,"turns":2},{"damage":46,"enemies":"Giant Head","floor":40,"turns":9},{"damage":33,"enemies":"Nemesis","floor":45,"turns":7},{"damage":0,"enemies":"Transient","floor":47,"turns":5},{"damage":44,"enemies":"Donu and Deca","floor":50,"turns":8}],"seed_played":"5832162229475250228","potions_obtained":[{"floor":1,"key":"Dexterity Potion"},{"floor":14,"key":"Poison Potion"},{"floor":16,"key":"SteroidPotion"},{"floor":18,"key":"SpeedPotion"},{"floor":31,"key":"SpeedPotion"},{"floor":33,"key":"Swift Potion"},{"floor":36,"key":"AttackPotion"},{"floor":40,"key":"EssenceOfSteel"}],"is_trial":false,"path_per_floor":["M","?","M","M","?","E","R","E","T","$","R","M","$","M","R","B",null,"M","?","?","T","M","R","E","R","T","E","M","R","$","M","R","B",null,"M","M","$","M","M","E","R","?","T","?","E","R","M","?","R","B",null],"character_chosen":"THE_SILENT","items_purchased":["Noxious Fumes","War Paint","Cloak And Dagger"],"campfire_rested":2,"item_purchase_floors":[10,37,37],"current_hp_per_floor":[60,53,53,53,53,32,32,9,19,19,19,16,16,15,15,3,61,56,41,41,41,31,31,22,22,22,24,24,24,24,23,23,21,72,60,62,62,54,54,10,39,39,39,39,8,37,37,87,87,43],"gold":49,"neow_bonus":"UPGRADE_CARD","is_prod":false,"is_daily":false,"chose_seed":false,"campfire_upgraded":8,"win_rate":0,"timestamp":1542435341,"path_taken":["M","?","M","M","?","E","R","E","T","?","R","M","$","M","R","BOSS","M","?","?","?","M","R","E","R","T","E","M","R","?","?","R","BOSS","M","M","$","M","M","E","R","?","T","?","E","R","M","?","R","BOSS"],"build_version":"2018-11-15","purchased_purges":2,"victory":true,"max_hp_per_floor":[70,70,70,70,70,70,70,70,80,80,80,80,80,80,80,80,80,80,85,85,85,85,85,85,85,85,87,87,87,87,89,89,89,89,91,93,93,95,95,97,97,97,97,97,99,99,99,87,87,87],"card_choices":[{"not_picked":["Deflect","Bane"],"picked":"Dodge and Roll","floor":1},{"not_picked":["Choke","Slice"],"picked":"Predator","floor":3},{"not_picked":["Catalyst","Dagger Throw"],"picked":"Backflip","floor":4},{"not_picked":["Backstab","Calculated Gamble"],"picked":"Slice","floor":6},{"not_picked":["PiercingWail","Setup","Poisoned Stab"],"picked":"SKIP","floor":8},{"not_picked":["Blade Dance","Concentrate"],"picked":"Dash","floor":12},{"not_picked":["Heel Hook","Sucker Punch"],"picked":"Dagger Spray","floor":14},{"not_picked":["Backstab","Deadly Poison","Accuracy"],"picked":"SKIP","floor":18},{"not_picked":["Deadly Poison","Setup","Backstab"],"picked":"SKIP","floor":22},{"not_picked":["Outmaneuver+1","Caltrops"],"picked":"Adrenaline","floor":24},{"not_picked":["Blade Dance","Well Laid Plans","Dodge and Roll"],"picked":"Singing Bowl","floor":27},{"not_picked":["Acrobatics","Deflect"],"picked":"Dagger Spray+1","floor":28},{"not_picked":["Blur","Well Laid Plans","Dagger Spray+1"],"picked":"Singing Bowl","floor":31},{"not_picked":["Bullet Time","A Thousand Cuts"],"picked":"Phantasmal Killer","floor":33},{"not_picked":["Acrobatics","Prepared","Calculated Gamble+1"],"picked":"Singing Bowl","floor":35},{"not_picked":["Flying Knee","Outmaneuver","Cloak And Dagger"],"picked":"Singing Bowl","floor":36},{"not_picked":["Bane+1","Concentrate+1","Heel Hook"],"picked":"Singing Bowl","floor":38},{"not_picked":["Dodge and Roll+1","Flying Knee"],"picked":"Crippling Poison+1","floor":39},{"not_picked":["Well Laid Plans+1","Flying Knee","Accuracy"],"picked":"Singing Bowl","floor":40},{"not_picked":["Impatience","Blind"],"picked":"Madness","floor":44},{"not_picked":["Blade Dance+1","All Out Attack+1","PiercingWail+1"],"picked":"Singing Bowl","floor":45},{"not_picked":["Sucker Punch","Terror","Wraith Form v2"],"picked":"Bouncing Flask+1","floor":47}],"player_experience":428832,"relics_obtained":[{"floor":6,"key":"Matryoshka"},{"floor":8,"key":"Tough Bandages"},{"floor":9,"key":"Lantern"},{"floor":9,"key":"Pear"},{"floor":21,"key":"Bottled Tornado"},{"floor":21,"key":"Orichalcum"},{"floor":24,"key":"Anchor"},{"floor":26,"key":"Singing Bowl"},{"floor":27,"key":"Bag of Marbles"},{"floor":40,"key":"Happy Flower"},{"floor":43,"key":"Oddly Smooth Stone"},{"floor":45,"key":"Question Card"}],"event_choices":[{"cards_removed":["Defend_G"],"damage_healed":0,"gold_gain":0,"player_choice":"Card Removal","damage_taken":7,"max_hp_gain":0,"max_hp_loss":0,"event_name":"Golden Wing","floor":2,"gold_loss":0},{"cards_removed":["Defend_G"],"damage_healed":0,"gold_gain":0,"player_choice":"Card Removal","damage_taken":0,"max_hp_gain":0,"max_hp_loss":0,"event_name":"The Cleric","floor":5,"gold_loss":50},{"damage_healed":0,"gold_gain":0,"player_choice":"Shed Blood","damage_taken":20,"max_hp_gain":5,"max_hp_loss":0,"event_name":"Forgotten Altar","floor":19,"gold_loss":0},{"damage_healed":0,"gold_gain":0,"player_choice":"Obtained Relic","damage_taken":0,"relics_obtained":["Incense Burner"],"max_hp_gain":0,"max_hp_loss":0,"event_name":"Addict","floor":20,"gold_loss":85},{"damage_healed":0,"gold_gain":0,"player_choice":"Paid","damage_taken":0,"relics_obtained":["Red Mask"],"max_hp_gain":0,"max_hp_loss":0,"event_name":"Tomb of Lord Red Mask","floor":42,"gold_loss":134},{"damage_healed":0,"gold_gain":0,"player_choice":"Memory 1","damage_taken":0,"max_hp_gain":0,"max_hp_loss":0,"event_name":"SensoryStone","floor":44,"gold_loss":0},{"damage_healed":87,"gold_gain":0,"player_choice":"Heal","damage_taken":0,"max_hp_gain":0,"max_hp_loss":12,"event_name":"The Moai Head","floor":48,"gold_loss":0}],"is_beta":true,"boss_relics":[{"not_picked":["Calling Bell","Ectoplasm"],"picked":"Runic Dome"},{"not_picked":["WristBlade","Orrery"],"picked":"Ring of the Serpent"}],"items_purged_floors":[10,30],"is_endless":false,"potions_floor_spawned":[1,14,16,18,31,33,36,38,40],"ascension_level":6}