{"path_per_floor":["M","?","M","?","?","R","E","R","T","E","?","M","M","M","R","B",null,"M","?","T","$","M","E","R","E","T","M","R","E","M","M","R"],"character_chosen":"THE_SILENT","items_purchased":["War Paint"],"gold_per_floor":[112,112,122,122,122,122,148,148,148,173,196,210,229,241,241,336,336,349,349,349,121,132,162,162,191,240,257,257,290,302,316,316],"floor_reached":33,"campfire_rested":0,"playtime":3042,"current_hp_per_floor":[68,68,68,68,68,68,40,40,40,18,18,18,17,17,17,10,55,55,42,42,42,42,34,34,38,44,42,42,57,55,50,50],"items_purged":["Writhe"],"gold":316,"score":425,"play_id":"a009a2cf-8320-4160-a62e-6a9627825940","is_prod":false,"is_daily":false,"is_ascension_mode":true,"campfire_upgraded":4,"path_taken":["M","?","M","?","?","R","E","R","T","E","?","M","M","?","R","BOSS","M","?","?","$","M","E","R","E","T","M","R","E","M","M","R","BOSS"],"build_version":"2018-02-22-PROD2","purchased_purges":1,"victory":false,"master_deck":["Defend_G","Defend_G","Defend_G","Defend_G+1","Strike_G","Strike_G","Strike_G","Survivor+1","Neutralize+1","Cloak And Dagger","Dagger Throw+1","Setup+1","Venomology+1","Dagger Throw","Dash","Leg Sweep","Blade Dance","Outmaneuver","Prepared","Burst+1","Quick Slash+1","Heel Hook","Dodge and Roll+1","Setup+1","Clumsy","Sucker Punch+1","Accuracy","Flying Knee","Dodge and Roll+1"],"max_hp_per_floor":[70,70,70,70,70,70,70,70,70,70,70,70,70,70,70,70,70,70,75,75,75,75,75,75,75,81,81,81,81,81,81,81],"relics":["Ring of the Snake","Happy Flower","Shovel","Dream Catcher","Odd Mushroom","Ninja Scroll","Cursed Key","Thread and Needle","War Paint","Darkstone Periapt","Whetstone","Pen Nib","Orichalcum","Centennial Puzzle"],"card_choices":[{"not_picked":["Poisoned Stab","Prepared"],"picked":"Cloak And Dagger"},{"not_picked":["Caltrops","Backflip"],"picked":"Dagger Throw"},{"not_picked":["Night Terror","Riddle With Holes"],"picked":"Dagger Throw"},{"not_picked":["Dagger Throw","Infinite Blades"],"picked":"Dash"},{"not_picked":["Blade Dance","Malaise"],"picked":"Leg Sweep"},{"not_picked":["Poisoned Stab","Crippling Poison"],"picked":"Blade Dance"},{"not_picked":["Bane","Riddle With Holes"],"picked":"Outmaneuver"},{"not_picked":["Leg Sweep","Deadly Poison"],"picked":"Prepared"},{"not_picked":["Adrenaline","Night Terror"],"picked":"Burst"},{"not_picked":["Setup","Acrobatics"],"picked":"Quick Slash"},{"not_picked":["Deflect","Catalyst"],"picked":"Heel Hook"},{"not_picked":["Unload","Heel Hook"],"picked":"Dodge and Roll"},{"not_picked":["Tools of the Trade","Flying Knee"],"picked":"Setup"},{"not_picked":["Crippling Poison","Cloak And Dagger"],"picked":"Sucker Punch"},{"not_picked":["Reflex","Tactician"],"picked":"Accuracy"},{"not_picked":["Acrobatics","Bane"],"picked":"Flying Knee"},{"not_picked":["Poisoned Stab","Bouncing Flask"],"picked":"Dodge and Roll"}],"player_experience":146411,"potions_floor_usage":[7,10,11,14,16,16,16,18,23,23,23,25,25,25,29,29,31,31,33,33],"damage_taken":[{"damage":2,"enemies":"Small Slimes","floor":1,"turns":4},{"damage":0,"enemies":"Cultist","floor":3,"turns":4},{"damage":28,"enemies":"3 Sentries","floor":7,"turns":14},{"damage":22,"enemies":"Lagavulin","floor":10,"turns":8},{"damage":0,"enemies":"The Mushroom Lair","floor":11,"turns":4},{"damage":0,"enemies":"2 Louse","floor":12,"turns":2},{"damage":1,"enemies":"Blue Slaver","floor":13,"turns":4},{"damage":0,"enemies":"Gremlin Gang","floor":14,"turns":4},{"damage":7,"enemies":"Slime Boss","floor":16,"turns":8},{"damage":0,"enemies":"3 Byrds","floor":18,"turns":7},{"damage":0,"enemies":"Shell Parasite","floor":22,"turns":6},{"damage":23,"enemies":"Book of Stabbing","floor":23,"turns":8},{"damage":11,"enemies":"Slavers","floor":25,"turns":8},{"damage":2,"enemies":"Centurion and Healer","floor":27,"turns":7},{"damage":0,"enemies":"Book of Stabbing","floor":29,"turns":6},{"damage":2,"enemies":"Snecko","floor":30,"turns":5},{"damage":5,"enemies":"Sentry and Sphere","floor":31,"turns":4},{"damage":63,"enemies":"Champ","floor":33,"turns":12}],"event_choices":[{"event_name":"Wheel of Change","player_choice":"Card Removal","floor":2,"damage_taken":0},{"event_name":"Transmorgrifier","player_choice":"Transform","floor":4,"damage_taken":0},{"event_name":"Living Wall","player_choice":"Change","floor":5,"damage_taken":0},{"event_name":"Mushrooms","player_choice":"Fought Mushrooms","floor":11,"damage_taken":0},{"event_name":"Forgotten Altar","player_choice":"Shed Blood","floor":19,"damage_taken":0}],"boss_relics":[{"not_picked":["Sozu","Calling Bell"],"picked":"Cursed Key"}],"potions_floor_spawned":[10,11,14,18,23,27,30],"seed_played":"7155471417511751840","killed_by":"Champ","ascension_level":5,"is_trial":false}