{"path_per_floor":["M","M","M","M","?","E","M","R","T","$","M","R","?","E","R","B",null,"M","M","M"],"character_chosen":"THE_SILENT","items_purchased":["Dodge and Roll","Mummified Hand"],"gold_per_floor":[116,129,145,165,265,295,313,313,313,51,62,62,62,94,94,191,191,209,225,235],"floor_reached":21,"campfire_rested":0,"playtime":2075,"current_hp_per_floor":[68,67,67,67,67,47,47,47,47,47,47,47,52,39,39,16,75,70,45,19],"items_purged":[],"gold":235,"play_id":"6a519353-a3aa-4355-bb9c-a4d2118e1199","is_prod":false,"is_daily":false,"campfire_rituals":0,"campfire_upgraded":3,"is_hardmode":false,"path_taken":["M","M","M","M","?","E","M","R","T","$","?","R","?","E","R","BOSS","M","M","M","M"],"build_version":"2018-01-18-PROD4","purchased_purges":0,"victory":false,"master_deck":["Defend_G","Defend_G","Defend_G","Defend_G","Strike_G","Strike_G","Strike_G","Strike_G","Strike_G","Survivor","Neutralize","Venomology","Dash","Bouncing Flask","Dagger Spray","Dodge and Roll","Poisoned Stab","Dodge and Roll","Dagger Throw","Sucker Punch","Night Terror","Flying Knee","Acrobatics","Predator"],"max_hp_per_floor":[70,70,70,70,70,70,70,70,70,70,70,70,75,75,75,75,75,75,75,75],"relics":["Ring of the Snake","Snake Skull","Frozen Eye","Mummified Hand","Toolbox","Black Star"],"campfire_meditates":0,"card_choices":[{"not_picked":["Poisoned Stab","Deflect"],"picked":"Venomology"},{"not_picked":["Well Laid Plans","Sucker Punch"],"picked":"Dash"},{"not_picked":["Escape Plan","Deflect"],"picked":"Bouncing Flask"},{"not_picked":["Dodge and Roll","PiercingWail"],"picked":"Dagger Spray"},{"not_picked":["Deflect","Glass Knife"],"picked":"Dodge and Roll"},{"not_picked":["Well Laid Plans","Deflect"],"picked":"Poisoned Stab"},{"not_picked":["Acrobatics","Riddle With Holes"],"picked":"Dagger Throw"},{"not_picked":["Distraction","Dagger Spray"],"picked":"Sucker Punch"},{"not_picked":["Adrenaline","A Thousand Cuts"],"picked":"Night Terror"},{"not_picked":["Prepared","Acrobatics"],"picked":"Flying Knee"},{"not_picked":["Well Laid Plans","Backflip"],"picked":"Acrobatics"},{"not_picked":["Escape Plan","Sucker Punch"],"picked":"Predator"}],"player_experience":22675,"potions_floor_usage":[2,3,4,4,6,6,11,14,14,14,16,16,18,19,20,21],"damage_taken":[{"damage":2,"enemies":"2 Louse","floor":1,"turns":3},{"damage":1,"enemies":"Blue Slaver","floor":2,"turns":5},{"damage":0,"enemies":"Jaw Worm","floor":3,"turns":3},{"damage":0,"enemies":"Red Slaver","floor":4,"turns":3},{"damage":20,"enemies":"Lagavulin","floor":6,"turns":6},{"damage":0,"enemies":"Large Slime","floor":7,"turns":5},{"damage":0,"enemies":"3 Louse","floor":11,"turns":3},{"damage":13,"enemies":"3 Sentries","floor":14,"turns":7},{"damage":23,"enemies":"Slime Boss","floor":16,"turns":13},{"damage":5,"enemies":"Shell Parasite","floor":18,"turns":4},{"damage":25,"enemies":"2 Thieves","floor":19,"turns":4},{"damage":26,"enemies":"Centurion and Healer","floor":20,"turns":6},{"damage":22,"enemies":"Snake Plant","floor":21,"turns":3}],"event_choices":[{"event_name":"Golden Shrine","player_choice":"Pray","floor":5,"damage_taken":0},{"event_name":"Big Fish","player_choice":"Donut","floor":13,"damage_taken":0}],"boss_relics":[{"not_picked":["Question Card","Tiny House"],"picked":"Black Star"}],"potions_floor_spawned":[2,3,6,7,18],"seed_played":"-8891348538452610623","killed_by":"Snake Plant","is_trial":false}