{"gold_per_floor":[114,389,406,216,216,216,245,245,291,306,325,325,345,34,34,130,130,146,246,264,280,280,280,299,299,322,351,367,383,24,44,44,142,142,155,7,20,65,75,101,101,121,121,121,138,138,138,0,0,0],"floor_reached":51,"playtime":5730,"items_purged":["Regret","Injury"],"score":724,"play_id":"ae3f9e91-a37a-4b07-9db1-f4e6df3b371d","local_time":"20180905173543","is_ascension_mode":false,"campfire_choices":[{"data":"Auto Shields","floor":6,"key":"SMITH"},{"data":"Defragment","floor":8,"key":"SMITH"},{"floor":15,"key":"REST"},{"floor":23,"key":"REST"},{"floor":32,"key":"REST"},{"floor":44,"key":"REST"},{"data":"Buffer","floor":46,"key":"SMITH"},{"data":"Defragment","floor":49,"key":"SMITH"}],"neow_cost":"NONE","seed_source_timestamp":435097079155706,"circlet_count":0,"master_deck":["Defend_B+1","Defend_B","Defend_B+1","Defend_B","Zap","Dualcast+1","Machine Learning","Auto Shields+1","Sweeping Beam","Beam Cell","Self Repair","Defragment+1","Sweeping Beam","Glacier","Electrodynamics","Multi-Cast","Sweeping Beam+1","Defragment","Glacier","Loop","Bite","Bite","Bite","Bite","Bite","Storm","Seek","Defragment+1","Hologram+1","Buffer+1","Hello World","Beam Cell","White Noise+1","Dramatic Entrance","Shame","Storm"],"relics":["Cracked Core","Strawberry","Regal Pillow","StoneCalendar","Cursed Key","Ice Cream","Pear","War Paint","Matryoshka","Meat on the Bone","Busted Crown","Nunchaku","Ancient Tea Set","Ornamental Fan","Calipers","Red Mask"],"potions_floor_usage":[7,13,18,21,31,35,38,38,39],"damage_taken":[{"damage":6,"enemies":"Jaw Worm","floor":1,"turns":3},{"damage":2,"enemies":"Cultist","floor":3,"turns":3},{"damage":18,"enemies":"Lagavulin","floor":7,"turns":7},{"damage":0,"enemies":"2 Louse","floor":10,"turns":3},{"damage":19,"enemies":"Blue Slaver","floor":11,"turns":4},{"damage":6,"enemies":"Lots of Slimes","floor":13,"turns":3},{"damage":11,"enemies":"Slime Boss","floor":16,"turns":6},{"damage":27,"enemies":"2 Thieves","floor":18,"turns":4},{"damage":5,"enemies":"Colosseum Slavers","floor":19,"turns":3},{"damage":32,"enemies":"Colosseum Nobs","floor":19,"turns":3},{"damage":28,"enemies":"3 Byrds","floor":20,"turns":3},{"damage":9,"enemies":"Shelled Parasite and Fungi","floor":21,"turns":7},{"damage":32,"enemies":"Snake Plant","floor":24,"turns":5},{"damage":22,"enemies":"Slavers","floor":27,"turns":3},{"damage":0,"enemies":"3 Cultists","floor":28,"turns":2},{"damage":4,"enemies":"Snecko","floor":29,"turns":7},{"damage":0,"enemies":"Cultist and Chosen","floor":31,"turns":3},{"damage":58,"enemies":"Champ","floor":33,"turns":16},{"damage":19,"enemies":"3 Darklings","floor":35,"turns":5},{"damage":29,"enemies":"3 Shapes","floor":37,"turns":2},{"damage":20,"enemies":"Mysterious Sphere","floor":38,"turns":5},{"damage":0,"enemies":"Maw","floor":39,"turns":8},{"damage":66,"enemies":"Giant Head","floor":40,"turns":12},{"damage":30,"enemies":"Reptomancer","floor":42,"turns":5},{"damage":0,"enemies":"Transient","floor":45,"turns":5},{"damage":19,"enemies":"Time Eater","floor":50,"turns":13}],"seed_played":"-3380622692624581529","potions_obtained":[{"floor":3,"key":"FearPotion"},{"floor":7,"key":"Dexterity Potion"},{"floor":16,"key":"PowerPotion"},{"floor":20,"key":"Swift Potion"},{"floor":29,"key":"Poison Potion"},{"floor":31,"key":"Regen Potion"},{"floor":33,"key":"FocusPotion"},{"floor":38,"key":"Poison Potion"},{"floor":45,"key":"PowerPotion"}],"is_trial":false,"path_per_floor":["M","?","M","$","?","R","E","R","T","M","M","?","M","$","R","B",null,"M","?","M","M","?","R","M","?","T","E","M","M","$","M","R","B",null,"M","$","M","?","M","E","?","M","T","R","M","R","?","?","R","B"],"character_chosen":"DEFECT","items_purchased":["Beam Cell","Self Repair","StoneCalendar","Meat on the Bone","Hello World","FocusPotion"],"campfire_rested":4,"item_purchase_floors":[4,4,14,30,36,36],"current_hp_per_floor":[69,69,67,67,67,67,63,63,63,70,58,42,36,36,75,71,82,55,42,14,12,12,46,31,31,31,9,18,27,27,43,64,45,64,64,64,39,44,61,32,32,27,27,61,64,64,61,61,61,61],"gold":0,"neow_bonus":"ONE_RANDOM_RARE_CARD","is_prod":false,"is_daily":false,"chose_seed":false,"campfire_upgraded":4,"win_rate":0.0,"timestamp":1536161743,"path_taken":["M","?","M","$","?","R","E","R","T","M","M","?","?","$","R","BOSS","M","?","M","M","?","R","M","?","T","E","M","M","$","M","R","BOSS","M","$","M","?","M","E","?","M","T","R","?","R","?","?","R","BOSS"],"build_version":"2018-08-30","purchased_purges":2,"victory":true,"max_hp_per_floor":[75,75,75,75,75,75,82,82,82,82,82,82,82,82,82,82,82,82,92,92,92,64,64,64,64,64,64,64,64,64,64,64,64,64,64,64,64,64,64,64,64,64,64,64,64,64,61,61,61,61],"card_choices":[{"not_picked":["Beam Cell","BootSequence"],"picked":"Auto Shields","floor":1},{"not_picked":["Compile Driver","Heatsinks"],"picked":"Sweeping Beam","floor":3},{"not_picked":["Coolheaded","Ball Lightning"],"picked":"Defragment","floor":7},{"not_picked":["Leap","Compile Driver"],"picked":"Sweeping Beam","floor":10},{"not_picked":["Heatsinks","Gash"],"picked":"Glacier","floor":11},{"not_picked":["Glacier","Conserve Battery"],"picked":"Electrodynamics","floor":13},{"not_picked":["Electrodynamics","Thunder Strike"],"picked":"Multi-Cast","floor":16},{"not_picked":["Hologram","Conserve Battery"],"picked":"Sweeping Beam+1","floor":18},{"not_picked":["FTL","Redo"],"picked":"Defragment","floor":19},{"not_picked":["Stack+1","Conserve Battery"],"picked":"Glacier","floor":20},{"not_picked":["Sweeping Beam","Cold Snap"],"picked":"Loop","floor":21},{"not_picked":["Conserve Battery+1","Rip and Tear"],"picked":"Storm","floor":24},{"not_picked":["Go for the Eyes","Blizzard"],"picked":"Seek","floor":27},{"not_picked":["Compile Driver","Gash","Doom and Gloom+1"],"picked":"SKIP","floor":28},{"not_picked":["Gash+1","Redo"],"picked":"Defragment","floor":29},{"not_picked":["Ball Lightning+1","Barrage"],"picked":"Hologram+1","floor":31},{"not_picked":["Rainbow","Machine Learning"],"picked":"Buffer","floor":33},{"not_picked":["Cold Snap"],"picked":"SKIP","floor":35},{"not_picked":["Doom and Gloom+1"],"picked":"SKIP","floor":37},{"not_picked":[],"picked":"Beam Cell","floor":38},{"not_picked":["Leap+1"],"picked":"SKIP","floor":39},{"not_picked":[],"picked":"White Noise+1","floor":40},{"not_picked":[],"picked":"Dramatic Entrance","floor":41},{"not_picked":["Barrage+1"],"picked":"SKIP","floor":42},{"not_picked":[],"picked":"Storm","floor":45}],"player_experience":108717,"relics_obtained":[{"floor":7,"key":"Strawberry"},{"floor":9,"key":"Regal Pillow"},{"floor":19,"key":"Ice Cream"},{"floor":19,"key":"Pear"},{"floor":26,"key":"War Paint"},{"floor":27,"key":"Matryoshka"},{"floor":38,"key":"Nunchaku"},{"floor":40,"key":"Ancient Tea Set"},{"floor":43,"key":"Ornamental Fan"},{"floor":43,"key":"Calipers"}],"event_choices":[{"event_name":"Golden Shrine","player_choice":"Desecrate","floor":2,"damage_taken":0},{"event_name":"Purifier","player_choice":"Skipped","floor":5,"damage_taken":0},{"event_name":"Shining Light","player_choice":"Entered Light","floor":12,"damage_taken":0},{"event_name":"Colosseum","player_choice":"Fight","floor":19,"damage_taken":0},{"event_name":"Colosseum","player_choice":"Fought Nobs","floor":19,"damage_taken":0},{"event_name":"Vampires","player_choice":"Became a vampire","floor":22,"damage_taken":0},{"event_name":"Ghosts","player_choice":"Ignored","floor":25,"damage_taken":0},{"event_name":"Mysterious Sphere","player_choice":"Fight","floor":38,"damage_taken":0},{"event_name":"SensoryStone","player_choice":"Memory 1","floor":41,"damage_taken":0},{"event_name":"Winding Halls","player_choice":"Max HP","floor":47,"damage_taken":0},{"event_name":"Tomb of Lord Red Mask","player_choice":"Paid","floor":48,"damage_taken":0}],"is_beta":false,"boss_relics":[{"not_picked":["Nuclear Battery","Black Star"],"picked":"Cursed Key"},{"not_picked":["Velvet Choker","White Beast Statue"],"picked":"Busted Crown"}],"items_purged_floors":[4,30],"is_endless":false,"potions_floor_spawned":[3,7,16,19,20,29,31,33,38,45],"ascension_level":0}