{"gold_per_floor":[116,41,41,3,3,31,6,25,82,97,113,130,130,150,150,249,249,265,289,31,130,5,38,38,52,134,153,153,3,3,17,17,17],"floor_reached":33,"playtime":2117,"items_purged":["Defend_B","Strike_B","Defend_B","Strike_B"],"score":398,"play_id":"344d36d8-b4ee-4fcb-8382-be5b28fc416c","local_time":"20180918010549","is_ascension_mode":true,"campfire_choices":[{"floor":13,"key":"REST"},{"floor":15,"key":"REST"},{"floor":24,"key":"REST"},{"floor":28,"key":"REST"},{"data":"Buffer","floor":30,"key":"SMITH"},{"floor":32,"key":"REST"}],"neow_cost":"NONE","seed_source_timestamp":215738818265825,"circlet_count":0,"master_deck":["Strike_B","Defend_B","Defend_B","Zap","Dualcast+1","AscendersBane","Melter","Go for the Eyes","Double Energy","Leap","Sweeping Beam","Sweeping Beam","FTL","Buffer+1","White Noise","Reinforced Body","Defragment","Rebound+1","Reprogram+1","Auto Shields+1"],"relics":["Cracked Core","Sundial","Pen Nib","Tiny Chest","White Beast Statue","Vajra","Juzu Bracelet","Kunai"],"potions_floor_usage":[12,16,18,18,23,23,25,27,31,33],"damage_taken":[{"damage":3,"enemies":"2 Louse","floor":1,"turns":3},{"damage":40,"enemies":"3 Sentries","floor":6,"turns":8},{"damage":2,"enemies":"Jaw Worm","floor":8,"turns":3},{"damage":0,"enemies":"Cultist","floor":10,"turns":2},{"damage":5,"enemies":"Exordium Wildlife","floor":11,"turns":3},{"damage":0,"enemies":"Exordium Thugs","floor":12,"turns":3},{"damage":1,"enemies":"3 Louse","floor":14,"turns":3},{"damage":45,"enemies":"The Guardian","floor":16,"turns":13},{"damage":6,"enemies":"Shell Parasite","floor":18,"turns":4},{"damage":25,"enemies":"Gremlin Leader","floor":23,"turns":5},{"damage":0,"enemies":"Chosen","floor":25,"turns":6},{"damage":12,"enemies":"Snake Plant","floor":27,"turns":4},{"damage":11,"enemies":"Centurion and Healer","floor":31,"turns":9},{"damage":78,"enemies":"Collector","floor":33,"turns":11}],"seed_played":"5489422251660627417","potions_obtained":[{"floor":10,"key":"PowerPotion"},{"floor":12,"key":"EntropicBrew"},{"floor":18,"key":"AttackPotion"},{"floor":23,"key":"SkillPotion"},{"floor":25,"key":"Poison Potion"},{"floor":27,"key":"Energy Potion"},{"floor":31,"key":"Poison Potion"}],"is_trial":false,"path_per_floor":["M","$","?","$","T","E","$","M","T","M","M","M","R","M","R","B",null,"M","T","$","?","$","E","R","M","T","M","R","$","R","M","R"],"character_chosen":"DEFECT","items_purchased":["Melter","Go for the Eyes","White Noise","Reinforced Body"],"campfire_rested":5,"item_purchase_floors":[4,7,20,20],"current_hp_per_floor":[65,65,65,65,65,25,25,23,23,23,18,18,40,39,61,16,60,54,54,54,54,54,29,51,51,51,39,61,61,61,50,72,0],"gold":17,"neow_bonus":"REMOVE_CARD","is_prod":false,"is_daily":false,"chose_seed":false,"campfire_upgraded":1,"win_rate":0,"timestamp":1537225549,"path_taken":["M","$","?","$","?","E","?","?","T","M","M","M","R","M","R","BOSS","M","?","$","?","?","E","R","M","T","M","R","?","R","M","R","BOSS"],"build_version":"2018-09-06","purchased_purges":4,"victory":false,"max_hp_per_floor":[75,75,75,75,75,75,75,75,75,75,75,75,75,75,75,75,75,75,75,75,75,75,75,75,75,75,75,75,75,75,75,75,75],"card_choices":[{"not_picked":["Rebound","Cold Snap","Turbo"],"picked":"SKIP","floor":1},{"not_picked":["Cold Snap","Redo","Lockon"],"picked":"SKIP","floor":6},{"not_picked":["Meteor Strike","Beam Cell"],"picked":"Double Energy","floor":8},{"not_picked":["Hologram","Steam"],"picked":"Leap","floor":10},{"not_picked":["Double Energy","Rebound"],"picked":"Sweeping Beam","floor":11},{"not_picked":["Cold Snap","Go for the Eyes"],"picked":"Sweeping Beam","floor":12},{"not_picked":["Chill","Streamline"],"picked":"FTL","floor":14},{"not_picked":["Multi-Cast","Seek"],"picked":"Buffer","floor":16},{"not_picked":["Compile Driver","Double Energy","Melter"],"picked":"SKIP","floor":18},{"not_picked":["Ball Lightning","Leap"],"picked":"Defragment","floor":23},{"not_picked":["Compile Driver+1","Hologram"],"picked":"Rebound+1","floor":25},{"not_picked":["Cold Snap","Skim"],"picked":"Reprogram+1","floor":27},{"not_picked":["Stack+1","Streamline"],"picked":"Auto Shields+1","floor":31}],"player_experience":316204,"relics_obtained":[{"floor":5,"key":"Sundial"},{"floor":6,"key":"Pen Nib"},{"floor":9,"key":"Tiny Chest"},{"floor":19,"key":"Vajra"},{"floor":23,"key":"Juzu Bracelet"},{"floor":26,"key":"Kunai"}],"event_choices":[{"event_name":"Living Wall","player_choice":"Grow","floor":3,"damage_taken":0},{"event_name":"Nest","player_choice":"Stole From Cult","floor":21,"damage_taken":0}],"is_beta":false,"boss_relics":[{"not_picked":["Busted Crown","Calling Bell"],"picked":"White Beast Statue"}],"items_purged_floors":[2,20,22,29],"is_endless":false,"potions_floor_spawned":[10,12,18,23,25,27,31],"killed_by":"Collector","ascension_level":10}