{"path_per_floor":["M","M","M","M","M","E","R","E","T","?","M","$","T","M","R","B",null,"M","?","T","M","M","R","E","R","T","M","$","R","?","?","R"],"character_chosen":"IRONCLAD","items_purchased":["Bag of Marbles","EssenceOfSteel","Reaper"],"gold_per_floor":[110,120,138,148,167,195,195,226,226,226,237,17,69,89,89,188,188,199,199,272,287,306,306,332,332,359,370,102,102,102,102,102,102],"floor_reached":33,"campfire_rested":3,"playtime":1211,"current_hp_per_floor":[43,42,45,40,40,19,43,22,22,80,72,72,72,76,76,52,80,72,72,72,66,32,32,16,55,55,21,21,60,60,60,60,0],"items_purged":["Strike_R","Pain"],"gold":102,"score":319,"play_id":"dbc7fda6-346e-462b-b5dd-771262453457","local_time":"20180513212059","is_prod":false,"is_daily":false,"chose_seed":false,"is_ascension_mode":true,"campfire_upgraded":3,"timestamp":1526239259,"path_taken":["M","M","M","M","M","E","R","E","T","?","?","$","?","M","R","BOSS","M","?","?","M","M","R","E","R","T","?","$","R","?","?","R","BOSS"],"build_version":"2018-05-12v2","seed_source_timestamp":299800070976340,"purchased_purges":2,"victory":false,"master_deck":["Strike_R+1","Defend_R","Defend_R","Defend_R","Defend_R","Bash","Shrug It Off+1","Uppercut+1","Flex","Armaments+1","Hemokinesis","Inflame","Offering+1","Spot Weakness+1","Pain","Seeing Red","Reaper","Heavy Blade"],"max_hp_per_floor":[80,80,80,80,80,80,80,80,80,80,80,80,80,80,80,80,80,80,80,80,80,80,80,80,80,80,80,80,80,80,80,80,80],"relics":["Burning Blood","Whetstone","Unceasing Top","Mummified Hand","Bag of Marbles","Regal Pillow","Cursed Key","Smiling Mask","Frozen Egg 2","Potion Belt"],"card_choices":[{"not_picked":["Evolve","Twin Strike"],"picked":"Shrug It Off","floor":1},{"not_picked":["Clash","Pummel"],"picked":"Infernal Blade","floor":2},{"not_picked":["Rage","Anger"],"picked":"Uppercut","floor":3},{"not_picked":["Thunderclap","Carnage"],"picked":"Flex","floor":4},{"not_picked":["Pommel Strike","Juggernaut","Evolve"],"picked":"SKIP","floor":5},{"not_picked":["Ghostly Armor","Heavy Blade"],"picked":"Armaments","floor":6},{"not_picked":["Ghostly Armor","Dark Embrace"],"picked":"Hemokinesis","floor":8},{"not_picked":["Warcry","Armaments"],"picked":"Inflame","floor":11},{"not_picked":["Hemokinesis","Heavy Blade","Perfected Strike"],"picked":"SKIP","floor":14},{"not_picked":["Bludgeon","Juggernaut"],"picked":"Offering","floor":16},{"not_picked":["Thunderclap","Body Slam","Rampage"],"picked":"SKIP","floor":18},{"not_picked":["Iron Wave","True Grit","Perfected Strike"],"picked":"SKIP","floor":21},{"not_picked":["Thunderclap+1","Iron Wave+1"],"picked":"Seeing Red","floor":22},{"not_picked":["Sword Boomerang","Bloodletting","Whirlwind"],"picked":"SKIP","floor":24},{"not_picked":["Wild Strike+1","Combust+1","Headbutt"],"picked":"SKIP","floor":27}],"player_experience":71702,"potions_floor_usage":[3,16,24,27,33,33],"damage_taken":[{"damage":3,"enemies":"Small Slimes","floor":1,"turns":8},{"damage":7,"enemies":"Cultist","floor":2,"turns":6},{"damage":3,"enemies":"Jaw Worm","floor":3,"turns":5},{"damage":11,"enemies":"Exordium Wildlife","floor":4,"turns":5},{"damage":6,"enemies":"Exordium Thugs","floor":5,"turns":4},{"damage":27,"enemies":"Lagavulin","floor":6,"turns":6},{"damage":27,"enemies":"3 Sentries","floor":8,"turns":14},{"damage":14,"enemies":"Looter","floor":11,"turns":3},{"damage":2,"enemies":"Red Slaver","floor":14,"turns":3},{"damage":30,"enemies":"Hexaghost","floor":16,"turns":11},{"damage":14,"enemies":"3 Byrds","floor":18,"turns":5},{"damage":12,"enemies":"Spheric Guardian","floor":21,"turns":3},{"damage":40,"enemies":"Chosen and Byrds","floor":22,"turns":6},{"damage":22,"enemies":"Book of Stabbing","floor":24,"turns":4},{"damage":40,"enemies":"Centurion and Healer","floor":27,"turns":4},{"damage":64,"enemies":"Collector","floor":33,"turns":8}],"event_choices":[{"event_name":"Bonfire Elementals","player_choice":"UNCOMMON","floor":10,"damage_taken":0},{"event_name":"The Library","player_choice":"Read","floor":19,"damage_taken":0},{"event_name":"Transmorgrifier","player_choice":"Transform","floor":30,"damage_taken":0},{"event_name":"Accursed Blacksmith","player_choice":"Forge","floor":31,"damage_taken":0}],"boss_relics":[{"not_picked":["Calling Bell","Tiny House"],"picked":"Cursed Key"}],"potions_floor_spawned":[1,8,11,16,24,27],"seed_played":"8749740571627958809","killed_by":"Collector","ascension_level":3,"is_trial":false}