{"gold_per_floor":[114,126,138,154,4,35,35,50,50,61,90,120,120,152,152,229,229,246,94,114,139,139,139,168,168,168,180,198,209,209,209,209,287,287,303,303,303],"floor_reached":38,"playtime":2611,"items_purged":["Strike_B","Strike_B"],"score":981,"play_id":"3e94c249-52cb-44e8-a154-bf8ba0fcd0e0","local_time":"20181228234013","is_ascension_mode":true,"campfire_choices":[{"floor":7,"key":"REST"},{"data":"Defragment","floor":15,"key":"SMITH"},{"floor":23,"key":"REST"},{"floor":25,"key":"REST"},{"floor":30,"key":"REST"},{"floor":32,"key":"REST"}],"neow_cost":"NONE","seed_source_timestamp":707925007016097,"circlet_count":0,"master_deck":["AscendersBane","Defend_B","Defend_B","Defend_B","Defend_B","Zap","Dualcast","Rip and Tear","Ball Lightning","Glacier","Chill","Core Surge","Coolheaded","Defragment+1","Creative AI","Loop","Core Surge","Echo Form","White Noise+1","Leap","Leap","Defragment","Sweeping Beam+1","Capacitor","Buffer"],"relics":["Empty Cage","Unceasing Top","Blood Vial","Potion Belt","Matryoshka","Happy Flower","Question Card","Cursed Key","Red Mask","Shuriken","Molten Egg 2","Sozu"],"potions_floor_usage":[14,21,33,37,37,37],"damage_taken":[{"damage":7,"enemies":"Small Slimes","floor":1,"turns":4},{"damage":2,"enemies":"2 Louse","floor":2,"turns":2},{"damage":1,"enemies":"Cultist","floor":3,"turns":3},{"damage":5,"enemies":"2 Fungi Beasts","floor":4,"turns":5},{"damage":27,"enemies":"Lagavulin","floor":6,"turns":6},{"damage":1,"enemies":"Looter","floor":8,"turns":4},{"damage":0,"enemies":"Exordium Wildlife","floor":10,"turns":5},{"damage":16,"enemies":"Gremlin Nob","floor":11,"turns":5},{"damage":5,"enemies":"Lagavulin","floor":14,"turns":7},{"damage":4,"enemies":"The Guardian","floor":16,"turns":14},{"damage":12,"enemies":"3 Byrds","floor":18,"turns":6},{"damage":7,"enemies":"Spheric Guardian","floor":20,"turns":4},{"damage":29,"enemies":"Masked Bandits","floor":21,"turns":3},{"damage":20,"enemies":"Slavers","floor":24,"turns":8},{"damage":19,"enemies":"Snake Plant","floor":27,"turns":5},{"damage":11,"enemies":"Chosen and Byrds","floor":28,"turns":6},{"damage":0,"enemies":"Snecko","floor":29,"turns":5},{"damage":11,"enemies":"Collector","floor":33,"turns":11},{"damage":0,"enemies":"3 Shapes","floor":35,"turns":7},{"damage":58,"enemies":"Awakened One","floor":37,"turns":11}],"seed_played":"2621846852345341266","potions_obtained":[{"floor":2,"key":"Poison Potion"},{"floor":3,"key":"Fire Potion"},{"floor":6,"key":"Swift Potion"},{"floor":11,"key":"EssenceOfSteel"},{"floor":14,"key":"Ancient Potion"},{"floor":20,"key":"PowerPotion"},{"floor":21,"key":"Fire Potion"}],"is_trial":false,"path_per_floor":["M","M","M","M","$","E","R","M","T","M","E","?","?","E","R","B",null,"M","$","M","?","?","R","E","R","T","M","M","M","R","?","R","B",null,"M","?","B",null],"character_chosen":"DEFECT","items_purchased":["Core Surge","PowerPotion"],"campfire_rested":5,"item_purchase_floors":[5,19],"current_hp_per_floor":[61,59,58,53,53,26,48,47,47,49,35,35,35,32,32,30,64,54,54,49,22,8,32,14,38,38,21,12,14,38,38,61,52,71,73,73,17],"gold":303,"neow_bonus":"BOSS_RELIC","is_prod":false,"is_daily":false,"chose_seed":false,"campfire_upgraded":1,"win_rate":0,"timestamp":1546062013,"path_taken":["M","M","M","M","$","E","R","M","T","M","E","?","?","E","R","BOSS","M","$","?","?","?","R","E","R","T","?","M","M","R","?","R","BOSS","M","?","BOSS"],"build_version":"2018-12-20","purchased_purges":2,"victory":true,"max_hp_per_floor":[75,75,75,75,75,75,75,75,75,75,75,75,75,75,75,75,75,75,75,75,75,80,80,80,80,80,80,80,80,80,77,77,77,77,77,77,77],"card_choices":[{"not_picked":["Rebound","Conserve Battery"],"picked":"Rip and Tear","floor":1},{"not_picked":["Steam","Chaos"],"picked":"Ball Lightning","floor":2},{"not_picked":["Gash","FTL"],"picked":"Glacier","floor":3},{"not_picked":["Genetic Algorithm","Force Field"],"picked":"Chill","floor":4},{"not_picked":["Ball Lightning","Steam"],"picked":"Coolheaded","floor":6},{"not_picked":["Beam Cell","Redo"],"picked":"Defragment","floor":8},{"not_picked":["Leap","Beam Cell"],"picked":"Creative AI","floor":10},{"not_picked":["Conserve Battery","FTL"],"picked":"Loop","floor":11},{"not_picked":["Turbo","Skim"],"picked":"Core Surge","floor":14},{"not_picked":["Rainbow","Buffer","Meteor Strike"],"picked":"Echo Form","floor":16},{"not_picked":["Scrape","Ball Lightning","Reprogram"],"picked":"White Noise+1","floor":18},{"not_picked":["Rip and Tear+1","Ball Lightning","Hologram"],"picked":"Leap","floor":20},{"not_picked":["Auto Shields","Darkness","Consume"],"picked":"Leap","floor":21},{"not_picked":["Barrage","Loop","Consume"],"picked":"Defragment","floor":24},{"not_picked":["Compile Driver+1","Skim","Multi-Cast"],"picked":"Sweeping Beam+1","floor":27},{"not_picked":["Auto Shields","Turbo","Lockon+1","Beam Cell+1"],"picked":"SKIP","floor":28},{"not_picked":["Melter+1","Streamline+1","Sweeping Beam+1"],"picked":"Capacitor","floor":29},{"not_picked":["All For One+1","Echo Form","Hyperbeam+1"],"picked":"Buffer","floor":33},{"not_picked":["Rebound+1","Scrape+1","Hello World","Turbo"],"picked":"SKIP","floor":35}],"player_experience":331590,"relics_obtained":[{"floor":6,"key":"Unceasing Top"},{"floor":9,"key":"Blood Vial"},{"floor":11,"key":"Potion Belt"},{"floor":14,"key":"Question Card"},{"floor":21,"key":"Red Mask"},{"floor":24,"key":"Shuriken"},{"floor":26,"key":"Molten Egg 2"}],"event_choices":[{"damage_healed":0,"gold_gain":30,"player_choice":"Searched \u00273\u0027 times","damage_taken":0,"relics_obtained":["Matryoshka"],"max_hp_gain":0,"max_hp_loss":0,"event_name":"Dead Adventurer","floor":12,"gold_loss":0},{"damage_healed":0,"gold_gain":0,"player_choice":"Gave Potion","damage_taken":0,"relics_obtained":["Happy Flower"],"max_hp_gain":0,"max_hp_loss":0,"event_name":"WeMeetAgain","floor":13,"gold_loss":0},{"damage_healed":0,"gold_gain":0,"player_choice":"Fought Bandits","damage_taken":0,"max_hp_gain":0,"max_hp_loss":0,"event_name":"Masked Bandits","floor":21,"gold_loss":0},{"damage_healed":0,"gold_gain":0,"player_choice":"Shed Blood","damage_taken":19,"max_hp_gain":5,"max_hp_loss":0,"event_name":"Forgotten Altar","floor":22,"gold_loss":0},{"cards_removed":["Parasite"],"damage_healed":0,"gold_gain":0,"player_choice":"Elegance","damage_taken":0,"max_hp_gain":0,"max_hp_loss":0,"event_name":"Back to Basics","floor":31,"gold_loss":0},{"damage_healed":0,"gold_gain":0,"player_choice":"Took Portal","damage_taken":0,"max_hp_gain":0,"max_hp_loss":0,"event_name":"SecretPortal","floor":36,"gold_loss":0}],"is_beta":false,"boss_relics":[{"not_picked":["Tiny House","Runic Pyramid"],"picked":"Cursed Key"},{"not_picked":["Velvet Choker","Inserter"],"picked":"Sozu"}],"items_purged_floors":[5,19],"is_endless":false,"potions_floor_spawned":[2,3,6,11,14,20,21,27,35],"ascension_level":13}