{"gold_per_floor":[112,126,138,138,61,61,61,80,106,106,106,116,116,116,116,217,217,231,29,29,40,4,4,4,4,4,23,23,23],"floor_reached":29,"playtime":1170,"items_purged":[],"score":338,"play_id":"dd7ed51a-3e25-4399-a730-4d2914475f13","local_time":"20180918160132","is_ascension_mode":true,"campfire_choices":[{"data":"Defragment","floor":6,"key":"SMITH"},{"floor":10,"key":"REST"},{"floor":13,"key":"REST"},{"data":"Defragment","floor":15,"key":"SMITH"},{"floor":24,"key":"REST"}],"neow_cost":"NONE","seed_source_timestamp":270430533832929,"circlet_count":0,"master_deck":["Strike_B","Strike_B","Defend_B","Defend_B","Defend_B","Defend_B","Zap+1","Dualcast+1","AscendersBane","Conserve Battery","Sweeping Beam","Sunder","Defragment+1","Defragment+1","Core Surge","Cold Snap","Melter","Reprogram","Necronomicurse"],"relics":["Cracked Core","Bag of Marbles","Nuclear Battery","PreservedInsect","CultistMask","Necronomicon","Calipers","MutagenicStrength"],"potions_floor_usage":[16,16,18,29,29],"damage_taken":[{"damage":0,"enemies":"2 Louse","floor":1,"turns":3},{"damage":4,"enemies":"Small Slimes","floor":2,"turns":3},{"damage":0,"enemies":"Jaw Worm","floor":3,"turns":3},{"damage":15,"enemies":"Exordium Wildlife","floor":8,"turns":5},{"damage":12,"enemies":"Large Slime","floor":12,"turns":6},{"damage":30,"enemies":"Slime Boss","floor":16,"turns":11},{"damage":16,"enemies":"3 Byrds","floor":18,"turns":3},{"damage":26,"enemies":"Shell Parasite","floor":21,"turns":6},{"damage":10,"enemies":"Centurion and Healer","floor":27,"turns":4},{"damage":23,"enemies":"3 Cultists","floor":29,"turns":5}],"seed_played":"-4476195201932607472","potions_obtained":[{"floor":2,"key":"Energy Potion"},{"floor":8,"key":"Poison Potion"},{"floor":16,"key":"PowerPotion"},{"floor":21,"key":"SkillPotion"},{"floor":27,"key":"EssenceOfSteel"}],"is_trial":false,"path_per_floor":["M","M","M","?","$","R","?","M","T","R","?","M","R","?","R","B",null,"M","$","?","M","$","?","R","?","T","M","?"],"character_chosen":"DEFECT","items_purchased":["Defragment","PreservedInsect","Cold Snap","Reprogram"],"campfire_rested":3,"item_purchase_floors":[5,19,19,22],"current_hp_per_floor":[68,64,64,64,64,64,64,49,49,71,64,52,74,74,74,44,67,51,51,51,25,25,25,47,31,31,21,21,0],"gold":23,"neow_bonus":"REMOVE_CARD","is_prod":false,"is_daily":false,"chose_seed":false,"campfire_upgraded":2,"win_rate":0,"timestamp":1537279292,"path_taken":["M","M","M","?","$","R","?","M","T","R","?","?","R","?","R","BOSS","M","$","?","M","$","?","R","?","T","?","?","M"],"build_version":"2018-09-06","purchased_purges":0,"victory":false,"max_hp_per_floor":[75,75,75,75,75,75,75,75,75,75,75,75,75,75,75,75,75,75,75,75,75,75,75,75,75,75,75,75,75],"card_choices":[{"not_picked":["Fusion","Compile Driver"],"picked":"Conserve Battery","floor":1},{"not_picked":["Compile Driver","Auto Shields"],"picked":"Sweeping Beam","floor":2},{"not_picked":["Streamline","BootSequence"],"picked":"Sunder","floor":3},{"not_picked":["Hello World","Steam","Go for the Eyes"],"picked":"SKIP","floor":8},{"not_picked":["Sunder","Leap"],"picked":"Defragment","floor":12},{"not_picked":["Multi-Cast","Amplify"],"picked":"Core Surge","floor":16},{"not_picked":["Conserve Battery","Sweeping Beam","Rip and Tear"],"picked":"SKIP","floor":18},{"not_picked":["Rebound","Hello World+1"],"picked":"Melter","floor":21},{"not_picked":["Rebound","Streamline","Force Field"],"picked":"SKIP","floor":27}],"player_experience":347858,"relics_obtained":[{"floor":9,"key":"Bag of Marbles"},{"floor":25,"key":"Necronomicon"},{"floor":26,"key":"Calipers"}],"event_choices":[{"event_name":"Living Wall","player_choice":"Grow","floor":4,"damage_taken":0},{"event_name":"Liars Game","player_choice":"disagreed","floor":7,"damage_taken":0},{"event_name":"Golden Wing","player_choice":"Card Removal","floor":11,"damage_taken":0},{"event_name":"Dead Adventurer","player_choice":"Searched \u00270\u0027 times","floor":14,"damage_taken":0},{"event_name":"Accursed Blacksmith","player_choice":"Forge","floor":20,"damage_taken":0},{"event_name":"FaceTrader","player_choice":"Trade","floor":23,"damage_taken":0},{"event_name":"Cursed Tome","player_choice":"Obtained Book","floor":25,"damage_taken":0},{"event_name":"Drug Dealer","player_choice":"Inject Mutagens","floor":28,"damage_taken":0}],"is_beta":false,"boss_relics":[{"not_picked":["Tiny House","Coffee Dripper"],"picked":"Nuclear Battery"}],"items_purged_floors":[],"is_endless":false,"potions_floor_spawned":[2,8,16,21,27],"killed_by":"3 Cultists","ascension_level":12}