{"path_per_floor":["M","?","T","M","M","R","E","$","T","M","E","R","?","M","R","B",null,"M","M","M","M","?"],"character_chosen":"THE_SILENT","items_purchased":["Infinite Blades"],"gold_per_floor":[116,116,116,135,149,149,179,70,70,88,123,123,123,140,140,237,237,237,177,177,177,177,177],"floor_reached":23,"campfire_rested":0,"playtime":957,"item_purchase_floors":[8],"current_hp_per_floor":[69,69,69,68,67,67,49,49,49,38,35,35,28,28,28,3,53,41,17,12,12,12,0],"items_purged":["Strike_G"],"gold":177,"score":254,"play_id":"5665fc16-4833-4075-baa8-0a874c53efaf","local_time":"20180603185037","is_prod":false,"is_daily":false,"chose_seed":false,"is_ascension_mode":true,"campfire_upgraded":3,"win_rate":0,"timestamp":1528066237,"campfire_choices":[{"data":"Survivor","floor":6,"key":"SMITH"},{"data":"Adrenaline","floor":12,"key":"SMITH"},{"data":"Accuracy","floor":15,"key":"SMITH"}],"path_taken":["M","?","?","M","M","R","E","$","T","?","E","R","?","M","R","BOSS","M","M","M","M","?","E"],"build_version":"2018-05-30v2","seed_source_timestamp":117821661008498,"purchased_purges":1,"victory":false,"master_deck":["Defend_G","Defend_G","Defend_G","Defend_G","Strike_G","Strike_G","Strike_G","Strike_G","Survivor+1","Neutralize+1","Poisoned Stab","Outmaneuver","Dagger Throw","Infinite Blades","Dagger Spray","Adrenaline+1","Accuracy+1","A Thousand Cuts","Escape Plan","Infinite Blades+1"],"max_hp_per_floor":[70,70,70,70,70,70,70,70,70,70,70,70,70,70,70,70,70,70,72,74,74,74,74],"relics":["Ring of the Snake","Omamori","Gremlin Horn","Ninja Scroll","Darkstone Periapt","Singing Bowl","Ectoplasm"],"card_choices":[{"not_picked":["Deadly Poison","Choke"],"picked":"Poisoned Stab","floor":1},{"not_picked":["Expertise","Acrobatics"],"picked":"Outmaneuver","floor":4},{"not_picked":["Slice","Dodge and Roll"],"picked":"Dagger Throw","floor":5},{"not_picked":["PiercingWail","Endless Agony","Deadly Poison"],"picked":"SKIP","floor":7},{"not_picked":["Underhanded Strike","Dodge and Roll"],"picked":"Dagger Spray","floor":10},{"not_picked":["Riddle With Holes","Deadly Poison"],"picked":"Adrenaline","floor":11},{"not_picked":["Slice","Footwork"],"picked":"Accuracy","floor":14},{"not_picked":["Venomology","Doppelganger"],"picked":"A Thousand Cuts","floor":16},{"not_picked":["Dagger Spray","Skewer+1"],"picked":"Escape Plan","floor":18},{"not_picked":["Flying Knee","Underhanded Strike","Deflect"],"picked":"Singing Bowl","floor":19},{"not_picked":["Dagger Throw","Outmaneuver","Sucker Punch"],"picked":"Singing Bowl","floor":20},{"not_picked":["Blur","Dodge and Roll"],"picked":"Infinite Blades+1","floor":21}],"player_experience":275591,"potions_floor_usage":[11,16,16,23],"damage_taken":[{"damage":1,"enemies":"Small Slimes","floor":1,"turns":5},{"damage":1,"enemies":"Jaw Worm","floor":4,"turns":4},{"damage":1,"enemies":"2 Louse","floor":5,"turns":3},{"damage":18,"enemies":"3 Sentries","floor":7,"turns":10},{"damage":11,"enemies":"Exordium Wildlife","floor":10,"turns":4},{"damage":3,"enemies":"Gremlin Nob","floor":11,"turns":5},{"damage":0,"enemies":"Gremlin Gang","floor":14,"turns":2},{"damage":25,"enemies":"Hexaghost","floor":16,"turns":10},{"damage":12,"enemies":"Shell Parasite","floor":18,"turns":5},{"damage":26,"enemies":"2 Thieves","floor":19,"turns":4},{"damage":7,"enemies":"Snake Plant","floor":20,"turns":4},{"damage":0,"enemies":"3 Cultists","floor":21,"turns":4},{"damage":13,"enemies":"Slavers","floor":23,"turns":1}],"relics_obtained":[{"floor":3,"key":"Gremlin Horn"},{"floor":7,"key":"Ninja Scroll"},{"floor":9,"key":"Darkstone Periapt"},{"floor":11,"key":"Singing Bowl"}],"event_choices":[{"event_name":"Living Wall","player_choice":"Grow","floor":2,"damage_taken":0},{"event_name":"Golden Wing","player_choice":"Card Removal","floor":13,"damage_taken":0},{"event_name":"Forgotten Altar","player_choice":"Smashed Altar","floor":22,"damage_taken":0}],"boss_relics":[{"not_picked":["Snecko Eye","Velvet Choker"],"picked":"Ectoplasm"}],"items_purged_floors":[8],"potions_floor_spawned":[5,10,14,20],"seed_played":"634024513575031212","killed_by":"Slavers","ascension_level":5,"potions_obtained":[{"floor":5,"key":"GhostInAJar"},{"floor":10,"key":"GhostInAJar"},{"floor":14,"key":"SpeedPotion"},{"floor":20,"key":"LiquidBronze"}],"is_trial":false}