{"gold_per_floor":[219,198,217,229,229,229,80,99,154,154,154,168,188,206,206,309,309,327,337,15,15,15,15,43,43,70,83,97,97,97,113,113,211,211,229,0,0,0,16,46,66,66,142,142,154,154,174,191,191,191],"floor_reached":50,"playtime":3226,"items_purged":["Strike_B","Strike_B"],"score":803,"play_id":"ad640d19-eabf-4d40-9d15-37c0e002fd6a","local_time":"20180918165529","is_ascension_mode":true,"campfire_choices":[{"data":"Consume","floor":6,"key":"SMITH"},{"data":"Self Repair","floor":10,"key":"SMITH"},{"data":"Dualcast","floor":15,"key":"SMITH"},{"floor":23,"key":"REST"},{"floor":25,"key":"REST"},{"floor":32,"key":"REST"},{"floor":42,"key":"REST"},{"floor":44,"key":"REST"},{"data":"Static Discharge","floor":46,"key":"SMITH"},{"floor":49,"key":"REST"}],"neow_cost":"NONE","seed_source_timestamp":271610242282797,"circlet_count":0,"master_deck":["Strike_B+1","Defend_B","Defend_B","Defend_B","Zap","Dualcast+1","AscendersBane","White Noise+1","Self Repair+1","Consume+1","Melter","Sunder+1","BootSequence","Auto Shields","Core Surge","Loop","Necronomicurse","Chill+1","Echo Form","Streamline","PanicButton","White Noise+1","Reprogram","Static Discharge+1","Beam Cell+1"],"relics":["Cracked Core","FaceOfCleric","Bag of Marbles","Sozu","Bronze Scales","Necronomicon","Whetstone","Potion Belt","Empty Cage","Red Mask","Boot","Matryoshka"],"potions_floor_usage":[12,13,16,18,19],"damage_taken":[{"damage":0,"enemies":"2 Louse","floor":1,"turns":3},{"damage":7,"enemies":"Jaw Worm","floor":3,"turns":3},{"damage":0,"enemies":"Small Slimes","floor":4,"turns":2},{"damage":5,"enemies":"Exordium Wildlife","floor":8,"turns":4},{"damage":16,"enemies":"Exordium Thugs","floor":12,"turns":4},{"damage":6,"enemies":"2 Fungi Beasts","floor":13,"turns":3},{"damage":3,"enemies":"Blue Slaver","floor":14,"turns":3},{"damage":56,"enemies":"Slime Boss","floor":16,"turns":11},{"damage":16,"enemies":"2 Thieves","floor":18,"turns":4},{"damage":34,"enemies":"3 Byrds","floor":19,"turns":5},{"damage":29,"enemies":"Book of Stabbing","floor":24,"turns":4},{"damage":31,"enemies":"3 Cultists","floor":27,"turns":5},{"damage":22,"enemies":"Shelled Parasite and Fungi","floor":28,"turns":4},{"damage":8,"enemies":"Chosen and Byrds","floor":31,"turns":5},{"damage":64,"enemies":"Collector","floor":33,"turns":8},{"damage":0,"enemies":"3 Shapes","floor":35,"turns":12},{"damage":0,"enemies":"Orb Walker","floor":39,"turns":1},{"damage":57,"enemies":"Nemesis","floor":40,"turns":13},{"damage":19,"enemies":"Spire Growth","floor":41,"turns":5},{"damage":2,"enemies":"Maw","floor":45,"turns":7},{"damage":54,"enemies":"4 Shapes","floor":47,"turns":7},{"damage":14,"enemies":"Sphere and 2 Shapes","floor":48,"turns":4},{"damage":93,"enemies":"Donu and Deca","floor":50,"turns":6}],"seed_played":"-8167632237605383009","potions_obtained":[{"floor":3,"key":"SteroidPotion"},{"floor":4,"key":"SteroidPotion"},{"floor":12,"key":"Poison Potion"},{"floor":13,"key":"Dexterity Potion"},{"floor":16,"key":"SpeedPotion"}],"is_trial":false,"path_per_floor":["M","?","M","M","?","R","$","M","T","R","?","M","M","M","R","B",null,"M","M","$","?","?","R","E","R","T","M","M","$","?","M","R","B",null,"M","?","?","?","M","E","M","R","T","R","M","R","M","M","R"],"character_chosen":"DEFECT","items_purchased":["Melter","Bronze Scales","Loop"],"campfire_rested":6,"item_purchase_floors":[7,20,20],"current_hp_per_floor":[68,68,61,61,61,61,61,64,64,64,64,59,74,79,79,34,69,64,41,41,25,52,76,48,72,72,52,41,41,41,51,76,23,71,82,82,82,82,83,47,39,66,66,91,92,92,49,46,74,0],"gold":191,"neow_bonus":"HUNDRED_GOLD","is_prod":false,"is_daily":false,"chose_seed":false,"campfire_upgraded":4,"win_rate":0,"timestamp":1537282529,"path_taken":["M","?","M","M","?","R","$","M","T","R","?","M","?","M","R","BOSS","M","?","$","?","?","R","E","R","T","M","M","$","?","?","R","BOSS","M","?","?","?","M","E","M","R","T","R","M","R","M","M","R","BOSS"],"build_version":"2018-09-06","purchased_purges":2,"victory":false,"max_hp_per_floor":[75,75,75,75,75,75,75,76,76,76,76,77,78,79,79,80,80,81,82,82,82,82,82,83,83,83,84,85,85,85,86,86,87,87,88,88,88,88,89,90,91,91,91,91,92,92,93,94,94,94],"card_choices":[{"not_picked":["Sweeping Beam","Streamline"],"picked":"White Noise","floor":1},{"not_picked":["Redo","BootSequence"],"picked":"Self Repair","floor":3},{"not_picked":["Turbo","Cold Snap"],"picked":"Consume","floor":4},{"not_picked":["Go for the Eyes","Sweeping Beam","Compile Driver"],"picked":"SKIP","floor":8},{"not_picked":["Steam","Steam Power"],"picked":"Sunder","floor":12},{"not_picked":["Compile Driver","Force Field"],"picked":"BootSequence","floor":13},{"not_picked":["Gash","BootSequence"],"picked":"Auto Shields","floor":14},{"not_picked":["Rainbow","Fission"],"picked":"Core Surge","floor":16},{"not_picked":["Coolheaded","Redo","Sweeping Beam"],"picked":"SKIP","floor":18},{"not_picked":["Tempest","Rip and Tear","Redo"],"picked":"SKIP","floor":19},{"not_picked":["Rip and Tear","Redo","Coolheaded"],"picked":"SKIP","floor":24},{"not_picked":["Compile Driver","Recycle","Chaos"],"picked":"SKIP","floor":27},{"not_picked":["Genetic Algorithm","Turbo"],"picked":"Chill+1","floor":28},{"not_picked":["Steam","Recycle","Beam Cell"],"picked":"SKIP","floor":31},{"not_picked":["Seek","Fission"],"picked":"Echo Form","floor":33},{"not_picked":["Rebound","Steam"],"picked":"Streamline","floor":35},{"not_picked":["Metamorphosis","Enlightenment"],"picked":"PanicButton","floor":37},{"not_picked":["Stack","Sweeping Beam","Skim"],"picked":"SKIP","floor":39},{"not_picked":["Consume","Conserve Battery","Stack"],"picked":"SKIP","floor":40},{"not_picked":["Genetic Algorithm","Blizzard+1"],"picked":"Reprogram","floor":41},{"not_picked":["Beam Cell","Darkness+1"],"picked":"Static Discharge","floor":45},{"not_picked":["Rip and Tear","Loop","Rainbow"],"picked":"SKIP","floor":47},{"not_picked":["Conserve Battery","Rebound"],"picked":"Beam Cell+1","floor":48}],"player_experience":349028,"relics_obtained":[{"floor":9,"key":"Bag of Marbles"},{"floor":21,"key":"Necronomicon"},{"floor":24,"key":"Whetstone"},{"floor":26,"key":"Potion Belt"},{"floor":40,"key":"Boot"},{"floor":43,"key":"Matryoshka"}],"event_choices":[{"event_name":"World of Goop","player_choice":"Left","floor":2,"damage_taken":0},{"event_name":"FaceTrader","player_choice":"Trade","floor":5,"damage_taken":0},{"event_name":"Living Wall","player_choice":"Grow","floor":11,"damage_taken":0},{"event_name":"Cursed Tome","player_choice":"Obtained Book","floor":21,"damage_taken":0},{"event_name":"The Library","player_choice":"Heal","floor":22,"damage_taken":0},{"event_name":"The Lab","player_choice":"Got Potions","floor":30,"damage_taken":0},{"event_name":"Tomb of Lord Red Mask","player_choice":"Paid","floor":36,"damage_taken":0},{"event_name":"SensoryStone","player_choice":"Memory 1","floor":37,"damage_taken":0},{"event_name":"Duplicator","player_choice":"One dupe","floor":38,"damage_taken":0}],"is_beta":false,"boss_relics":[{"not_picked":["FrozenCore","White Beast Statue"],"picked":"Sozu"},{"not_picked":["Inserter","Runic Dome"],"picked":"Empty Cage"}],"items_purged_floors":[7,20],"is_endless":false,"potions_floor_spawned":[3,4,12,13,16,18,28,31,33,40,45,47],"killed_by":"Donu and Deca","ascension_level":12}