{"path_per_floor":["M","M","?","?","?","E","R","?","T","M","$","?","M","M","R","B",null,"M","?","M","?","M","R","?","R","T","$","?","E","M","M","R","B",null,"M","M","?","M","$","E","R","?","T","R","E","?","M","M","R"],"character_chosen":"THE_SILENT","items_purchased":["Infinite Blades","Bronze Scales","Apotheosis","Well Laid Plans","Thinking Ahead"],"gold_per_floor":[115,134,134,134,134,168,168,168,194,210,27,27,50,75,75,203,203,219,219,242,242,267,267,267,267,267,7,7,41,60,83,83,207,207,220,235,235,248,34,68,68,68,95,95,128,461,481,498,498],"floor_reached":50,"campfire_rested":4,"playtime":5865,"current_hp_per_floor":[70,70,70,70,67,34,54,54,54,54,54,54,51,51,51,25,67,63,63,52,52,40,40,40,40,40,40,40,29,26,26,61,57,67,61,61,61,51,51,36,36,36,36,67,58,58,44,44,67],"items_purged":[],"gold":498,"play_id":"101575cb-14c8-49bb-8c8e-a038e6e8561e","is_prod":false,"is_daily":false,"campfire_rituals":0,"campfire_upgraded":4,"is_hardmode":false,"path_taken":["M","M","?","?","?","E","R","?","T","M","$","?","M","M","R","BOSS","M","?","M","?","M","R","?","R","T","?","?","E","M","M","R","BOSS","M","M","?","M","$","E","R","?","T","R","E","?","?","M","R","BOSS"],"build_version":"2018-01-04-PROD1","purchased_purges":2,"victory":false,"master_deck":["Defend_G","Defend_G","Defend_G","Defend_G","Strike_G","Strike_G","Strike_G","Neutralize","Prepared","Quick Slash","Infinite Blades","Dodge and Roll","Poisoned Stab","A Thousand Cuts","Deflect","Dagger Throw","Apotheosis","Well Laid Plans","Escape Plan","Slice","Infinite Blades","A Thousand Cuts","Footwork","Dagger Throw","Deflect","Thinking Ahead","Infinite Blades"],"max_hp_per_floor":[70,70,70,70,67,67,67,67,67,67,67,67,67,67,67,67,67,67,67,67,67,67,67,67,67,67,67,67,67,67,67,67,67,67,67,67,67,67,67,67,67,67,67,67,67,67,67,67,67],"relics":["Ring of the Snake","Ancient Tea Set","Anchor","Bronze Scales","Sozu","Oddly Smooth Stone","Regal Pillow","Mercury Hourglass","Question Card","Letter Opener","Pen Nib","Prayer Wheel"],"campfire_meditates":0,"card_choices":[{"not_picked":["Underhanded Strike","Flying Knee"],"picked":"Prepared"},{"not_picked":["Flying Knee","Slice"],"picked":"Quick Slash"},{"not_picked":["Choke","Bane"],"picked":"Dodge and Roll"},{"not_picked":["Bane","Deadly Poison"],"picked":"Poisoned Stab"},{"not_picked":["Adrenaline","Corpse Explosion"],"picked":"A Thousand Cuts"},{"not_picked":["PiercingWail","Dagger Spray"],"picked":"Deflect"},{"not_picked":["Deadly Poison","Malaise"],"picked":"Dagger Throw"},{"not_picked":["Backflip","Flying Knee"],"picked":"Escape Plan"},{"not_picked":["Acrobatics","Masterful Stab"],"picked":"Slice"},{"not_picked":["Dagger Spray","Backflip"],"picked":"Infinite Blades"},{"not_picked":["Bullet Time","Night Terror"],"picked":"A Thousand Cuts"},{"not_picked":["Riddle With Holes","Dash","PiercingWail"],"picked":"Footwork"},{"not_picked":["Backstab","Underhanded Strike","Crippling Poison"],"picked":"Dagger Throw"},{"not_picked":["Riddle With Holes","Poisoned Stab","Bane"],"picked":"Deflect"},{"not_picked":["Poisoned Stab","Dagger Throw","Dash"],"picked":"Infinite Blades"}],"player_experience":51542,"potions_floor_usage":[],"damage_taken":[{"damage":0.0,"enemies":"Jaw Worm","floor":1.0,"turns":5.0},{"damage":0.0,"enemies":"2 Louse","floor":2.0,"turns":3.0},{"damage":33.0,"enemies":"Lagavulin","floor":6.0,"turns":9.0},{"damage":0.0,"enemies":"Blue Slaver","floor":10.0,"turns":3.0},{"damage":3.0,"enemies":"2 Fungi Beasts","floor":13.0,"turns":3.0},{"damage":0.0,"enemies":"3 Louse","floor":14.0,"turns":3.0},{"damage":26.0,"enemies":"The Guardian","floor":16.0,"turns":11.0},{"damage":4.0,"enemies":"3 Byrds","floor":18.0,"turns":4.0},{"damage":11.0,"enemies":"2 Thieves","floor":20.0,"turns":4.0},{"damage":12.0,"enemies":"3 Cultists","floor":22.0,"turns":6.0},{"damage":11.0,"enemies":"Slavers","floor":29.0,"turns":5.0},{"damage":3,"enemies":"Slaver and Parasite","floor":30,"turns":4},{"damage":0,"enemies":"Centurion and Healer","floor":31,"turns":4},{"damage":4,"enemies":"Automaton","floor":33,"turns":8},{"damage":6,"enemies":"3 Darklings","floor":35,"turns":4},{"damage":0,"enemies":"3 Shapes","floor":36,"turns":3},{"damage":10,"enemies":"3 Darklings","floor":38,"turns":4},{"damage":15,"enemies":"Giant Head","floor":40,"turns":9},{"damage":9,"enemies":"2 Orb Walkers","floor":45,"turns":4},{"damage":14,"enemies":"Sphere and 2 Shapes","floor":47,"turns":5},{"damage":0,"enemies":"Maw","floor":48,"turns":6},{"damage":82,"enemies":"Time Eater","floor":50,"turns":9}],"event_choices":[{"event_name":"Liars Game","player_choice":"disagreed","floor":3.0,"damage_taken":0.0},{"event_name":"Living Wall","player_choice":"Grow","floor":4.0,"damage_taken":0.0},{"event_name":"Golden Idol","player_choice":"Lose Max HP","floor":5.0,"damage_taken":0.0},{"event_name":"Wheel of Change","player_choice":"Card Removal","floor":8.0,"damage_taken":0.0},{"event_name":"The Lab","player_choice":"Got Potions","floor":12.0,"damage_taken":0.0},{"event_name":"Purifier","player_choice":"One Purge","floor":19.0,"damage_taken":0.0},{"event_name":"The Mausoleum","player_choice":"Yes","floor":21.0,"damage_taken":0.0},{"event_name":"Back to Basics","player_choice":"Simplicity","floor":24.0,"damage_taken":0.0},{"event_name":"Drug Dealer","player_choice":"Ignored","floor":28.0,"damage_taken":0.0},{"event_name":"Tomb of Lord Red Mask","player_choice":"Ignored","floor":37,"damage_taken":0},{"event_name":"The Moai Head","player_choice":"Gave Idol","floor":46,"damage_taken":0}],"boss_relics":[{"not_picked":["Snecko Eye","Astrolabe"],"picked":"Question Card"}],"potions_floor_spawned":[1,2,6,14,18,31,33,36,40,47,48],"seed_played":"-3456322534438731712","killed_by":"Time Eater","is_trial":false}