{"gold_per_floor":[114,129,304,79,94,154,169,199,199,199,214,214,214,114,114,214,214,229,229,229,229,68,98,98,98],"floor_reached":25,"playtime":1887,"items_purged":["Doubt","Thunder Strike","Shame"],"score":327,"play_id":"37252334-cba0-4a68-9a10-b865b4855c77","local_time":"20180903092044","daily_mods":["Insanity","Elite Swarm","Binary"],"is_ascension_mode":false,"campfire_choices":[{"floor":10,"key":"REST"},{"data":"Defragment","floor":12,"key":"SMITH"},{"data":"Defragment","floor":15,"key":"SMITH"},{"data":"Defragment","floor":24,"key":"SMITH"}],"neow_cost":"","seed_source_timestamp":0,"circlet_count":0,"master_deck":["Thunder Strike","Machine Learning","Core Surge","Blizzard+1","Core Surge","Redo","Barrage","Auto Shields","Defragment+1","Melter","Glacier","Reprogram","Dualcast","Loop","Consume","Fission","Stack","Echo Form","Coolheaded","Fission","Dualcast","Self Repair","Go for the Eyes","Reinforced Body","Turbo","Compile Driver","Defragment+1","Steam","Force Field","Beam Cell","Meteor Strike","Compile Driver","Streamline","BootSequence","Chaos","Barrage","Undo","Aggregate","Amplify","Amplify","Defragment+1","Seek","Beam Cell","Echo Form","Heatsinks","Cold Snap","Reinforced Body","Conserve Battery","Loop","Lockon+1","Core Surge","Rainbow","Bite","Bite","Bite","Bite","Bite","RitualDagger","Capacitor"],"special_seed":17777,"relics":["Cracked Core","MawBank","Tiny Chest","Bottled Tornado","Pear","Cursed Key","Darkstone Periapt","Symbiotic Virus"],"potions_floor_usage":[6],"damage_taken":[{"damage":0,"enemies":"Cultist","floor":1,"turns":3},{"damage":0,"enemies":"2 Louse","floor":2,"turns":3},{"damage":0,"enemies":"Small Slimes","floor":5,"turns":2},{"damage":0,"enemies":"Lagavulin","floor":6,"turns":6},{"damage":3,"enemies":"Red Slaver","floor":7,"turns":2},{"damage":38,"enemies":"Gremlin Nob","floor":8,"turns":5},{"damage":0,"enemies":"3 Louse","floor":11,"turns":3},{"damage":30,"enemies":"Slime Boss","floor":16,"turns":5},{"damage":4,"enemies":"Chosen","floor":18,"turns":8},{"damage":17,"enemies":"Book of Stabbing","floor":23,"turns":6},{"damage":67,"enemies":"Slavers","floor":25,"turns":4}],"seed_played":"5443678004288961897","potions_obtained":[{"floor":5,"key":"Energy Potion"},{"floor":8,"key":"FairyPotion"},{"floor":11,"key":"SpeedPotion"},{"floor":16,"key":"Strength Potion"},{"floor":18,"key":"Dexterity Potion"}],"is_trial":false,"path_per_floor":["M","M","?","$","M","E","M","E","T","R","M","R","?","$","R","B",null,"M","?","?","?","$","E","R"],"character_chosen":"DEFECT","items_purchased":["MawBank","Capacitor"],"campfire_rested":1,"item_purchase_floors":[4,22],"current_hp_per_floor":[75,75,75,75,75,75,72,34,44,69,69,69,52,52,52,22,85,81,87,63,57,57,49,49,0],"gold":98,"neow_bonus":"","is_prod":false,"is_daily":true,"chose_seed":false,"campfire_upgraded":3,"win_rate":0,"timestamp":1535991644,"path_taken":["M","M","?","$","?","E","M","E","T","R","M","R","?","?","R","BOSS","M","?","?","?","?","E","R","E"],"build_version":"2018-08-30","purchased_purges":3,"victory":false,"max_hp_per_floor":[75,75,75,75,75,75,75,75,85,85,85,85,85,85,85,85,85,85,91,63,63,63,63,63,63],"card_choices":[{"not_picked":["Barrage","Double Energy"],"picked":"SKIP","floor":1},{"not_picked":["Rebound","Steam"],"picked":"SKIP","floor":2},{"not_picked":["Undo","Gash"],"picked":"SKIP","floor":5},{"not_picked":["Fission","Amplify"],"picked":"SKIP","floor":6},{"not_picked":["Beam Cell"],"picked":"Lockon","floor":7},{"not_picked":["Reboot"],"picked":"Core Surge","floor":8},{"not_picked":["Turbo","Conserve Battery"],"picked":"SKIP","floor":11},{"not_picked":["Hyperbeam"],"picked":"Rainbow","floor":16},{"not_picked":["Force Field","Compile Driver"],"picked":"SKIP","floor":18},{"not_picked":["Thunder Strike","Amplify"],"picked":"SKIP","floor":23}],"player_experience":460639,"relics_obtained":[{"floor":6,"key":"Tiny Chest"},{"floor":8,"key":"Bottled Tornado"},{"floor":9,"key":"Pear"},{"floor":23,"key":"Symbiotic Virus"}],"event_choices":[{"event_name":"Liars Game","player_choice":"agreed","floor":3,"damage_taken":0},{"event_name":"Shining Light","player_choice":"Entered Light","floor":13,"damage_taken":0},{"event_name":"Addict","player_choice":"Stole Relic","floor":19,"damage_taken":0},{"event_name":"Vampires","player_choice":"Became a vampire","floor":20,"damage_taken":0},{"event_name":"Nest","player_choice":"Joined the Cult","floor":21,"damage_taken":0}],"is_beta":false,"boss_relics":[{"not_picked":["Pandora\u0027s Box","Black Star"],"picked":"Cursed Key"}],"items_purged_floors":[4,14,22],"is_endless":false,"potions_floor_spawned":[5,8,11,16,18],"killed_by":"Slavers","ascension_level":0}