{"gold_per_floor":[114,132,57,71,71,71,101,101,127,162,162,194,194,212,212,312,312,322,322,145,145,160,160,193,193,217,217,232,232,232,258,258,362,362,373,392,101,114,214,214,230,230,230,230,248,278,278,54,54,54],"floor_reached":51,"playtime":2277,"items_purged":["Strike_G","Strike_G","Defend_G"],"score":1017,"play_id":"827790c9-f32a-4544-9fb0-57997e0f5146","local_time":"20181117153559","is_ascension_mode":true,"campfire_choices":[{"data":"Neutralize","floor":6.0,"key":"SMITH"},{"data":"Footwork","floor":8.0,"key":"SMITH"},{"data":"Die Die Die","floor":11.0,"key":"SMITH"},{"floor":15.0,"key":"REST"},{"data":"Noxious Fumes","floor":23.0,"key":"SMITH"},{"floor":27,"key":"REST"},{"data":"Doppelganger","floor":30,"key":"SMITH"},{"data":"After Image","floor":32,"key":"SMITH"},{"data":"Footwork","floor":40,"key":"SMITH"},{"data":"Doppelganger","floor":42,"key":"SMITH"},{"data":"Infinite Blades","floor":44,"key":"SMITH"},{"data":"Predator","floor":47,"key":"SMITH"},{"data":"Bane","floor":49,"key":"SMITH"}],"neow_cost":"NONE","seed_source_timestamp":51464087853308,"circlet_count":0,"master_deck":["Defend_G","Defend_G","Survivor","Neutralize+1","Quick Slash","Footwork+1","Die Die Die+1","Doppelganger+1","Noxious Fumes+1","Die Die Die","Unload","After Image+1","Predator+1","Bite","Bite","Bite","Bite","Bite","Backstab","Doppelganger+1","Backflip+1","Dodge and Roll+1","Infinite Blades+1","Good Instincts","Footwork+1","Blur+1","Terror+1","Bane+1"],"special_seed":0,"relics":["Ring of the Snake","Strawberry","Centennial Puzzle","Regal Pillow","Empty Cage","Snake Skull","Lantern","Potion Belt","Philosopher\u0027s Stone","Toxic Egg 2","Happy Flower","Chemical X"],"potions_floor_usage":[24,33,46,50,50],"damage_taken":[{"damage":7.0,"enemies":"2 Louse","floor":1.0,"turns":4.0},{"damage":7.0,"enemies":"Small Slimes","floor":2.0,"turns":4.0},{"damage":0.0,"enemies":"Jaw Worm","floor":4.0,"turns":5.0},{"damage":22.0,"enemies":"Gremlin Nob","floor":7.0,"turns":5.0},{"damage":18.0,"enemies":"3 Sentries","floor":10.0,"turns":9.0},{"damage":19.0,"enemies":"Gremlin Nob","floor":12.0,"turns":5.0},{"damage":0.0,"enemies":"3 Louse","floor":14.0,"turns":3.0},{"damage":49.0,"enemies":"Slime Boss","floor":16.0,"turns":15.0},{"damage":22.0,"enemies":"2 Thieves","floor":18.0,"turns":4.0},{"damage":17.0,"enemies":"3 Byrds","floor":22.0,"turns":6.0},{"damage":10,"enemies":"Gremlin Leader","floor":24,"turns":6},{"damage":27,"enemies":"Snake Plant","floor":28,"turns":7},{"damage":43,"enemies":"Book of Stabbing","floor":31,"turns":6},{"damage":77,"enemies":"Champ","floor":33,"turns":14},{"damage":5,"enemies":"Orb Walker","floor":35,"turns":4},{"damage":12,"enemies":"3 Shapes","floor":36,"turns":3},{"damage":20,"enemies":"Spire Growth","floor":38,"turns":6},{"damage":0,"enemies":"4 Shapes","floor":41,"turns":2},{"damage":0,"enemies":"Maw","floor":45,"turns":8},{"damage":40,"enemies":"Giant Head","floor":46,"turns":12},{"damage":50,"enemies":"Awakened One","floor":50,"turns":16}],"seed_played":"8507905204589951643","potions_obtained":[{"floor":1.0,"key":"LiquidBronze"},{"floor":2.0,"key":"PowerPotion"},{"floor":7.0,"key":"GhostInAJar"},{"floor":18.0,"key":"Fire Potion"},{"floor":22.0,"key":"EssenceOfSteel"},{"floor":33,"key":"SkillPotion"},{"floor":38,"key":"Weak Potion"},{"floor":46,"key":"FearPotion"}],"is_trial":false,"path_per_floor":["M","M","$","M","?","R","E","R","T","E","R","E","?","M","R","B",null,"M","?","$","?","M","R","E","?","T","R","M","?","R","E","R","B",null,"M","M","$","M","?","R","M","R","T","R","M","E","R","$","R","B",null],"character_chosen":"THE_SILENT","items_purchased":["Unload","Infinite Blades","Good Instincts","Chemical X","Bane"],"campfire_rested":2,"item_purchase_floors":[20,37,37,48,48],"current_hp_per_floor":[63,56,56,56,56,56,41,41,41,23,23,6,6,8,48,1,63,43,27,27,27,12,12,4,4,4,45,32,89,89,56,56,5,68,71,61,61,53,53,53,55,55,55,55,77,63,63,63,63,43],"gold":54,"neow_bonus":"TEN_PERCENT_HP_BONUS","is_prod":false,"is_daily":false,"chose_seed":false,"campfire_upgraded":11,"win_rate":0,"timestamp":1542486959,"path_taken":["M","M","$","M","?","R","E","R","T","E","R","E","?","M","R","BOSS","M","?","$","?","?","R","E","?","T","R","M","?","R","E","R","BOSS","M","M","$","M","?","R","M","R","T","R","?","E","R","?","R","BOSS"],"build_version":"2018-11-15","purchased_purges":3,"victory":true,"max_hp_per_floor":[77,77,77,77,77,77,84,84,84,84,84,84,84,84,84,84,84,84,89,89,89,89,89,89,89,89,89,89,89,89,89,89,89,89,89,89,89,89,89,89,89,89,89,89,89,89,89,89,89,89],"card_choices":[{"not_picked":["Setup","Choke"],"picked":"Quick Slash","floor":1.0},{"not_picked":["Skewer","Setup","Dodge and Roll"],"picked":"SKIP","floor":2.0},{"not_picked":["Dodge and Roll","Poisoned Stab"],"picked":"Footwork","floor":4.0},{"not_picked":["Finisher","Cloak And Dagger"],"picked":"Die Die Die","floor":7.0},{"not_picked":["Deadly Poison","Corpse Explosion","Bullet Time"],"picked":"SKIP","floor":10.0},{"not_picked":["Dodge and Roll","Dagger Throw"],"picked":"Doppelganger","floor":12.0},{"not_picked":["Leg Sweep","Poisoned Stab"],"picked":"Noxious Fumes","floor":14.0},{"not_picked":["Glass Knife","Burst"],"picked":"Die Die Die","floor":16.0},{"not_picked":["Blade Dance","Blur","Deadly Poison+1"],"picked":"SKIP","floor":18.0},{"not_picked":["Bane","Acrobatics+1"],"picked":"Predator","floor":22.0},{"not_picked":["Reflex","Infinite Blades","Dodge and Roll"],"picked":"SKIP","floor":24},{"not_picked":["Heel Hook","Deflect+1","Skewer+1"],"picked":"SKIP","floor":28},{"not_picked":["Deflect","Setup"],"picked":"Backstab","floor":31},{"not_picked":["Unload","Night Terror"],"picked":"Doppelganger","floor":33},{"not_picked":["Blade Dance","PiercingWail+1"],"picked":"Backflip+1","floor":35},{"not_picked":["Concentrate","Underhanded Strike+1"],"picked":"Dodge and Roll+1","floor":36},{"not_picked":["Caltrops+1","Dagger Throw+1"],"picked":"Footwork","floor":38},{"not_picked":["PiercingWail+1","Bane+1","Quick Slash"],"picked":"SKIP","floor":41},{"not_picked":["Blade Dance+1","Bane"],"picked":"Blur+1","floor":45},{"not_picked":["Distraction+1","Slice+1"],"picked":"Terror+1","floor":46}],"player_experience":435198,"relics_obtained":[{"floor":7.0,"key":"Strawberry"},{"floor":9.0,"key":"Centennial Puzzle"},{"floor":10.0,"key":"Blood Vial"},{"floor":12.0,"key":"Regal Pillow"},{"floor":24,"key":"Snake Skull"},{"floor":26,"key":"Lantern"},{"floor":31,"key":"Potion Belt"},{"floor":43,"key":"Toxic Egg 2"},{"floor":46,"key":"Happy Flower"}],"event_choices":[{"damage_healed":0.0,"max_hp_gain":0.0,"max_hp_loss":0.0,"gold_gain":0.0,"event_name":"Liars Game","player_choice":"Ignored","floor":5.0,"gold_loss":0.0,"damage_taken":0.0},{"damage_healed":0.0,"max_hp_gain":0.0,"max_hp_loss":0.0,"gold_gain":0.0,"event_name":"Shining Light","player_choice":"Ignored","floor":13.0,"gold_loss":0.0,"damage_taken":0.0},{"damage_healed":0.0,"max_hp_gain":5.0,"max_hp_loss":0.0,"gold_gain":0.0,"event_name":"Forgotten Altar","player_choice":"Shed Blood","floor":19.0,"gold_loss":0.0,"damage_taken":21.0},{"damage_healed":0.0,"max_hp_gain":0.0,"max_hp_loss":0.0,"gold_gain":0.0,"cards_transformed":["Defend_G","Strike_G"],"event_name":"Drug Dealer","player_choice":"Became Test Subject","floor":21.0,"gold_loss":0.0,"damage_taken":0.0,"cards_obtained":["After Image","Calculated Gamble"]},{"damage_healed":0,"gold_gain":0,"player_choice":"Became a vampire (Vial)","damage_taken":0,"max_hp_gain":0,"max_hp_loss":0,"event_name":"Vampires","floor":25,"relics_lost":["Blood Vial"],"gold_loss":0,"cards_obtained":["Bite","Bite","Bite","Bite","Bite"]},{"cards_removed":["Calculated Gamble"],"damage_healed":57,"gold_gain":0,"player_choice":"Offered Uncommon","damage_taken":0,"max_hp_gain":0,"max_hp_loss":0,"event_name":"Bonfire Elementals","floor":29,"gold_loss":0},{"damage_healed":0,"gold_gain":100,"player_choice":"Pray","damage_taken":0,"max_hp_gain":0,"max_hp_loss":0,"event_name":"Golden Shrine","floor":39,"gold_loss":0}],"is_beta":true,"boss_relics":[{"not_picked":["Runic Dome","Ring of the Serpent"],"picked":"Empty Cage"},{"not_picked":["White Beast Statue","WristBlade"],"picked":"Philosopher\u0027s Stone"}],"items_purged_floors":[3,20,37],"is_endless":false,"potions_floor_spawned":[1,2,7,18,22,33,38,46],"ascension_level":7}