{"path_per_floor":["M","?","M","M","M","R","E","M","T","R","?","M","E","M","R","B",null,"M","M","M","M","$","R","E","?","T","R","M","M","R","M","R","B",null,"M","M","$","M","M","E","$","R","T","M","R","E","M","E","R","B"],"character_chosen":"THE_SILENT","items_purchased":["Toxic Egg 2","Footwork","Oddly Smooth Stone","Boot"],"gold_per_floor":[114,114,129,144,159,159,189,204,204,204,204,223,261,280,280,405,405,424,413,432,451,55,55,93,93,93,93,112,131,131,150,150,275,275,294,313,113,132,151,219,19,19,19,38,38,76,95,133,133,133],"floor_reached":51,"campfire_rested":1,"playtime":3474,"item_purchase_floors":[22,22,37,41],"current_hp_per_floor":[70,75,75,75,69,69,55,55,55,55,37,37,22,10,10,39,75,62,50,34,34,34,34,34,34,34,34,32,29,29,29,29,50,75,66,62,62,55,54,38,38,38,38,38,38,21,23,21,64,64],"items_purged":["Normality","Parasite","Parasite"],"gold":133,"score":950,"play_id":"6b754d94-ed89-4319-ae91-9e0db98c240f","local_time":"20180606022112","daily_mods":["Allstar","Binary","Night Terrors"],"is_prod":false,"is_daily":true,"chose_seed":false,"is_ascension_mode":false,"campfire_upgraded":9,"win_rate":0,"timestamp":1528266072,"campfire_choices":[{"data":"Apotheosis","floor":6,"key":"SMITH"},{"data":"Burst","floor":10,"key":"SMITH"},{"data":"Setup","floor":15,"key":"SMITH"},{"data":"Adrenaline","floor":23,"key":"SMITH"},{"data":"Footwork","floor":27,"key":"SMITH"},{"data":"Secret Technique","floor":30,"key":"SMITH"},{"data":"Malaise","floor":32,"key":"SMITH"},{"data":"Envenom","floor":42,"key":"SMITH"},{"data":"Neutralize","floor":45,"key":"SMITH"},{"floor":49,"key":"REST"}],"path_taken":["M","?","M","M","?","R","E","M","T","R","?","?","E","M","R","BOSS","M","M","M","M","$","R","E","?","T","R","M","M","R","M","R","BOSS","M","?","$","M","M","E","$","R","T","M","R","E","M","E","R","BOSS"],"build_version":"2018-06-04v2","seed_source_timestamp":0,"purchased_purges":3,"victory":true,"master_deck":["Defend_G","Defend_G","Defend_G","Defend_G","Defend_G","Strike_G","Strike_G","Strike_G","Strike_G","Strike_G","Survivor","Neutralize+1","Secret Technique+1","Apotheosis+1","Magnetism","Good Instincts","Blind","Dagger Spray","Quick Slash","Malaise+1","Heel Hook","Burst+1","Setup+1","Outmaneuver","Adrenaline+1","Blade Dance","Quick Slash","Quick Slash+1","Footwork+1","Adrenaline+1","Outmaneuver+1","Bouncing Flask+1","Acrobatics+1","Envenom+1","Escape Plan+1","Masterful Stab+1","Backflip+1","Flying Knee+1","Heel Hook","Blur+1"],"max_hp_per_floor":[70,75,75,75,75,75,75,75,75,75,75,75,75,75,75,75,75,75,75,75,75,75,75,75,75,75,75,75,75,75,75,75,75,75,75,75,72,72,72,72,69,69,69,69,69,69,69,69,64,64],"relics":["Ring of the Snake","Pantograph","Letter Opener","Golden Idol","Happy Flower","Calling Bell","Lantern","Paper Crane","Dead Branch","Toxic Egg 2","Omamori","Smiling Mask","Black Star","Oddly Smooth Stone","Tiny Chest","Bag of Preparation","Boot","Mercury Hourglass","Blood Vial","Regal Pillow","Gremlin Horn","Toolbox"],"card_choices":[{"not_picked":["Dodge and Roll"],"picked":"Dagger Spray","floor":1},{"not_picked":["Flying Knee"],"picked":"Quick Slash","floor":3},{"not_picked":["Well Laid Plans"],"picked":"Malaise","floor":4},{"not_picked":["Outmaneuver"],"picked":"Heel Hook","floor":5},{"not_picked":["Deadly Poison"],"picked":"Burst","floor":7},{"not_picked":["Acrobatics","Noxious Fumes"],"picked":"SKIP","floor":8},{"not_picked":["Acrobatics","Slice"],"picked":"SKIP","floor":12},{"not_picked":["Underhanded Strike"],"picked":"Setup","floor":13},{"not_picked":["Dagger Spray"],"picked":"Outmaneuver","floor":14},{"not_picked":["Burst"],"picked":"Adrenaline","floor":16},{"not_picked":["Concentrate"],"picked":"Blade Dance","floor":18},{"not_picked":["PiercingWail","Deadly Poison"],"picked":"SKIP","floor":19},{"not_picked":["Acrobatics"],"picked":"Quick Slash","floor":20},{"not_picked":["Flying Knee"],"picked":"Quick Slash+1","floor":21},{"not_picked":["Corpse Explosion","Endless Agony"],"picked":"SKIP","floor":24},{"not_picked":["Dagger Spray"],"picked":"Outmaneuver+1","floor":28},{"not_picked":["Catalyst+1"],"picked":"Bouncing Flask+1","floor":29},{"not_picked":["Deadly Poison+1"],"picked":"Acrobatics+1","floor":31},{"not_picked":["Grand Finale"],"picked":"Envenom","floor":33},{"not_picked":["Flechettes"],"picked":"Escape Plan+1","floor":35},{"not_picked":["Quick Slash"],"picked":"Masterful Stab+1","floor":36},{"not_picked":["Dagger Throw","Slice"],"picked":"SKIP","floor":38},{"not_picked":["Bane"],"picked":"Backflip+1","floor":39},{"not_picked":["Concentrate+1"],"picked":"Flying Knee+1","floor":40},{"not_picked":["Blur+1"],"picked":"Heel Hook","floor":44},{"not_picked":["Endless Agony","Deflect+1"],"picked":"SKIP","floor":46},{"not_picked":["Finisher"],"picked":"Blur+1","floor":47},{"not_picked":["Bane","Dodge and Roll+1"],"picked":"SKIP","floor":48}],"player_experience":290814,"potions_floor_usage":[18,20,50,50],"damage_taken":[{"damage":0,"enemies":"2 Louse","floor":1,"turns":5},{"damage":0,"enemies":"Small Slimes","floor":3,"turns":3},{"damage":0,"enemies":"Cultist","floor":4,"turns":4},{"damage":6,"enemies":"Exordium Wildlife","floor":5,"turns":4},{"damage":14,"enemies":"3 Sentries","floor":7,"turns":7},{"damage":0,"enemies":"Large Slime","floor":8,"turns":6},{"damage":0,"enemies":"Red Slaver","floor":12,"turns":4},{"damage":15,"enemies":"Gremlin Nob","floor":13,"turns":5},{"damage":12,"enemies":"Gremlin Gang","floor":14,"turns":4},{"damage":0,"enemies":"Hexaghost","floor":16,"turns":9},{"damage":13,"enemies":"Shell Parasite","floor":18,"turns":9},{"damage":12,"enemies":"2 Thieves","floor":19,"turns":4},{"damage":16,"enemies":"Cultist and Chosen","floor":20,"turns":7},{"damage":0,"enemies":"Centurion and Healer","floor":21,"turns":5},{"damage":0,"enemies":"Gremlin Leader","floor":24,"turns":3},{"damage":2,"enemies":"Slaver and Parasite","floor":28,"turns":5},{"damage":3,"enemies":"Snake Plant","floor":29,"turns":5},{"damage":0,"enemies":"Chosen and Byrds","floor":31,"turns":5},{"damage":4,"enemies":"Champ","floor":33,"turns":12},{"damage":9,"enemies":"3 Shapes","floor":35,"turns":5},{"damage":4,"enemies":"Orb Walker","floor":36,"turns":5},{"damage":7,"enemies":"Transient","floor":38,"turns":5},{"damage":1,"enemies":"Maw","floor":39,"turns":7},{"damage":16,"enemies":"2 Orb Walkers","floor":40,"turns":6},{"damage":0,"enemies":"Sphere and 2 Shapes","floor":44,"turns":2},{"damage":17,"enemies":"Giant Head","floor":46,"turns":9},{"damage":0,"enemies":"4 Shapes","floor":47,"turns":4},{"damage":4,"enemies":"Nemesis","floor":48,"turns":7},{"damage":0,"enemies":"Awakened One","floor":50,"turns":12}],"relics_obtained":[{"floor":7,"key":"Pantograph"},{"floor":9,"key":"Letter Opener"},{"floor":13,"key":"Happy Flower"},{"floor":17,"key":"Lantern"},{"floor":17,"key":"Paper Crane"},{"floor":17,"key":"Dead Branch"},{"floor":24,"key":"Omamori"},{"floor":26,"key":"Smiling Mask"},{"floor":40,"key":"Tiny Chest"},{"floor":40,"key":"Bag of Preparation"},{"floor":43,"key":"Mercury Hourglass"},{"floor":46,"key":"Blood Vial"},{"floor":46,"key":"Regal Pillow"},{"floor":48,"key":"Gremlin Horn"},{"floor":48,"key":"Toolbox"}],"event_choices":[{"event_name":"Big Fish","player_choice":"Donut","floor":2,"damage_taken":0},{"event_name":"Golden Idol","player_choice":"Take Damage","floor":11,"damage_taken":0},{"event_name":"Duplicator","player_choice":"One dupe","floor":25,"damage_taken":0}],"boss_relics":[{"not_picked":["Velvet Choker","Runic Dome"],"picked":"Calling Bell"},{"not_picked":["Busted Crown","Astrolabe"],"picked":"Black Star"}],"items_purged_floors":[22,37,41],"potions_floor_spawned":[4,5,13,14,16,19,28,29,35,36,38],"seed_played":"-7143404662059475798","ascension_level":0,"potions_obtained":[{"floor":4,"key":"Ancient Potion"},{"floor":5,"key":"GhostInAJar"},{"floor":13,"key":"GamblersBrew"},{"floor":14,"key":"Swift Potion"},{"floor":19,"key":"Poison Potion"},{"floor":28,"key":"AttackPotion"},{"floor":35,"key":"FairyPotion"}],"is_trial":false}