{"path_per_floor":["M","M","?","M","M","E","?","?","T","$","?","R","M","M","R","B",null,"M","?","M","$","?","E","?","R","T","M","$","?","R","M","R","B",null,"M","?","M","?","T","E","$","R","T","R","?","R","M","E","R","B"],"character_chosen":"IRONCLAD","items_purchased":["War Paint"],"gold_per_floor":[114,124,124,143,154,184,239,239,239,19,19,19,34,47,47,142,142,152,152,172,72,72,99,99,99,122,136,11,11,11,30,30,129,129,147,147,165,165,165,193,43,43,43,43,43,43,62,95,95,95],"floor_reached":51,"campfire_rested":3,"playtime":2573,"current_hp_per_floor":[71,72,72,72,67,60,42,42,42,42,42,72,72,55,55,57,72,72,72,64,64,48,31,31,67,77,82,82,66,66,60,60,41,87,66,66,69,69,69,71,71,71,71,71,71,71,89,72,98,22],"items_purged":["Strike_R","Pain","Writhe","Writhe"],"gold":95,"score":910,"play_id":"b72707f9-13b6-440f-8384-185f3c84fcfd","local_time":"20180403115117","is_prod":false,"is_daily":false,"is_ascension_mode":true,"campfire_upgraded":6,"timestamp":1522749077,"path_taken":["M","M","?","M","?","E","?","?","T","$","?","R","M","M","R","BOSS","M","?","M","$","?","E","?","R","T","M","$","?","R","?","R","BOSS","M","?","M","?","?","E","$","R","T","R","?","R","M","E","R","BOSS"],"build_version":"2018-03-29v2","purchased_purges":5,"victory":true,"master_deck":["Strike_R","Strike_R","Strike_R","Strike_R","Defend_R+1","Defend_R","Defend_R","Bash+1","Bludgeon+1","Ghostly Armor","Iron Wave","Clothesline+1","Shockwave+1","True Grit+1","Shockwave","Flame Barrier+1","Demon Form+1","Ghostly Armor+1","Bash","Shrug It Off","True Grit+1","Feed+1","Bludgeon+1","Shrug It Off","Dropkick+1"],"max_hp_per_floor":[72,72,72,72,72,72,72,72,72,72,72,72,72,72,72,72,72,72,72,72,72,72,72,72,72,82,82,82,87,87,87,87,87,87,87,87,87,87,87,90,90,90,90,90,90,90,94,98,98,102],"relics":["Burning Blood","Shuriken","Matryoshka","Regal Pillow","Kunai","War Paint","Cursed Key","Enchiridion","Torii","Pear","Pen Nib","Velvet Choker","Omamori","Orichalcum","Gambling Chip","Bottled Flame"],"card_choices":[{"not_picked":["Berserk","Juggernaut"],"picked":"Bludgeon","floor":0},{"not_picked":["Thunderclap","Infernal Blade"],"picked":"Ghostly Armor","floor":1},{"not_picked":["Limit Break","Fire Breathing"],"picked":"Iron Wave","floor":2},{"not_picked":["Clash","Bloodletting"],"picked":"Clothesline","floor":5},{"not_picked":["Limit Break","Shrug It Off"],"picked":"Shockwave","floor":6},{"not_picked":["Iron Wave","Burning Pact"],"picked":"True Grit","floor":7},{"not_picked":["Whirlwind","Rampage"],"picked":"Shockwave","floor":13},{"not_picked":["Spot Weakness","Rampage"],"picked":"Flame Barrier","floor":14},{"not_picked":["Fiend Fire","Barricade"],"picked":"Demon Form","floor":16},{"not_picked":["Power Through","Cleave"],"picked":"Ghostly Armor","floor":18},{"not_picked":["Havoc","Heavy Blade"],"picked":"True Grit","floor":27},{"not_picked":["Reaper","Exhume"],"picked":"Feed","floor":33},{"not_picked":["Iron Wave","Havoc"],"picked":"Shrug It Off","floor":37},{"not_picked":["Thunderclap","Shockwave"],"picked":"Dropkick","floor":47}],"player_experience":205217,"potions_floor_usage":[16,16,33,40,47,48,50],"damage_taken":[{"damage":7,"enemies":"Small Slimes","floor":1,"turns":2},{"damage":1,"enemies":"Cultist","floor":2,"turns":4},{"damage":0,"enemies":"Jaw Worm","floor":4,"turns":1},{"damage":11,"enemies":"Looter","floor":5,"turns":2},{"damage":13,"enemies":"3 Sentries","floor":6,"turns":6},{"damage":24,"enemies":"3 Sentries","floor":7,"turns":10},{"damage":1,"enemies":"3 Louse","floor":13,"turns":5},{"damage":23,"enemies":"Lots of Slimes","floor":14,"turns":7},{"damage":19,"enemies":"The Guardian","floor":16,"turns":12},{"damage":3,"enemies":"Chosen","floor":18,"turns":4},{"damage":14,"enemies":"3 Byrds","floor":20,"turns":7},{"damage":23,"enemies":"Book of Stabbing","floor":23,"turns":6},{"damage":0,"enemies":"Snecko","floor":27,"turns":2},{"damage":12,"enemies":"Centurion and Healer","floor":31,"turns":7},{"damage":25,"enemies":"Champ","floor":33,"turns":8},{"damage":27,"enemies":"3 Darklings","floor":35,"turns":6},{"damage":3,"enemies":"3 Shapes","floor":37,"turns":4},{"damage":7,"enemies":"Nemesis","floor":40,"turns":7},{"damage":1,"enemies":"Sphere and 2 Shapes","floor":47,"turns":5},{"damage":33,"enemies":"Giant Head","floor":48,"turns":7},{"damage":86,"enemies":"Awakened One","floor":50,"turns":12}],"event_choices":[{"event_name":"Upgrade Shrine","player_choice":"Upgraded","floor":3,"damage_taken":0},{"event_name":"Dead Adventurer","player_choice":"Searched \u00271\u0027 times","floor":7,"damage_taken":0},{"event_name":"Shining Light","player_choice":"Ignored","floor":8,"damage_taken":0},{"event_name":"The Lab","player_choice":"Got Potions","floor":11,"damage_taken":0},{"event_name":"Match and Keep!","player_choice":"2 cards matched","floor":19,"damage_taken":0},{"event_name":"Cursed Tome","player_choice":"Obtained Book","floor":22,"damage_taken":0},{"event_name":"The Library","player_choice":"Read","floor":24,"damage_taken":0},{"event_name":"Forgotten Altar","player_choice":"Shed Blood","floor":29,"damage_taken":0},{"event_name":"Duplicator","player_choice":"One dupe","floor":36,"damage_taken":0},{"event_name":"Mysterious Sphere","player_choice":"Ignore","floor":38,"damage_taken":0}],"boss_relics":[{"not_picked":["Lizard Tail","Runic Cube"],"picked":"Cursed Key"},{"not_picked":["Astrolabe","Sozu"],"picked":"Velvet Choker"}],"potions_floor_spawned":[4,5,7,23,31,33,35,40],"seed_played":"2289890594182211530","ascension_level":4,"is_trial":false}