{"path_per_floor":["M","M","?","M","M","R","E","M","T","R","E","?","R"],"character_chosen":"THE_SILENT","items_purchased":[],"gold_per_floor":[13,31,131,143,157,157,185,200,224,224,259,259,259,259],"floor_reached":14,"campfire_rested":0,"playtime":508,"item_purchase_floors":[],"current_hp_per_floor":[70,70,70,70,68,68,36,29,29,29,20,20,20,0],"items_purged":[],"gold":259,"score":125,"play_id":"d11f3a13-f5b1-4ce2-ae3d-b1863f6b66b8","local_time":"20180603182559","is_prod":false,"is_daily":false,"chose_seed":false,"is_ascension_mode":true,"campfire_upgraded":3,"win_rate":0,"timestamp":1528064759,"campfire_choices":[{"data":"Neutralize","floor":6,"key":"SMITH"},{"data":"Burst","floor":10,"key":"SMITH"},{"data":"Bouncing Flask","floor":13,"key":"SMITH"}],"path_taken":["M","M","?","?","M","R","E","M","T","R","E","?","R","M"],"build_version":"2018-05-30v2","seed_source_timestamp":116790462912309,"purchased_purges":0,"victory":false,"master_deck":["Defend_G","Defend_G","Defend_G","Defend_G","Defend_G","Strike_G","Strike_G","Strike_G","Strike_G","Survivor","Neutralize+1","Poisoned Stab","Well Laid Plans","Backflip","Burst+1","Bouncing Flask+1","Bane"],"max_hp_per_floor":[70,70,70,70,70,70,70,70,70,70,70,70,70,70],"relics":["Ring of the Snake","Calipers","Bronze Scales","Oddly Smooth Stone","Omamori"],"card_choices":[{"not_picked":["Deflect","Deadly Poison"],"picked":"Poisoned Stab","floor":1},{"not_picked":["Poisoned Stab","Deadly Poison"],"picked":"Well Laid Plans","floor":2},{"not_picked":["Poisoned Stab","Sucker Punch","Deadly Poison"],"picked":"SKIP","floor":4},{"not_picked":["Underhanded Strike","Slice"],"picked":"Backflip","floor":5},{"not_picked":["Cloak And Dagger","Deflect"],"picked":"Burst","floor":7},{"not_picked":["Deadly Poison","Poisoned Stab"],"picked":"Bouncing Flask","floor":8},{"not_picked":["Quick Slash","Grand Finale"],"picked":"Bane","floor":11}],"player_experience":274595,"potions_floor_usage":[7,7,11],"damage_taken":[{"damage":0,"enemies":"2 Louse","floor":1,"turns":3},{"damage":0,"enemies":"Cultist","floor":2,"turns":4},{"damage":0,"enemies":"Small Slimes","floor":4,"turns":2},{"damage":2,"enemies":"Red Slaver","floor":5,"turns":5},{"damage":32,"enemies":"Gremlin Nob","floor":7,"turns":6},{"damage":7,"enemies":"Exordium Wildlife","floor":8,"turns":4},{"damage":9,"enemies":"Lagavulin","floor":11,"turns":5},{"damage":36,"enemies":"Gremlin Gang","floor":14,"turns":3}],"relics_obtained":[{"floor":7,"key":"Bronze Scales"},{"floor":9,"key":"Oddly Smooth Stone"},{"floor":11,"key":"Omamori"}],"event_choices":[{"event_name":"Golden Shrine","player_choice":"Pray","floor":3,"damage_taken":0},{"event_name":"Bonfire Elementals","player_choice":"BASIC","floor":12,"damage_taken":0}],"boss_relics":[],"items_purged_floors":[],"potions_floor_spawned":[2,5,8],"seed_played":"-6513213771449194576","killed_by":"Gremlin Gang","ascension_level":5,"potions_obtained":[{"floor":2,"key":"EssenceOfSteel"},{"floor":5,"key":"Weak Potion"},{"floor":8,"key":"Poison Potion"}],"is_trial":false}