{"gold_per_floor":[110,110,110,35,47,65,75,75,75,75,1,1,11,11,11,89,89,107,107,126,139,139,139,139],"floor_reached":24,"playtime":1437,"items_purged":["Defend_B"],"score":326,"play_id":"d4affdd4-a764-4940-91d7-5e6a41cf5e24","local_time":"20180923165703","is_ascension_mode":true,"campfire_choices":[{"data":"Static Discharge","floor":8,"key":"SMITH"},{"data":"Self Repair","floor":10,"key":"SMITH"},{"data":"Static Discharge","floor":12,"key":"SMITH"},{"data":"Consume","floor":15,"key":"SMITH"},{"floor":23,"key":"REST"}],"neow_cost":"NONE","seed_source_timestamp":705498847652913,"circlet_count":0,"master_deck":["Strike_B","Strike_B","Strike_B","Strike_B","Defend_B","Defend_B+1","Defend_B+1","Zap+1","Dualcast","AscendersBane","BootSequence","Static Discharge+1","Self Repair+1","Consume+1","Static Discharge+1","Coolheaded"],"relics":["Cracked Core","Centennial Puzzle","Inserter"],"potions_floor_usage":[13,20,24],"damage_taken":[{"damage":0,"enemies":"Small Slimes","floor":1,"turns":3},{"damage":1,"enemies":"Cultist","floor":5,"turns":3},{"damage":2,"enemies":"Jaw Worm","floor":6,"turns":3},{"damage":13,"enemies":"Blue Slaver","floor":7,"turns":3},{"damage":0,"enemies":"3 Louse","floor":13,"turns":5},{"damage":30,"enemies":"Hexaghost","floor":16,"turns":2},{"damage":12,"enemies":"Chosen","floor":18,"turns":4},{"damage":20,"enemies":"Shell Parasite","floor":20,"turns":4},{"damage":22,"enemies":"Centurion and Healer","floor":21,"turns":5},{"damage":66,"enemies":"Gremlin Leader","floor":24,"turns":3}],"seed_played":"6798910412543313093","potions_obtained":[{"floor":5,"key":"Swift Potion"},{"floor":7,"key":"Energy Potion"},{"floor":21,"key":"Poison Potion"}],"is_trial":false,"path_per_floor":["M","?","?","$","M","M","M","R","T","R","$","R","M","$","R","B",null,"M","?","M","M","?","R"],"character_chosen":"DEFECT","items_purchased":["Static Discharge"],"campfire_rested":1,"item_purchase_floors":[11],"current_hp_per_floor":[71,71,48,48,47,45,39,39,39,39,39,39,49,49,49,19,63,61,61,51,39,39,62,0],"gold":139,"neow_bonus":"TEN_PERCENT_HP_BONUS","is_prod":false,"is_daily":false,"chose_seed":false,"campfire_upgraded":4,"win_rate":0,"timestamp":1537714623,"path_taken":["M","?","?","$","M","M","M","R","T","R","$","R","M","$","R","BOSS","M","?","M","M","?","R","E"],"build_version":"2018-09-20","purchased_purges":1,"victory":false,"max_hp_per_floor":[78,78,78,78,78,78,78,78,78,78,78,78,78,78,78,78,78,78,78,78,78,78,78,78],"card_choices":[{"not_picked":["Conserve Battery","Steam"],"picked":"BootSequence","floor":1},{"not_picked":["Gash","Streamline"],"picked":"Static Discharge","floor":5},{"not_picked":["FTL","Streamline"],"picked":"Self Repair","floor":6},{"not_picked":["Steam","Recycle"],"picked":"Consume","floor":7},{"not_picked":["Genetic Algorithm","Barrage"],"picked":"Coolheaded","floor":13},{"not_picked":["Coolheaded","Sweeping Beam","Stack"],"picked":"SKIP","floor":18},{"not_picked":["Rebound","Steam Power","Double Energy"],"picked":"SKIP","floor":20},{"not_picked":["Leap","Steam+1","Redo"],"picked":"SKIP","floor":21}],"player_experience":578503,"relics_obtained":[{"floor":9,"key":"Centennial Puzzle"}],"event_choices":[{"event_name":"Living Wall","player_choice":"Grow","floor":2,"damage_taken":0},{"event_name":"Shining Light","player_choice":"Entered Light","floor":3,"damage_taken":0},{"event_name":"Vampires","player_choice":"Ignored","floor":19,"damage_taken":0},{"event_name":"Cursed Tome","player_choice":"Ignored","floor":22,"damage_taken":0}],"is_beta":false,"boss_relics":[{"not_picked":["Philosopher\u0027s Stone","Nuclear Battery"],"picked":"Inserter"}],"items_purged_floors":[4],"is_endless":false,"potions_floor_spawned":[5,7,21],"killed_by":"Gremlin Leader","ascension_level":15}