{"gold_per_floor":[112,112,123,123,46,74,94,127,127,127,179,179,191,201,201,299,299,314,314,326,134,134,134],"floor_reached":23,"playtime":566,"items_purged":[],"score":325,"play_id":"75a31157-0934-4b13-96d7-2f4d41f68de0","local_time":"20190102013240","is_ascension_mode":true,"campfire_choices":[{"data":"Defragment","floor":10,"key":"SMITH"},{"floor":15,"key":"REST"}],"neow_cost":"NONE","seed_source_timestamp":988271510143958,"circlet_count":0,"master_deck":["Strike_B","Strike_B","Strike_B","Strike_B","Defend_B","Defend_B","Defend_B","Defend_B","Zap","Dualcast","Defragment+1","Cold Snap","Conserve Battery","Chill+1","White Noise","Consume","Creative AI","Static Discharge+1","Cold Snap+1"],"relics":["Cracked Core","NeowsBlessing","Mercury Hourglass","Gremlin Horn","Letter Opener","Smiling Mask","Runic Pyramid","Strange Spoon"],"potions_floor_usage":[8,22,23],"damage_taken":[{"damage":0,"enemies":"2 Louse","floor":1,"turns":1},{"damage":0,"enemies":"Cultist","floor":3,"turns":1},{"damage":0,"enemies":"Gremlin Nob","floor":6,"turns":1},{"damage":4,"enemies":"Jaw Worm","floor":7,"turns":3},{"damage":27,"enemies":"Lagavulin","floor":8,"turns":5},{"damage":5,"enemies":"Red Slaver","floor":13,"turns":3},{"damage":0,"enemies":"Large Slime","floor":14,"turns":4},{"damage":24,"enemies":"The Guardian","floor":16,"turns":10},{"damage":13,"enemies":"3 Byrds","floor":18,"turns":5},{"damage":11,"enemies":"Shell Parasite","floor":20,"turns":5},{"damage":8,"enemies":"Colosseum Slavers","floor":22,"turns":6},{"damage":34,"enemies":"Book of Stabbing","floor":23,"turns":4}],"seed_played":"-3504439331423288911","potions_obtained":[{"floor":1,"key":"Energy Potion"},{"floor":7,"key":"FearPotion"},{"floor":13,"key":"Fire Potion"},{"floor":14,"key":"SpeedPotion"}],"is_trial":false,"path_per_floor":["M","$","M","?","$","E","M","E","T","R","T","?","M","M","R","B",null,"M","?","M","$","?","E"],"character_chosen":"DEFECT","items_purchased":["Defragment","Strange Spoon"],"campfire_rested":1,"item_purchase_floors":[5,21],"current_hp_per_floor":[68,68,68,68,68,68,64,37,37,37,37,37,32,32,54,30,64,51,51,40,40,32,0],"gold":134,"neow_bonus":"THREE_ENEMY_KILL","is_prod":false,"is_daily":false,"chose_seed":false,"campfire_upgraded":1,"win_rate":0,"timestamp":1546389160,"path_taken":["M","$","M","?","?","E","?","E","T","R","?","?","M","M","R","BOSS","M","?","M","$","?","E"],"build_version":"2018-12-20","purchased_purges":0,"victory":false,"max_hp_per_floor":[75,75,75,75,75,75,75,75,75,75,75,75,75,75,75,75,75,75,75,75,75,75,75],"card_choices":[{"not_picked":["Darkness","Barrage","Static Discharge"],"picked":"SKIP","floor":1},{"not_picked":["Genetic Algorithm","Chaos","Tempest"],"picked":"SKIP","floor":3},{"not_picked":["Stack","Storm"],"picked":"Cold Snap","floor":6},{"not_picked":["Leap","Recycle"],"picked":"Conserve Battery","floor":7},{"not_picked":["Undo","Compile Driver"],"picked":"Chill","floor":8},{"not_picked":["Beam Cell","Conserve Battery"],"picked":"White Noise","floor":13},{"not_picked":["Tempest","Gash"],"picked":"Consume","floor":14},{"not_picked":["Multi-Cast","Biased Cognition"],"picked":"Creative AI","floor":16},{"not_picked":["Go for the Eyes","Barrage"],"picked":"Static Discharge+1","floor":18},{"not_picked":["Coolheaded","Conserve Battery+1"],"picked":"Cold Snap+1","floor":20}],"player_experience":494692,"relics_obtained":[{"floor":6,"key":"Mercury Hourglass"},{"floor":8,"key":"Gremlin Horn"},{"floor":9,"key":"Letter Opener"},{"floor":11,"key":"Smiling Mask"}],"event_choices":[{"damage_healed":0,"gold_gain":0,"player_choice":"Bought 0 Potions","damage_taken":0,"max_hp_gain":0,"max_hp_loss":0,"event_name":"The Woman in Blue","floor":4,"gold_loss":0},{"damage_healed":0,"gold_gain":0,"player_choice":"Grow","damage_taken":0,"max_hp_gain":0,"max_hp_loss":0,"event_name":"Living Wall","floor":12,"gold_loss":0,"cards_upgraded":["Chill"]},{"damage_healed":0,"gold_gain":0,"player_choice":"Ignored","damage_taken":0,"max_hp_gain":0,"max_hp_loss":0,"event_name":"Beggar","floor":19,"gold_loss":0},{"damage_healed":0,"gold_gain":0,"player_choice":"Fight","damage_taken":0,"max_hp_gain":0,"max_hp_loss":0,"event_name":"Colosseum","floor":22,"gold_loss":0},{"damage_healed":0,"gold_gain":0,"player_choice":"Fled From Nobs","damage_taken":0,"max_hp_gain":0,"max_hp_loss":0,"event_name":"Colosseum","floor":22,"gold_loss":0}],"is_beta":false,"boss_relics":[{"not_picked":["Fusion Hammer","Ectoplasm"],"picked":"Runic Pyramid"}],"items_purged_floors":[],"is_endless":false,"potions_floor_spawned":[1,7,13,14],"killed_by":"Book of Stabbing","ascension_level":9}