{"path_per_floor":["M","M","M","M","M","R","E","R","T","M","R","M","E","?","R","B",null,"M","$","M","M","?","R","E","M","T","M","R","E","M","M","R"],"character_chosen":"IRONCLAD","items_purchased":[],"gold_per_floor":[119,137,154,171,190,190,216,216,216,236,236,252,281,281,281,385,385,395,320,333,347,347,347,380,398,398,417,417,452,466,480,480],"floor_reached":33,"campfire_rested":0,"playtime":2071,"current_hp_per_floor":[73,78,79,76,70,70,62,62,62,64,64,66,68,73,73,38,85,81,81,81,76,61,61,40,39,39,33,33,22,24,26,26],"items_purged":["Defend_R"],"gold":480,"play_id":"d84d6e30-77f6-4383-99d8-5fe9014de692","is_prod":false,"is_daily":false,"is_ascension_mode":true,"campfire_upgraded":5,"path_taken":["M","M","M","M","M","R","E","R","T","M","R","M","E","?","R","BOSS","M","$","M","M","?","R","E","M","T","M","R","E","?","M","R","BOSS"],"build_version":"2018-01-25-PROD3","purchased_purges":1,"victory":false,"master_deck":["Strike_R","Strike_R","Strike_R","Strike_R","Strike_R","Defend_R","Defend_R","Defend_R","Bash","Headbutt","Clash","Clash+1","Inflame","Pommel Strike+1","Offering+1","Dual Wield+1","Reckless Charge","Cleave+1","Battle Trance+1","Burning Pact","Clash+1"],"max_hp_per_floor":[80,80,80,80,80,80,80,80,80,80,80,80,80,85,85,85,85,85,85,85,85,90,90,90,90,90,90,90,90,90,90,90],"relics":["Burning Blood","Orichalcum","Mummified Hand","Girya","Philosopher\u0027s Stone","Bag of Preparation","Vajra","Prayer Wheel"],"card_choices":[{"not_picked":["Clash","Fire Breathing"],"picked":"Headbutt"},{"not_picked":["Sword Boomerang","Bloodletting"],"picked":"Clash"},{"not_picked":["True Grit","Blood for Blood"],"picked":"Clash"},{"not_picked":["Searing Blow","Sentinel"],"picked":"Inflame"},{"not_picked":["Uppercut","Rage"],"picked":"Pommel Strike"},{"not_picked":["Uppercut","Perfected Strike"],"picked":"Offering"},{"not_picked":["Twin Strike","Shockwave"],"picked":"Dual Wield"},{"not_picked":["Infernal Blade","Armaments"],"picked":"Reckless Charge"},{"not_picked":["Sword Boomerang","Corruption"],"picked":"Cleave"},{"not_picked":["Searing Blow","Rampage"],"picked":"Battle Trance"},{"not_picked":["Armaments","Exhume"],"picked":"Burning Pact"},{"not_picked":["Demon Form","Shrug It Off"],"picked":"Clash"}],"player_experience":32314,"potions_floor_usage":[7,7,16,20,24,24,27,33],"damage_taken":[{"damage":13,"enemies":"Jaw Worm","floor":1,"turns":3},{"damage":1,"enemies":"Cultist","floor":2,"turns":3},{"damage":5,"enemies":"Small Slimes","floor":3,"turns":3},{"damage":9,"enemies":"3 Louse","floor":4,"turns":3},{"damage":12,"enemies":"Exordium Wildlife","floor":5,"turns":5},{"damage":14,"enemies":"Lagavulin","floor":7,"turns":4},{"damage":4,"enemies":"Exordium Thugs","floor":10,"turns":3},{"damage":4,"enemies":"2 Fungi Beasts","floor":12,"turns":2},{"damage":4,"enemies":"Gremlin Nob","floor":13,"turns":2},{"damage":41,"enemies":"Hexaghost","floor":16,"turns":4},{"damage":10,"enemies":"Shell Parasite","floor":18,"turns":2},{"damage":6,"enemies":"2 Thieves","floor":20,"turns":2},{"damage":11,"enemies":"Centurion and Healer","floor":21,"turns":2},{"damage":33,"enemies":"Book of Stabbing","floor":24,"turns":3},{"damage":7,"enemies":"3 Cultists","floor":25,"turns":3},{"damage":12,"enemies":"Slaver and Parasite","floor":27,"turns":2},{"damage":17,"enemies":"Slavers","floor":29,"turns":2},{"damage":4,"enemies":"Sentry and Sphere","floor":30,"turns":2},{"damage":4,"enemies":"Snake Plant","floor":31,"turns":1},{"damage":42,"enemies":"Collector","floor":33,"turns":2}],"event_choices":[{"event_name":"Big Fish","player_choice":"Donut","floor":14,"damage_taken":0},{"event_name":"Forgotten Altar","player_choice":"Shed Blood","floor":22,"damage_taken":0}],"boss_relics":[{"not_picked":["Velvet Choker","Runic Cube"],"picked":"Philosopher\u0027s Stone"}],"potions_floor_spawned":[2,5,7,12,16,21,24,31],"seed_played":"8841662664512422248","killed_by":"Collector","ascension_level":1,"is_trial":false}