{"path_per_floor":["M","M","M","M","?","R","M","?","T","M","$","R","?","T","R","B",null,"M","M","M","$","?","R","M","R","T","R","M","E"],"character_chosen":"THE_SILENT","items_purchased":["Bane","Poisoned Stab","Bouncing Flask"],"gold_per_floor":[110,126,142,152,102,102,116,191,214,232,67,67,67,67,67,168,168,183,201,213,39,39,39,52,52,105,105,124,158,158],"floor_reached":30,"campfire_rested":2,"playtime":2154,"current_hp_per_floor":[68,68,63,70,70,70,69,58,58,50,50,50,55,55,55,21,70,60,39,25,25,9,30,30,51,51,51,38,9,0],"items_purged":["Defend_G","Venomology"],"gold":158,"score":242,"play_id":"ca9d27de-39fa-4746-a97c-bbe01b491b54","local_time":"20180326121451","is_prod":false,"is_daily":false,"is_ascension_mode":false,"campfire_upgraded":4,"timestamp":1522059291,"path_taken":["M","?","M","?","?","R","M","?","T","M","?","R","?","?","R","BOSS","M","M","M","$","?","R","M","R","T","R","M","E","M"],"build_version":"2018-03-22v2","purchased_purges":2,"victory":false,"master_deck":["Defend_G","Defend_G","Defend_G","Defend_G","Strike_G","Strike_G","Strike_G","Strike_G","Survivor","Neutralize","Crippling Poison+1","Crippling Poison+1","Outmaneuver","Sucker Punch","Dagger Throw","Bane","Poisoned Stab+1","Predator","Bane","Skewer","Bouncing Flask+1","Necronomicurse","Catalyst+1","Poisoned Stab"],"max_hp_per_floor":[70,70,70,70,70,70,70,70,70,70,70,70,70,70,70,70,70,70,70,70,70,70,70,70,70,70,70,70,70,70],"relics":["Runic Dome","Prayer Wheel","Orichalcum","The Specimen","Necronomicon","Happy Flower","Ancient Tea Set"],"card_choices":[{"not_picked":["Heel Hook","Quick Slash"],"picked":"Crippling Poison","floor":1},{"not_picked":["Dagger Spray","Endless Agony"],"picked":"Acrobatics","floor":2},{"not_picked":["Caltrops","Distraction"],"picked":"Crippling Poison","floor":3},{"not_picked":["Choke","Dagger Throw"],"picked":"Outmaneuver","floor":4},{"not_picked":["Storm of Steel","Crippling Poison"],"picked":"Sucker Punch","floor":7},{"not_picked":["Cloak And Dagger","Prepared"],"picked":"Dagger Throw","floor":10},{"not_picked":["Dagger Throw","Underhanded Strike"],"picked":"Predator","floor":14},{"not_picked":["Tools of the Trade","A Thousand Cuts"],"picked":"Venomology","floor":16},{"not_picked":["All Out Attack","Dash"],"picked":"Bane","floor":19},{"not_picked":["Dagger Spray","Eviscerate"],"picked":"Skewer","floor":20},{"not_picked":["Cloak And Dagger","Dodge and Roll"],"picked":"Catalyst","floor":24},{"not_picked":["Acrobatics","Deadly Poison"],"picked":"Poisoned Stab","floor":28}],"player_experience":71164,"potions_floor_usage":[4,16,18,20,20,24,28,29,29,29],"damage_taken":[{"damage":2,"enemies":"Cultist","floor":1,"turns":5},{"damage":0,"enemies":"Small Slimes","floor":2,"turns":4},{"damage":5,"enemies":"2 Louse","floor":3,"turns":2},{"damage":8,"enemies":"Lots of Slimes","floor":4,"turns":6},{"damage":1,"enemies":"2 Fungi Beasts","floor":7,"turns":5},{"damage":8,"enemies":"3 Louse","floor":10,"turns":3},{"damage":34,"enemies":"Slime Boss","floor":16,"turns":12},{"damage":10,"enemies":"Shell Parasite","floor":18,"turns":4},{"damage":21,"enemies":"3 Byrds","floor":19,"turns":5},{"damage":14,"enemies":"Snake Plant","floor":20,"turns":3},{"damage":0,"enemies":"Snecko","floor":24,"turns":4},{"damage":25,"enemies":"Cultist and Chosen","floor":28,"turns":5},{"damage":29,"enemies":"Slavers","floor":29,"turns":5},{"damage":9,"enemies":"Snake Plant","floor":30,"turns":2}],"event_choices":[{"event_name":"The Cleric","player_choice":"Card Removal","floor":5,"damage_taken":0},{"event_name":"World of Goop","player_choice":"Gather Gold","floor":8,"damage_taken":0},{"event_name":"Bonfire Elementals","player_choice":"COMMON","floor":13,"damage_taken":0},{"event_name":"Cursed Tome","player_choice":"Obtained Book","floor":22,"damage_taken":0}],"boss_relics":[{"not_picked":["Cursed Key","Tiny House"],"picked":"The Specimen"}],"potions_floor_spawned":[1,2,4,16,19,20,24,28],"seed_played":"4521632816296415935","killed_by":"Snake Plant","ascension_level":0,"is_trial":false}