{"path_per_floor":["M","?","M","M","M","R","M","R","T","M","M","R","?","E","R","B",null,"M","M","M","?","?","R","M","R","T","M","M","M","R","M","R","B",null,"M","?","$","?","M","R","T","R","T","M","M","M","M","M","R"],"character_chosen":"THE_SILENT","items_purchased":["Girya","Pear","Bag of Preparation"],"gold_per_floor":[16,16,31,51,64,64,75,75,375,387,399,399,399,431,431,532,532,543,560,578,578,578,578,592,592,592,604,622,632,632,648,648,753,753,763,763,2,0,14,14,14,14,60,73,86,100,118,132,132],"floor_reached":50,"campfire_rested":3,"playtime":5706,"current_hp_per_floor":[68,61,59,58,55,55,55,55,55,55,55,55,41,31,52,10,70,58,55,44,80,80,80,80,80,80,69,59,49,49,46,70,21,80,55,55,65,65,52,52,52,52,52,44,41,41,23,22,49],"items_purged":["Expertise"],"gold":132,"score":429,"play_id":"ce064d9c-bdfa-4f08-b7c3-50580119c704","local_time":"20180304154506","is_prod":false,"is_daily":false,"is_ascension_mode":false,"campfire_upgraded":6,"timestamp":1520207106,"path_taken":["M","?","M","M","M","R","M","R","T","M","M","R","?","E","R","BOSS","M","?","M","?","?","R","M","R","T","M","M","M","R","M","R","BOSS","M","?","$","?","M","R","?","R","T","M","M","M","M","M","R","BOSS"],"build_version":"2018-03-01-PROD1","purchased_purges":1,"victory":false,"master_deck":["Defend_G+1","Defend_G+1","Defend_G+1","Defend_G+1","Defend_G+1","Survivor","Neutralize+1","Caltrops+1","Prepared+1","Flying Knee+1","Predator+1","Backflip+1","Sucker Punch","Cloak And Dagger","Quick Slash","A Thousand Cuts+1","Expertise+1","Tools of the Trade+1","Crippling Poison+1","Heel Hook","Dodge and Roll+1","Backflip","Masterful Stab","Dash+1","PiercingWail","Envenom","Well Laid Plans","PiercingWail","Doubt","Regret","Infinite Blades","Noxious Fumes","Prepared+1","Reflex+1"],"max_hp_per_floor":[70,70,70,70,70,70,70,70,70,70,70,70,70,70,70,70,70,70,70,70,80,80,80,80,80,80,80,80,80,80,80,80,80,80,80,80,90,90,90,90,90,90,90,90,90,90,90,90,90],"relics":["Ring of the Snake","Old Coin","Bottled Tornado","Astrolabe","Torii","Cursed Key","Girya","Pear","Bag of Preparation","Red Mask","Unceasing Top","Bag of Marbles"],"card_choices":[{"not_picked":["Bane","Malaise"],"picked":"Prepared"},{"not_picked":["Outmaneuver","Accuracy"],"picked":"Flying Knee"},{"not_picked":["Deflect","Dagger Spray"],"picked":"Predator"},{"not_picked":["Dagger Spray","Flechettes"],"picked":"Backflip"},{"not_picked":["Corpse Explosion","Flying Knee"],"picked":"Sucker Punch"},{"not_picked":["Deflect","Riddle With Holes"],"picked":"Cloak And Dagger"},{"not_picked":["Bane","Cloak And Dagger"],"picked":"Quick Slash"},{"not_picked":["Dagger Throw","Slice"],"picked":"Expertise"},{"not_picked":["Adrenaline","Night Terror"],"picked":"A Thousand Cuts"},{"not_picked":["PiercingWail","Catalyst"],"picked":"Heel Hook"},{"not_picked":["Dagger Spray","Flying Knee"],"picked":"Dodge and Roll"},{"not_picked":["Outmaneuver","All Out Attack"],"picked":"Backflip"},{"not_picked":["All Out Attack","Flying Knee"],"picked":"Masterful Stab"},{"not_picked":["Sucker Punch","Acrobatics"],"picked":"Dash"},{"not_picked":["Slice","Caltrops"],"picked":"PiercingWail"},{"not_picked":["Phantasmal Killer","Wraith Form"],"picked":"Envenom"},{"not_picked":["Backflip","Heel Hook"],"picked":"Well Laid Plans"},{"not_picked":["Eviscerate","Dagger Throw"],"picked":"PiercingWail"},{"not_picked":["Bouncing Flask","PiercingWail"],"picked":"Infinite Blades"},{"not_picked":["Finisher","Outmaneuver"],"picked":"Noxious Fumes"},{"not_picked":["Acrobatics","Flying Knee"],"picked":"Prepared"},{"not_picked":["Poisoned Stab","Flying Knee"],"picked":"Reflex"}],"player_experience":79826,"potions_floor_usage":[18,33,33,33,44,50,50,50],"damage_taken":[{"damage":2,"enemies":"Small Slimes","floor":1,"turns":4},{"damage":2,"enemies":"Cultist","floor":3,"turns":5},{"damage":1,"enemies":"2 Louse","floor":4,"turns":3},{"damage":3,"enemies":"2 Fungi Beasts","floor":5,"turns":3},{"damage":0,"enemies":"3 Louse","floor":7,"turns":6},{"damage":0,"enemies":"Gremlin Gang","floor":10,"turns":5},{"damage":0,"enemies":"Blue Slaver","floor":11,"turns":4},{"damage":10,"enemies":"Gremlin Nob","floor":14,"turns":3},{"damage":42,"enemies":"The Guardian","floor":16,"turns":10},{"damage":12,"enemies":"3 Byrds","floor":18,"turns":3},{"damage":3,"enemies":"Shell Parasite","floor":19,"turns":5},{"damage":11,"enemies":"Chosen and Byrds","floor":20,"turns":8},{"damage":0,"enemies":"Snake Plant","floor":24,"turns":8},{"damage":11,"enemies":"Sentry and Sphere","floor":27,"turns":8},{"damage":10,"enemies":"Slaver and Parasite","floor":28,"turns":7},{"damage":10,"enemies":"Snecko","floor":29,"turns":5},{"damage":3,"enemies":"Centurion and Healer","floor":31,"turns":9},{"damage":49,"enemies":"Collector","floor":33,"turns":13},{"damage":25,"enemies":"3 Darklings","floor":35,"turns":5},{"damage":13,"enemies":"3 Shapes","floor":39,"turns":4},{"damage":17,"enemies":"Maw","floor":44,"turns":9},{"damage":3,"enemies":"4 Shapes","floor":45,"turns":4},{"damage":0,"enemies":"Sphere and 2 Shapes","floor":46,"turns":6},{"damage":18,"enemies":"Maw","floor":47,"turns":7},{"damage":1,"enemies":"3 Darklings","floor":48,"turns":5},{"damage":76,"enemies":"Awakened One","floor":50,"turns":10}],"event_choices":[{"event_name":"Wheel of Change","player_choice":"Damage","floor":2,"damage_taken":0},{"event_name":"Shining Light","player_choice":"Entered Light","floor":13,"damage_taken":0},{"event_name":"Bonfire Elementals","player_choice":"RARE","floor":21,"damage_taken":0},{"event_name":"Back to Basics","player_choice":"Simplicity","floor":22,"damage_taken":0},{"event_name":"Mysterious Sphere","player_choice":"Ignore","floor":36,"damage_taken":0},{"event_name":"Tomb of Lord Red Mask","player_choice":"Paid","floor":38,"damage_taken":0}],"boss_relics":[{"not_picked":["Tiny House","Orrery"],"picked":"Astrolabe"},{"not_picked":["Sozu","Velvet Choker"],"picked":"Cursed Key"}],"potions_floor_spawned":[7,11,14,16,18,20,24,33,35,39,45,48],"seed_played":"-1290896062640287188","killed_by":"Awakened One","ascension_level":0,"is_trial":false}