{"path_per_floor":["M","?","$","?","M","M","R","M","T","?","M","?","M","M","R","B",null,"M","?","M","?","M","R","M","R","T","M"],"character_chosen":"THE_SILENT","items_purchased":[],"gold_per_floor":[117,117,117,117,140,160,160,139,139,139,164,164,189,208,208,337,337,337,337,277,277,277,277,277,277,277,277,277],"floor_reached":28,"campfire_rested":3,"playtime":2048,"current_hp_per_floor":[67,67,67,67,65,64,64,52,52,49,41,41,39,34,55,2,70,56,56,42,42,3,24,15,36,36,4,0],"items_purged":[],"gold":277,"score":214,"play_id":"a90f115e-6e7c-40af-9645-03abbafe6d79","local_time":"20180412175118","is_prod":false,"is_daily":false,"is_ascension_mode":false,"campfire_upgraded":1,"timestamp":1523551878,"path_taken":["M","?","?","?","M","?","R","?","T","?","M","?","M","M","R","BOSS","M","?","M","?","M","R","?","R","T","M","M"],"build_version":"2018-04-05v2","purchased_purges":0,"victory":false,"master_deck":["Defend_G","Defend_G","Defend_G","Defend_G","Defend_G","Strike_G","Strike_G","Strike_G","Strike_G","Strike_G","Survivor","Neutralize+1","Blade Dance","Injury","Prepared","Well Laid Plans","Dagger Throw","Blade Dance","Dodge and Roll","Infinite Blades","After Image","Noxious Fumes","Escape Plan","Underhanded Strike","Dagger Throw+1","Finisher+1"],"max_hp_per_floor":[70,70,70,70,70,70,70,70,70,70,70,70,70,70,70,70,70,70,70,70,70,70,70,70,70,70,70,70],"relics":["Sozu","Toolbox","Golden Idol","Orichalcum","Bronze Scales","Ectoplasm","Bag of Marbles"],"card_choices":[{"not_picked":["Heel Hook","Outmaneuver"],"picked":"Blade Dance","floor":1},{"not_picked":["Flechettes","Deadly Poison"],"picked":"Prepared","floor":5},{"not_picked":["Outmaneuver","Sucker Punch"],"picked":"Well Laid Plans","floor":6},{"not_picked":["Outmaneuver","Bouncing Flask"],"picked":"Dagger Throw","floor":8},{"not_picked":["Flying Knee","Slice"],"picked":"Blade Dance","floor":11},{"not_picked":["Deadly Poison","Acrobatics"],"picked":"Dodge and Roll","floor":13},{"not_picked":["Heel Hook","Sucker Punch"],"picked":"Infinite Blades","floor":14},{"not_picked":["Tactician","A Thousand Cuts"],"picked":"After Image","floor":16},{"not_picked":["Outmaneuver","Calculated Gamble"],"picked":"Noxious Fumes","floor":18},{"not_picked":["All Out Attack","Masterful Stab"],"picked":"Escape Plan","floor":20},{"not_picked":["Catalyst","Riddle With Holes"],"picked":"Underhanded Strike","floor":22},{"not_picked":["Well Laid Plans","Backflip"],"picked":"Dagger Throw","floor":24},{"not_picked":["Prepared","Underhanded Strike"],"picked":"Finisher","floor":27}],"player_experience":47328,"potions_floor_usage":[],"damage_taken":[{"damage":3,"enemies":"2 Louse","floor":1,"turns":3},{"damage":2,"enemies":"Jaw Worm","floor":5,"turns":3},{"damage":1,"enemies":"Cultist","floor":6,"turns":4},{"damage":12,"enemies":"Exordium Thugs","floor":8,"turns":7},{"damage":8,"enemies":"Large Slime","floor":11,"turns":6},{"damage":2,"enemies":"Looter","floor":13,"turns":3},{"damage":5,"enemies":"Exordium Thugs","floor":14,"turns":5},{"damage":53,"enemies":"Slime Boss","floor":16,"turns":15},{"damage":14,"enemies":"Spheric Guardian","floor":18,"turns":5},{"damage":14,"enemies":"2 Thieves","floor":20,"turns":4},{"damage":39,"enemies":"Chosen and Byrds","floor":22,"turns":9},{"damage":9,"enemies":"Centurion and Healer","floor":24,"turns":8},{"damage":32,"enemies":"Cultist and Chosen","floor":27,"turns":6},{"damage":10,"enemies":"3 Cultists","floor":28,"turns":3}],"event_choices":[{"event_name":"Big Fish","player_choice":"Box","floor":2,"damage_taken":0},{"event_name":"Golden Idol","player_choice":"Take Wound","floor":4,"damage_taken":0},{"event_name":"Scrap Ooze","player_choice":"success","floor":10,"damage_taken":3},{"event_name":"Wheel of Change","player_choice":"Card Removal","floor":12,"damage_taken":0},{"event_name":"Drug Dealer","player_choice":"Ignored","floor":19,"damage_taken":0},{"event_name":"Ghosts","player_choice":"Ignored","floor":21,"damage_taken":0}],"boss_relics":[{"not_picked":["Black Star","Astrolabe"],"picked":"Ectoplasm"}],"potions_floor_spawned":[1,6,8,16,18,20],"seed_played":"1905400092052194361","killed_by":"3 Cultists","ascension_level":0,"is_trial":false}