{"path_per_floor":["M","M","?","?","$","R","E","R","T","M","R","E","M","$","R","B",null,"M","M","M","?","?","R","E","R","T","$","R","E","?","$","R"],"character_chosen":"THE_SILENT","items_purchased":["Matryoshka","Infinite Blades","Terror","Well Laid Plans","Outmaneuver"],"gold_per_floor":[113,125,225,305,11,11,37,37,37,50,50,84,102,35,35,135,135,151,162,176,176,126,126,160,160,184,41,41,72,72,25,25,25],"floor_reached":33,"campfire_rested":3,"playtime":1683,"current_hp_per_floor":[58,58,58,58,58,58,34,55,55,55,55,54,34,34,55,55,66,61,53,50,50,50,50,28,49,49,49,49,49,35,35,35,0],"items_purged":["Clumsy"],"gold":25,"score":614,"play_id":"23771576-1652-430f-b367-c4c2cbbd6dd6","local_time":"20180413101419","is_prod":false,"is_daily":false,"chose_seed":false,"is_ascension_mode":true,"campfire_upgraded":5,"timestamp":1523607259,"path_taken":["M","M","?","?","$","R","E","R","T","M","R","E","?","$","R","BOSS","M","M","M","?","?","R","E","R","T","$","R","E","?","?","R","BOSS"],"build_version":"2018-04-12","seed_source_timestamp":85890191273419,"purchased_purges":3,"victory":false,"master_deck":["Defend_G","Defend_G","Defend_G","Defend_G","Defend_G","Strike_G","Strike_G","Strike_G","Strike_G","Strike_G","Survivor","Neutralize+1","AscendersBane","Predator","Slice","Infinite Blades+1","Blur","Backflip","Doppelganger","Deadly Poison","Terror","Skewer+1","Glass Knife+1","PiercingWail","PiercingWail+1","Outmaneuver","Malaise+1","Flying Knee","Wraith Form v2+1","Well Laid Plans+1","Ghostly","Ghostly","Ghostly","Ghostly","Ghostly","Outmaneuver"],"max_hp_per_floor":[70,70,70,70,70,70,70,70,70,70,70,70,70,70,70,70,70,70,70,70,70,70,70,70,70,70,70,70,70,35,35,35,35],"relics":["Ring of the Snake","Matryoshka","Bronze Scales","Happy Flower","Dream Catcher","Frozen Egg 2","Cursed Key","Thread and Needle","Orichalcum","Juzu Bracelet","Art of War"],"card_choices":[{"not_picked":["Footwork","Catalyst"],"picked":"Predator","floor":1},{"not_picked":["Masterful Stab","Prepared"],"picked":"Slice","floor":2},{"not_picked":["Sucker Punch","Caltrops"],"picked":"Blur","floor":7},{"not_picked":["Prepared","Dodge and Roll"],"picked":"Backflip","floor":10},{"not_picked":["Eviscerate","Dagger Spray"],"picked":"Doppelganger","floor":12},{"not_picked":["Prepared","Dagger Throw"],"picked":"Deadly Poison","floor":13},{"not_picked":["Slice","Terror"],"picked":"Skewer","floor":15},{"not_picked":["Wraith Form v2","Doppelganger"],"picked":"Glass Knife","floor":16},{"not_picked":["Skewer","Prepared"],"picked":"PiercingWail","floor":18},{"not_picked":["Catalyst","Dodge and Roll"],"picked":"PiercingWail","floor":19},{"not_picked":["Prepared","Acrobatics"],"picked":"Outmaneuver","floor":20},{"not_picked":["Bane","Concentrate"],"picked":"Flying Knee","floor":24},{"not_picked":["Heel Hook","Calculated Gamble"],"picked":"Wraith Form v2","floor":25}],"player_experience":303248,"potions_floor_usage":[12,12,24,29,33,33],"damage_taken":[{"damage":5,"enemies":"Jaw Worm","floor":1,"turns":9},{"damage":0,"enemies":"Cultist","floor":2,"turns":4},{"damage":24,"enemies":"Gremlin Nob","floor":7,"turns":5},{"damage":0,"enemies":"2 Louse","floor":10,"turns":3},{"damage":13,"enemies":"Lagavulin","floor":12,"turns":6},{"damage":20,"enemies":"Exordium Wildlife","floor":13,"turns":5},{"damage":0,"enemies":"Hexaghost","floor":16,"turns":9},{"damage":5,"enemies":"Chosen","floor":18,"turns":5},{"damage":8,"enemies":"3 Byrds","floor":19,"turns":3},{"damage":3,"enemies":"Snecko","floor":20,"turns":4},{"damage":22,"enemies":"Gremlin Leader","floor":24,"turns":8},{"damage":0,"enemies":"Book of Stabbing","floor":29,"turns":5},{"damage":48,"enemies":"Automaton","floor":33,"turns":6}],"event_choices":[{"event_name":"Golden Shrine","player_choice":"Pray","floor":3,"damage_taken":0},{"event_name":"Golden Wing","player_choice":"Gained Gold","floor":4,"damage_taken":0},{"event_name":"The Library","player_choice":"Read","floor":21,"damage_taken":0},{"event_name":"The Joust","player_choice":"Bet on Murderer","floor":22,"damage_taken":0},{"event_name":"Ghosts","player_choice":"Became a Ghost","floor":30,"damage_taken":0}],"boss_relics":[{"not_picked":["Snecko Eye","Lizard Tail"],"picked":"Cursed Key"}],"potions_floor_spawned":[1,2,10,16,20,29],"seed_played":"5969725763710963048","killed_by":"Automaton","ascension_level":11,"is_trial":false}