{"path_per_floor":["M","?","M","M","M","R","M","M","T","R","$","R","E","$","R","B",null,"M","?","M","M","$","R","?","E","T","R","$","R","M","?","R","B",null,"M","M","?","$","?","E","M","R","T","T","M","M","R","$","R"],"character_chosen":"DEFECT","items_purchased":["Bag of Marbles","Cold Snap","Leap","Axe Kick","Lee\u0027s Waffle"],"gold_per_floor":[117,117,132,142,156,156,170,185,260,260,34,34,63,39,39,143,143,158,158,173,183,8,8,8,42,110,110,110,110,127,127,127,222,222,236,253,253,49,49,80,92,92,116,140,157,171,171,46,46,46],"floor_reached":50,"campfire_rested":5,"playtime":2094,"current_hp_per_floor":[75,75,75,75,65,65,57,47,47,47,47,47,22,22,44,25,63,56,56,50,35,35,35,35,10,10,47,47,47,35,19,56,7,58,51,6,6,82,82,45,15,54,54,54,54,30,69,69,69,0],"items_purged":["Strike_B","Strike_B","Decay"],"gold":46,"score":613,"play_id":"9a003854-8bf1-47e8-ad4c-195fe2892db4","local_time":"20180511190313","is_prod":false,"is_daily":false,"chose_seed":false,"is_ascension_mode":true,"campfire_upgraded":6,"timestamp":1526058193,"path_taken":["M","?","M","M","M","R","M","M","T","R","$","R","E","$","R","BOSS","M","?","M","?","$","R","?","E","T","R","$","R","M","?","R","BOSS","M","M","?","$","?","E","?","R","T","?","M","M","R","$","R","BOSS"],"build_version":"2018-05-10","seed_source_timestamp":117849954919916,"purchased_purges":4,"victory":false,"master_deck":["Strike_B","Defend_B","Defend_B","Defend_B","Defend_B","Zap+1","Dualcast+1","Go for the Eyes+1","Cold Snap","Cold Snap","Rainbow+1","Machine Learning+1","Cold Snap+1","Beam Cell+1","Scrape","Auto Shields","Chaos+1","Leap+1","Axe Kick","Reinforced Body","Necronomicurse","Fission+1","Parasite","Injury","White Noise","Doom and Gloom+1","Machine Learning","Darkness+1","Rainbow"],"max_hp_per_floor":[75,75,75,75,75,75,75,75,75,75,75,75,75,75,75,75,75,75,75,75,75,75,75,75,75,75,75,75,75,75,75,75,75,75,75,75,75,82,82,82,82,82,82,82,82,82,82,82,82,82],"relics":["Cracked Core","Symbiotic Virus","Bag of Marbles","Ornamental Fan","Astrolabe","Ice Cream","Regal Pillow","Molten Egg 2","Necronomicon","Calling Bell","Bronze Scales","Pantograph","Thread and Needle","Lee\u0027s Waffle","Vajra","Orichalcum","Anchor"],"card_choices":[{"not_picked":["Cold Snap","Steam"],"picked":"Streamline","floor":1},{"not_picked":["Amplify","Coolheaded"],"picked":"Go for the Eyes","floor":3},{"not_picked":["Impulse","Sunder"],"picked":"Cold Snap","floor":4},{"not_picked":["Heatsinks","Skim"],"picked":"Force Field","floor":7},{"not_picked":["Reboot","Seek"],"picked":"Rainbow","floor":16},{"not_picked":["White Noise","FTL"],"picked":"Scrape","floor":18},{"not_picked":["Sweeping Beam","Axe Kick"],"picked":"Auto Shields","floor":20},{"not_picked":["Undo","Turbo"],"picked":"Chaos","floor":21},{"not_picked":["Tempest","Cold Snap"],"picked":"Reinforced Body","floor":25},{"not_picked":["Buffer","Meteor Strike"],"picked":"Fission","floor":33},{"not_picked":["Cold Snap","Capacitor"],"picked":"White Noise","floor":35},{"not_picked":["Streamline","White Noise"],"picked":"Doom and Gloom","floor":36},{"not_picked":["Chaos","Reprogram"],"picked":"Darkness","floor":40},{"not_picked":["Storm","Capacitor"],"picked":"Rainbow","floor":45}],"player_experience":64160,"potions_floor_usage":[16,18,33,33,33,50,50],"damage_taken":[{"damage":0,"enemies":"Jaw Worm","floor":1,"turns":3},{"damage":0,"enemies":"Cultist","floor":3,"turns":3},{"damage":0,"enemies":"2 Louse","floor":4,"turns":2},{"damage":10,"enemies":"2 Fungi Beasts","floor":5,"turns":3},{"damage":8,"enemies":"Looter","floor":7,"turns":2},{"damage":10,"enemies":"3 Louse","floor":8,"turns":4},{"damage":25,"enemies":"Gremlin Nob","floor":13,"turns":4},{"damage":19,"enemies":"Slime Boss","floor":16,"turns":9},{"damage":7,"enemies":"3 Byrds","floor":18,"turns":4},{"damage":6,"enemies":"Shell Parasite","floor":20,"turns":3},{"damage":15,"enemies":"Cultist and Chosen","floor":21,"turns":6},{"damage":25,"enemies":"Book of Stabbing","floor":25,"turns":7},{"damage":12,"enemies":"Snake Plant","floor":30,"turns":3},{"damage":49,"enemies":"Automaton","floor":33,"turns":12},{"damage":7,"enemies":"Orb Walker","floor":35,"turns":3},{"damage":45,"enemies":"3 Darklings","floor":36,"turns":7},{"damage":44,"enemies":"Nemesis","floor":40,"turns":11},{"damage":30,"enemies":"4 Shapes","floor":41,"turns":3},{"damage":0,"enemies":"Spire Growth","floor":45,"turns":4},{"damage":24,"enemies":"Maw","floor":46,"turns":9},{"damage":86,"enemies":"Donu and Deca","floor":50,"turns":6}],"event_choices":[{"event_name":"Accursed Blacksmith","player_choice":"Forge","floor":2,"damage_taken":0},{"event_name":"The Mausoleum","player_choice":"Yes","floor":19,"damage_taken":0},{"event_name":"Addict","player_choice":"Ignored","floor":24,"damage_taken":0},{"event_name":"Cursed Tome","player_choice":"Obtained Book","floor":31,"damage_taken":0},{"event_name":"Match and Keep!","player_choice":"1 cards matched","floor":39,"damage_taken":0}],"boss_relics":[{"not_picked":["Cursed Key","Black Star"],"picked":"Astrolabe"},{"not_picked":["Velvet Choker","Inserter"],"picked":"Calling Bell"}],"potions_floor_spawned":[5,7,13,16,18,25,30,35,36,46],"seed_played":"-9195983925821483144","killed_by":"Donu and Deca","ascension_level":5,"is_trial":false}