{"gold_per_floor":[113,113,133,143,66,66,93,93,147,162,174,174,249,274,274,274,274,294,74,74,85,85,85,5,22,22,22,40,53,134,165,165,266,266,276,293,94,140,156,156,191,204,256,256,275,275,290,318,318,318,318,318,44,76,76],"floor_reached":55,"playtime":3694,"items_purged":["Strike_G","Strike_G"],"score":792,"play_id":"e2541a11-3c06-4156-be9d-84429c4039d9","local_time":"20190304215613","is_ascension_mode":true,"campfire_choices":[{"data":"Neutralize","floor":6,"key":"SMITH"},{"floor":8,"key":"REST"},{"floor":12,"key":"REST"},{"data":"Footwork","floor":15,"key":"SMITH"},{"floor":23,"key":"RECALL"},{"data":"Dodge and Roll","floor":32,"key":"SMITH"},{"floor":40,"key":"REST"},{"floor":46,"key":"REST"},{"data":"Envenom","floor":49,"key":"SMITH"},{"data":"Infinite Blades","floor":52,"key":"SMITH"}],"neow_cost":"NONE","seed_source_timestamp":437612621391,"circlet_count":0,"master_deck":["Defend_G","Defend_G","Defend_G","Defend_G","Defend_G","Strike_G+1","Strike_G","Survivor","Neutralize+1","Cloak And Dagger","Footwork+1","Skewer","Cloak And Dagger","Blade Dance","Dodge and Roll+1","Blade Dance","Cloak And Dagger","Malaise","Cloak And Dagger+1","Prepared","Dark Shackles","Infinite Blades+1","Blur+1","Infinite Blades","Terror+1","PiercingWail+1","Envenom+1","Crippling Poison+1","Distraction+1","Calculated Gamble","Choke","Acrobatics+1","Backflip+1","Calculated Gamble","Catalyst","A Thousand Cuts"],"relics":["Sozu","Potion Belt","Vajra","Shuriken","Eternal Feather","MutagenicStrength","Ninja Scroll","Snake Skull","HandDrill","Torii","Question Card","Smiling Mask","Ornamental Fan","Lantern","Unceasing Top"],"potions_floor_usage":[],"damage_taken":[{"damage":0,"enemies":"Small Slimes","floor":1,"turns":3},{"damage":0,"enemies":"Jaw Worm","floor":3,"turns":4},{"damage":0,"enemies":"2 Louse","floor":4,"turns":3},{"damage":38,"enemies":"Gremlin Nob","floor":7,"turns":5},{"damage":0,"enemies":"Large Slime","floor":10,"turns":5},{"damage":8,"enemies":"Exordium Thugs","floor":11,"turns":4},{"damage":3,"enemies":"3 Sentries","floor":14,"turns":8},{"damage":13,"enemies":"The Guardian","floor":16,"turns":8},{"damage":5,"enemies":"Shell Parasite","floor":18,"turns":5},{"damage":7,"enemies":"3 Byrds","floor":21,"turns":5},{"damage":9,"enemies":"Snecko","floor":25,"turns":6},{"damage":3,"enemies":"Snake Plant","floor":28,"turns":7},{"damage":6,"enemies":"Centurion and Healer","floor":29,"turns":6},{"damage":13,"enemies":"Slavers","floor":31,"turns":6},{"damage":46,"enemies":"Automaton","floor":33,"turns":9},{"damage":4,"enemies":"3 Shapes","floor":35,"turns":4},{"damage":5,"enemies":"Orb Walker","floor":36,"turns":2},{"damage":37,"enemies":"2 Orb Walkers","floor":38,"turns":5},{"damage":0,"enemies":"Transient","floor":39,"turns":5},{"damage":20,"enemies":"Reptomancer","floor":41,"turns":7},{"damage":15,"enemies":"Spire Growth","floor":42,"turns":4},{"damage":5,"enemies":"4 Shapes","floor":45,"turns":4},{"damage":2,"enemies":"3 Darklings","floor":47,"turns":4},{"damage":20,"enemies":"Giant Head","floor":48,"turns":7},{"damage":43,"enemies":"Donu and Deca","floor":50,"turns":11},{"damage":59,"enemies":"Shield and Spear","floor":54,"turns":7},{"damage":54,"enemies":"The Heart","floor":55,"turns":2}],"seed_played":"-8445105985971715208","potions_obtained":[],"is_trial":false,"path_per_floor":["M","?","M","M","$","R","E","R","T","M","M","R","?","E","R","B",null,"M","$","?","M","?","R","$","M","T","?","M","M","T","E","R","B",null,"M","M","$","?","M","R","E","M","T","?","M","R","M","E","R","B",null,"R","$","E","B"],"character_chosen":"THE_SILENT","items_purchased":["Cloak And Dagger","Blade Dance","Prepared","Dark Shackles","Infinite Blades","HandDrill","Catalyst","Lantern"],"campfire_rested":4,"item_purchase_floors":[5,5,19,19,24,37,53,53],"current_hp_per_floor":[70,56,56,56,56,56,18,39,39,39,31,52,41,38,38,25,70,65,65,65,58,58,70,70,61,61,61,58,52,52,39,54,8,70,66,61,61,24,24,63,43,28,28,28,23,62,60,40,61,18,70,70,70,11,0],"gold":76,"neow_bonus":"BOSS_RELIC","is_prod":false,"is_daily":false,"chose_seed":false,"campfire_upgraded":5,"win_rate":0,"timestamp":1551736573,"path_taken":["M","?","M","M","?","R","E","R","T","M","M","R","?","E","R","BOSS","M","$","?","M","?","R","$","?","T","?","M","M","?","E","R","BOSS","M","?","?","?","M","R","E","M","T","?","M","R","M","E","R","BOSS","R","$","E","BOSS"],"build_version":"2019-01-23","purchased_purges":2,"victory":false,"max_hp_per_floor":[70,70,70,70,70,70,70,70,70,70,70,70,70,70,70,70,70,70,70,70,70,70,70,70,70,70,70,70,70,70,70,70,70,70,70,70,70,70,70,70,70,70,70,70,70,70,70,70,70,70,70,70,70,70,70],"card_choices":[{"not_picked":["Riddle With Holes","Deflect"],"picked":"Cloak And Dagger","floor":1},{"not_picked":["Dagger Spray","Escape Plan"],"picked":"Footwork","floor":3},{"not_picked":["Tactician","Caltrops"],"picked":"Skewer","floor":4},{"not_picked":["Flying Knee","Calculated Gamble"],"picked":"Dodge and Roll","floor":7},{"not_picked":["Backstab","Bane"],"picked":"Blade Dance","floor":10},{"not_picked":["Masterful Stab","Sucker Punch","Slice"],"picked":"SKIP","floor":11},{"not_picked":["Dagger Throw","Sucker Punch"],"picked":"Cloak And Dagger","floor":14},{"not_picked":["Doppelganger","Adrenaline"],"picked":"Malaise","floor":16},{"not_picked":["Backflip","Acrobatics"],"picked":"Cloak And Dagger+1","floor":18},{"not_picked":["Masterful Stab","Bane+1","Setup"],"picked":"SKIP","floor":21},{"not_picked":["Predator+1","Noxious Fumes"],"picked":"Blur+1","floor":25},{"not_picked":["Deadly Poison","Deflect"],"picked":"Infinite Blades","floor":28},{"not_picked":["Sucker Punch+1","Blade Dance"],"picked":"Terror+1","floor":29},{"not_picked":["Slice+1","Flying Knee"],"picked":"PiercingWail+1","floor":31},{"not_picked":["Venomology","Die Die Die"],"picked":"Envenom","floor":33},{"not_picked":["Masterful Stab","Bane+1"],"picked":"Crippling Poison+1","floor":35},{"not_picked":["Well Laid Plans","Poisoned Stab+1"],"picked":"Distraction+1","floor":36},{"not_picked":["Deadly Poison","Flying Knee+1"],"picked":"Calculated Gamble","floor":39},{"not_picked":["Glass Knife","Deadly Poison"],"picked":"Choke","floor":41},{"not_picked":["PiercingWail","Dagger Throw+1","Eviscerate","Deflect"],"picked":"SKIP","floor":42},{"not_picked":["Caltrops","Flying Knee","Reflex"],"picked":"Acrobatics+1","floor":45},{"not_picked":["Skewer+1","Acrobatics+1","PiercingWail"],"picked":"Backflip+1","floor":47},{"not_picked":["Deflect+1","Dagger Spray","Bane"],"picked":"Calculated Gamble","floor":48},{"not_picked":["Slice","Riddle With Holes","Bane"],"picked":"A Thousand Cuts","floor":54}],"player_experience":198017,"relics_obtained":[{"floor":7,"key":"Potion Belt"},{"floor":9,"key":"Vajra"},{"floor":14,"key":"Shuriken"},{"floor":30,"key":"Ninja Scroll"},{"floor":31,"key":"Snake Skull"},{"floor":38,"key":"Torii"},{"floor":41,"key":"Question Card"},{"floor":43,"key":"Smiling Mask"},{"floor":48,"key":"Ornamental Fan"},{"floor":54,"key":"Unceasing Top"}],"event_choices":[{"damage_healed":0,"gold_gain":0,"player_choice":"Entered Light","damage_taken":14,"max_hp_gain":0,"max_hp_loss":0,"event_name":"Shining Light","floor":2,"gold_loss":0,"cards_upgraded":["Strike_G","Strike_G"]},{"damage_healed":0,"gold_gain":75,"player_choice":"Gather Gold","damage_taken":11,"max_hp_gain":0,"max_hp_loss":0,"event_name":"World of Goop","floor":13,"gold_loss":0},{"damage_healed":0,"gold_gain":0,"player_choice":"Inject Mutagens","damage_taken":0,"relics_obtained":["MutagenicStrength"],"max_hp_gain":0,"max_hp_loss":0,"event_name":"Drug Dealer","floor":20,"gold_loss":0},{"damage_healed":0,"gold_gain":0,"player_choice":"Got Potions","damage_taken":0,"max_hp_gain":0,"max_hp_loss":0,"event_name":"Lab","floor":22,"gold_loss":0},{"damage_healed":0,"gold_gain":0,"player_choice":"Fight","damage_taken":0,"max_hp_gain":0,"max_hp_loss":0,"event_name":"Mysterious Sphere","floor":38,"gold_loss":0},{"cards_removed":["Strike_G"],"damage_healed":0,"gold_gain":0,"player_choice":"Removed Attack","damage_taken":0,"max_hp_gain":0,"max_hp_loss":0,"event_name":"Falling","floor":44,"gold_loss":0}],"is_beta":false,"boss_relics":[{"not_picked":["Philosopher\u0027s Stone","Calling Bell"],"picked":"Eternal Feather"},{"not_picked":["Runic Pyramid","Velvet Choker","Coffee Dripper"]}],"items_purged_floors":[19,53],"is_endless":false,"potions_floor_spawned":[1,4,7,21,29,31,35,39,48],"killed_by":"The Heart","ascension_level":1}