{"gold_per_floor":[111,111,121,134,134,169,169,26,52,52,52,82,100,112,112,186,186,205,236,151,135,146,146,161,161,188,188,188,56,56,69,69,143,143,153,27,27,27,27,27,45,58,127,127,45,45,45,72,72,72,72,72,49,82,82],"floor_reached":55,"playtime":6719,"items_purged":["Decay"],"score":1307,"play_id":"077d759a-6f0a-4ea7-9ec7-1b05015c6aa1","local_time":"20190106220503","is_ascension_mode":true,"campfire_choices":[{"floor":7.0,"key":"REST"},{"floor":10.0,"key":"REST"},{"floor":15.0,"key":"REST"},{"floor":23.0,"key":"REST"},{"floor":27.0,"key":"REST"},{"floor":32.0,"key":"REST"},{"floor":40.0,"key":"RECALL"},{"floor":44.0,"key":"DIG"},{"floor":47.0,"key":"DIG"},{"data":"Buffer","floor":49,"key":"SMITH"},{"floor":52,"key":"DIG"}],"neow_cost":"PERCENT_DAMAGE","seed_source_timestamp":0,"circlet_count":0,"master_deck":["AscendersBane","Defend_B","Defend_B","Defend_B","Dualcast","Buffer","Beam Cell","Go for the Eyes","Cold Snap","White Noise","Echo Form","Conserve Battery","Loop","Coolheaded","Core Surge","Electrodynamics","BootSequence","Sunder","Buffer+1","Capacitor","Cold Snap","Ball Lightning","Biased Cognition+1","Barrage+1","Tempest+1","Heatsinks+1","Defragment+1","Defragment+1","Coolheaded","Conserve Battery","Hologram+1","Leap+1"],"special_seed":0,"relics":["Cracked Core","Potion Belt","Regal Pillow","Singing Bowl","Shovel","Sozu","Red Mask","The Courier","Ancient Tea Set","Frozen Egg 2","Astrolabe","Anchor","Toxic Egg 2","Bag of Marbles","Bottled Tornado","Pocketwatch"],"potions_floor_usage":[],"damage_taken":[{"damage":1.0,"enemies":"Small Slimes","floor":1.0,"turns":5.0},{"damage":0.0,"enemies":"Jaw Worm","floor":3.0,"turns":3.0},{"damage":3.0,"enemies":"2 Louse","floor":4.0,"turns":3.0},{"damage":23.0,"enemies":"3 Sentries","floor":6.0,"turns":12.0},{"damage":52.0,"enemies":"Gremlin Nob","floor":12.0,"turns":5.0},{"damage":0.0,"enemies":"Large Slime","floor":13.0,"turns":5.0},{"damage":1.0,"enemies":"Looter","floor":14.0,"turns":4.0},{"damage":0.0,"enemies":"Slime Boss","floor":16.0,"turns":12.0},{"damage":11.0,"enemies":"3 Byrds","floor":18.0,"turns":4.0},{"damage":37.0,"enemies":"Masked Bandits","floor":19.0,"turns":5.0},{"damage":11.0,"enemies":"2 Thieves","floor":21.0,"turns":4.0},{"damage":5.0,"enemies":"3 Cultists","floor":22.0,"turns":6.0},{"damage":26.0,"enemies":"Snake Plant","floor":24.0,"turns":5.0},{"damage":17.0,"enemies":"Centurion and Healer","floor":31.0,"turns":6.0},{"damage":19.0,"enemies":"Automaton","floor":33.0,"turns":8.0},{"damage":13.0,"enemies":"3 Shapes","floor":35.0,"turns":3.0},{"damage":0.0,"enemies":"Orb Walker","floor":41.0,"turns":3.0},{"damage":0.0,"enemies":"Transient","floor":42.0,"turns":5.0},{"damage":0,"enemies":"Giant Head","floor":48,"turns":10},{"damage":32,"enemies":"Donu and Deca","floor":50,"turns":8},{"damage":33,"enemies":"Shield and Spear","floor":54,"turns":7},{"damage":86,"enemies":"The Heart","floor":55,"turns":3}],"seed_played":"-6927716152934835373","potions_obtained":[{"floor":4.0,"key":"AttackPotion"},{"floor":6.0,"key":"SkillPotion"},{"floor":14.0,"key":"SkillPotion"}],"is_trial":false,"path_per_floor":["M","?","M","M","?","E","R","$","T","R","?","E","M","M","R","B",null,"M","?","?","M","M","R","M","?","T","R","?","$","T","M","R","B",null,"M","$","?","$","?","R","M","M","T","R","$","?","R","E","R","B",null,"R","$","E","B"],"character_chosen":"DEFECT","items_purchased":["Echo Form","Conserve Battery","Capacitor","Cold Snap","Defragment+1","Defragment+1","Coolheaded","Conserve Battery","Hologram+1"],"campfire_rested":6,"item_purchase_floors":[8,8,29,29,36,36,45,45,53],"current_hp_per_floor":[45,45,45,42,35,12,33,33,33,69,64,12,12,11,47,47,65,56,19,19,8,5,42,16,16,16,53,53,53,53,36,73,54,70,59,59,59,59,59,59,61,63,63,63,63,63,63,65,65,33,71,71,71,38,0],"gold":82,"neow_bonus":"THREE_RARE_CARDS","is_prod":false,"is_daily":false,"chose_seed":false,"campfire_upgraded":1,"win_rate":0,"timestamp":1546833903,"path_taken":["M","?","M","M","?","E","R","$","T","R","?","E","M","M","R","BOSS","M","?","?","M","M","R","M","?","T","R","?","?","?","?","R","BOSS","M","$","?","?","?","R","M","M","T","R","$","?","R","E","R","BOSS","R","$","E","BOSS"],"build_version":"2019-01-03v4","purchased_purges":1,"victory":false,"max_hp_per_floor":[71,71,71,71,71,71,71,71,71,71,71,71,71,71,71,71,71,73,73,73,73,75,75,75,75,75,75,75,75,75,75,75,75,75,77,77,77,77,77,77,79,81,81,81,81,81,81,83,83,83,83,83,83,83,83],"card_choices":[{"not_picked":["Machine Learning","Multi-Cast"],"picked":"Buffer","floor":0.0},{"not_picked":["Redo","Reprogram"],"picked":"Beam Cell","floor":1.0},{"not_picked":["Double Energy","Stack"],"picked":"Go for the Eyes","floor":3.0},{"not_picked":["Compile Driver","Aggregate"],"picked":"Cold Snap","floor":4.0},{"not_picked":["Sweeping Beam","Reinforced Body"],"picked":"White Noise","floor":6.0},{"not_picked":["Leap","Beam Cell"],"picked":"Loop","floor":12.0},{"not_picked":["Double Energy","Streamline"],"picked":"Coolheaded","floor":13.0},{"not_picked":["Leap","Undo"],"picked":"Core Surge","floor":14.0},{"not_picked":["Biased Cognition","Creative AI"],"picked":"Electrodynamics","floor":16.0},{"not_picked":["Sweeping Beam","Beam Cell","Rebound"],"picked":"Singing Bowl","floor":18.0},{"not_picked":["Beam Cell+1","Recycle"],"picked":"BootSequence","floor":19.0},{"not_picked":["Stack","Beam Cell"],"picked":"Sunder","floor":21.0},{"not_picked":["Go for the Eyes","Reprogram","Storm"],"picked":"Singing Bowl","floor":22.0},{"not_picked":["Doom and Gloom","Steam Power"],"picked":"Buffer","floor":24.0},{"not_picked":["Skim+1","Go for the Eyes"],"picked":"Ball Lightning","floor":31.0},{"not_picked":["Electrodynamics+1","Seek"],"picked":"Biased Cognition+1","floor":33.0},{"not_picked":["Reprogram","Steam Power","Beam Cell"],"picked":"Singing Bowl","floor":35.0},{"not_picked":["Go for the Eyes","Sweeping Beam","Turbo"],"picked":"Singing Bowl","floor":41.0},{"not_picked":["Lockon","Beam Cell","Scrape"],"picked":"Singing Bowl","floor":42.0},{"not_picked":["FTL+1","Hologram+1","Melter"],"picked":"Singing Bowl","floor":48},{"not_picked":["BootSequence+1","Force Field+1"],"picked":"Leap+1","floor":54}],"player_experience":416565,"relics_obtained":[{"floor":6.0,"key":"Potion Belt"},{"floor":9.0,"key":"Regal Pillow"},{"floor":12.0,"key":"Shovel"},{"floor":19.0,"key":"Red Mask"},{"floor":26.0,"key":"Ancient Tea Set"},{"floor":30.0,"key":"Frozen Egg 2"},{"floor":44.0,"key":"Anchor"},{"floor":47.0,"key":"Toxic Egg 2"},{"floor":48,"key":"Bag of Marbles"},{"floor":52,"key":"Bottled Tornado"},{"floor":54,"key":"Pocketwatch"}],"event_choices":[{"damage_healed":0.0,"max_hp_gain":0.0,"max_hp_loss":0.0,"gold_gain":0.0,"event_name":"Shining Light","player_choice":"Ignored","floor":2.0,"gold_loss":0.0,"damage_taken":0.0},{"cards_removed":["Strike_B"],"damage_healed":0.0,"max_hp_gain":0.0,"max_hp_loss":0.0,"gold_gain":0.0,"event_name":"Golden Wing","player_choice":"Card Removal","floor":5.0,"gold_loss":0.0,"damage_taken":7.0},{"damage_healed":0.0,"max_hp_gain":0.0,"max_hp_loss":0.0,"gold_gain":0.0,"event_name":"Scrap Ooze","player_choice":"Success","floor":11.0,"gold_loss":0.0,"damage_taken":5.0,"relics_obtained":["Singing Bowl"]},{"damage_healed":0.0,"max_hp_gain":0.0,"max_hp_loss":0.0,"gold_gain":0.0,"event_name":"Masked Bandits","player_choice":"Fought Bandits","floor":19.0,"gold_loss":0.0,"damage_taken":0.0},{"damage_healed":0.0,"max_hp_gain":0.0,"max_hp_loss":0.0,"gold_gain":0.0,"event_name":"Addict","player_choice":"Obtained Relic","floor":20.0,"gold_loss":85.0,"damage_taken":0.0,"relics_obtained":["The Courier"]},{"damage_healed":0.0,"max_hp_gain":0.0,"max_hp_loss":0.0,"gold_gain":0.0,"event_name":"Forgotten Altar","player_choice":"Smashed Altar","floor":25.0,"gold_loss":0.0,"damage_taken":0.0,"cards_obtained":["Decay"]},{"damage_healed":0.0,"max_hp_gain":0.0,"max_hp_loss":0.0,"gold_gain":0.0,"event_name":"Ghosts","player_choice":"Ignored","floor":28.0,"gold_loss":0.0,"damage_taken":0.0},{"cards_removed":["Defend_B"],"damage_healed":0.0,"max_hp_gain":0.0,"max_hp_loss":0.0,"gold_gain":0.0,"event_name":"Purifier","player_choice":"Purged","floor":37.0,"gold_loss":0.0,"damage_taken":0.0},{"cards_removed":["Zap"],"damage_healed":0.0,"max_hp_gain":0.0,"max_hp_loss":0.0,"gold_gain":0.0,"event_name":"Falling","player_choice":"Removed Skill","floor":39.0,"gold_loss":0.0,"damage_taken":0.0},{"damage_healed":0.0,"max_hp_gain":0.0,"max_hp_loss":0.0,"gold_gain":0.0,"event_name":"Mysterious Sphere","player_choice":"Ignored","floor":46.0,"gold_loss":0.0,"damage_taken":0.0}],"is_beta":false,"boss_relics":[{"not_picked":["Velvet Choker","Coffee Dripper"],"picked":"Sozu"},{"not_picked":["Runic Dome","Orrery"],"picked":"Astrolabe"}],"items_purged_floors":[29],"is_endless":false,"potions_floor_spawned":[4,6,14,18,21,24,35,48],"killed_by":"The Heart","ascension_level":16}