{"gold_per_floor":[114,39,39,58,58,88,88,106,106,126,126,152,168,196,196,275,275,290,308,308,407,48,48,73,73,73,99,99,110,127,8,8,86,86,97,97,97,27,39,39],"floor_reached":40,"playtime":2476,"items_purged":["Defend_B"],"score":754,"play_id":"32f84a5b-942e-4c25-8312-e955337296ce","local_time":"20180920182657","is_ascension_mode":true,"campfire_choices":[{"floor":7,"key":"REST"},{"floor":11,"key":"REST"},{"floor":15,"key":"REST"},{"floor":23,"key":"REST"},{"floor":25,"key":"REST"},{"floor":28,"key":"REST"},{"data":"Buffer","floor":32,"key":"SMITH"}],"neow_cost":"NONE","seed_source_timestamp":450651305395743,"circlet_count":0,"master_deck":["Strike_B","Strike_B","Strike_B","Strike_B","Defend_B","Zap","Dualcast","AscendersBane","Darkness","Streamline","Defragment","FTL","Go for the Eyes","Compile Driver","Gash","Gash","Electrodynamics","Streamline","Self Repair+1","Apotheosis","Ball Lightning","Conserve Battery","Pain","All For One","FTL","Buffer+1","Seek","Rip and Tear","Skim"],"relics":["Cracked Core","Meat on the Bone","Letter Opener","Bronze Scales","Odd Mushroom","Cursed Key","Bag of Marbles","Du-Vu Doll","Bottled Lightning","Anchor","Nuclear Battery"],"potions_floor_usage":[6,12,12,16,18,19,24,27,40,40],"damage_taken":[{"damage":0,"enemies":"Cultist","floor":1,"turns":3},{"damage":13,"enemies":"Jaw Worm","floor":4,"turns":4},{"damage":50,"enemies":"3 Sentries","floor":6,"turns":5},{"damage":12,"enemies":"Small Slimes","floor":8,"turns":3},{"damage":22,"enemies":"3 Louse","floor":10,"turns":3},{"damage":8,"enemies":"Gremlin Nob","floor":12,"turns":3},{"damage":6,"enemies":"Exordium Thugs","floor":13,"turns":3},{"damage":13,"enemies":"The Mushroom Lair","floor":14,"turns":3},{"damage":45,"enemies":"The Guardian","floor":16,"turns":8},{"damage":38,"enemies":"Shell Parasite","floor":18,"turns":4},{"damage":19,"enemies":"Chosen","floor":19,"turns":4},{"damage":42,"enemies":"Slavers","floor":24,"turns":3},{"damage":4,"enemies":"Gremlin Leader","floor":27,"turns":5},{"damage":4,"enemies":"3 Cultists","floor":29,"turns":3},{"damage":13,"enemies":"Centurion and Healer","floor":30,"turns":5},{"damage":19,"enemies":"Champ","floor":33,"turns":7},{"damage":0,"enemies":"3 Shapes","floor":35,"turns":1},{"damage":24,"enemies":"3 Darklings","floor":39,"turns":3},{"damage":58,"enemies":"Giant Head","floor":40,"turns":6}],"seed_played":"2875496984749546121","potions_obtained":[{"floor":4,"key":"Regen Potion"},{"floor":8,"key":"Strength Potion"},{"floor":10,"key":"Fire Potion"},{"floor":12,"key":"Block Potion"},{"floor":14,"key":"Fire Potion"},{"floor":16,"key":"Regen Potion"},{"floor":18,"key":"Ancient Potion"},{"floor":24,"key":"FocusPotion"},{"floor":33,"key":"Energy Potion"},{"floor":35,"key":"FearPotion"}],"is_trial":false,"path_per_floor":["M","$","?","M","?","E","R","M","T","M","R","E","M","?","R","B",null,"M","M","?","?","$","R","E","R","T","E","R","M","M","$","R","B",null,"M","?","?","$","M"],"character_chosen":"DEFECT","items_purchased":["Apotheosis","Bag of Marbles","Ball Lightning","Buffer","Weak Potion","Rip and Tear"],"campfire_rested":6,"item_purchase_floors":[22,22,22,31,31,38],"current_hp_per_floor":[68,68,68,55,48,12,34,34,34,24,46,38,44,43,65,32,64,38,31,31,31,31,53,33,55,55,61,75,75,72,72,72,63,72,72,72,72,72,58,0],"gold":39,"neow_bonus":"REMOVE_CARD","is_prod":false,"is_daily":false,"chose_seed":false,"campfire_upgraded":1,"win_rate":0,"timestamp":1537460817,"path_taken":["M","$","?","M","?","E","R","M","T","M","R","E","M","?","R","BOSS","M","M","?","?","$","R","E","R","T","E","R","M","M","?","R","BOSS","M","?","?","?","M","E"],"build_version":"2018-09-06","purchased_purges":1,"victory":false,"max_hp_per_floor":[75,75,75,75,75,75,75,75,75,75,75,75,75,75,75,75,75,75,75,75,75,75,75,75,75,75,75,75,75,75,75,75,75,75,75,75,75,75,75,75],"card_choices":[{"not_picked":["Rebound","Streamline"],"picked":"Darkness","floor":1},{"not_picked":["Steam","Barrage"],"picked":"Streamline","floor":4},{"not_picked":["Rainbow","Hello World"],"picked":"Defragment","floor":6},{"not_picked":["Coolheaded","Glacier"],"picked":"FTL","floor":8},{"not_picked":["Redo","Rebound"],"picked":"Go for the Eyes","floor":10},{"not_picked":["Rainbow","Cold Snap"],"picked":"Compile Driver","floor":12},{"not_picked":["Hologram","Barrage"],"picked":"Gash","floor":13},{"not_picked":["Ball Lightning","Aggregate"],"picked":"Gash","floor":14},{"not_picked":["Core Surge","Rainbow"],"picked":"Electrodynamics","floor":16},{"not_picked":["Stack","Consume"],"picked":"Streamline","floor":18},{"not_picked":["Double Energy","Coolheaded"],"picked":"Self Repair","floor":19},{"not_picked":["Doom and Gloom+1","Capacitor"],"picked":"Conserve Battery","floor":24},{"not_picked":["Chaos","Gash"],"picked":"All For One","floor":27},{"not_picked":["Compile Driver","Go for the Eyes","Turbo"],"picked":"SKIP","floor":29},{"not_picked":["Capacitor","Rebound"],"picked":"FTL","floor":30},{"not_picked":["Rainbow","Thunder Strike"],"picked":"Seek","floor":33},{"not_picked":["Barrage","Lockon+1","Undo"],"picked":"SKIP","floor":35},{"not_picked":["Coolheaded","Cold Snap"],"picked":"Skim","floor":39}],"player_experience":475168,"relics_obtained":[{"floor":6,"key":"Meat on the Bone"},{"floor":9,"key":"Letter Opener"},{"floor":12,"key":"Bronze Scales"},{"floor":14,"key":"Odd Mushroom"},{"floor":24,"key":"Du-Vu Doll"},{"floor":26,"key":"Bottled Lightning"},{"floor":27,"key":"Anchor"}],"event_choices":[{"event_name":"Liars Game","player_choice":"disagreed","floor":3,"damage_taken":0},{"event_name":"Golden Wing","player_choice":"Card Removal","floor":5,"damage_taken":0},{"event_name":"Mushrooms","player_choice":"Fought Mushrooms","floor":14,"damage_taken":0},{"event_name":"Upgrade Shrine","player_choice":"Upgraded","floor":20,"damage_taken":0},{"event_name":"Nest","player_choice":"Stole From Cult","floor":21,"damage_taken":0},{"event_name":"SensoryStone","player_choice":"Memory 1","floor":36,"damage_taken":0},{"event_name":"Mysterious Sphere","player_choice":"Ignore","floor":37,"damage_taken":0}],"is_beta":false,"boss_relics":[{"not_picked":["Eternal Feather","Philosopher\u0027s Stone"],"picked":"Cursed Key"},{"not_picked":["Tiny House","Calling Bell"],"picked":"Nuclear Battery"}],"items_purged_floors":[2],"is_endless":false,"potions_floor_spawned":[4,8,10,12,14,16,18,24,33,35],"killed_by":"Giant Head","ascension_level":13}