{"path_per_floor":["M","?","$","?","T","E","M","R","T","M","R","M","?","E","R","B",null,"M","?","$","?","M","R","M"],"character_chosen":"THE_SILENT","items_purchased":["Poisoned Stab","Sundial","Anchor"],"gold_per_floor":[113,113,12,12,36,69,84,84,384,396,396,408,373,398,398,495,525,538,538,0,0,11,11,29,29],"floor_reached":25,"campfire_rested":3,"playtime":1386,"current_hp_per_floor":[62,67,67,60,60,24,24,46,46,46,68,55,55,37,37,19,66,55,55,55,48,48,72,44,0],"items_purged":["Defend_G","Strike_G"],"gold":29,"score":314,"play_id":"e3b1377b-c348-4d45-9c43-1ae371d9418a","local_time":"20180508213231","is_prod":false,"is_daily":false,"chose_seed":false,"is_ascension_mode":true,"campfire_upgraded":1,"timestamp":1525840351,"path_taken":["M","?","?","?","?","E","M","R","T","?","R","M","?","E","R","BOSS","M","?","$","?","?","R","M","E"],"build_version":"2018-05-03","seed_source_timestamp":355651968171002,"purchased_purges":2,"victory":false,"master_deck":["Defend_G","Defend_G","Defend_G","Defend_G","Strike_G","Strike_G","Strike_G+1","Strike_G","Survivor","Neutralize+1","AscendersBane","Tools of the Trade","Backflip","Poisoned Stab","Flying Knee","Quick Slash","Die Die Die","Dagger Spray","Poisoned Stab","Venomology","Quick Slash","Deflect","Deflect","Poisoned Stab"],"max_hp_per_floor":[70,75,75,75,75,75,75,75,75,75,75,75,75,75,75,75,80,80,80,80,80,80,80,80,80],"relics":["Ring of the Snake","Art of War","Pantograph","Old Coin","Ice Cream","Tiny House","Sundial","Anchor"],"card_choices":[{"not_picked":["Bullet Time","Unload"],"picked":"Tools of the Trade","floor":0},{"not_picked":["Distraction","Acrobatics"],"picked":"Backflip","floor":1},{"not_picked":["Acrobatics","Deadly Poison"],"picked":"Flying Knee","floor":6},{"not_picked":["Underhanded Strike","Prepared"],"picked":"Quick Slash","floor":7},{"not_picked":["Dagger Throw","Setup"],"picked":"Die Die Die","floor":10},{"not_picked":["All Out Attack","Accuracy"],"picked":"Dagger Spray","floor":12},{"not_picked":["Deflect","Footwork"],"picked":"Poisoned Stab","floor":14},{"not_picked":["Unload","Grand Finale"],"picked":"Venomology","floor":16},{"not_picked":["Calculated Gamble","Bane"],"picked":"Quick Slash","floor":17},{"not_picked":["Heel Hook","Expertise"],"picked":"Deflect","floor":18},{"not_picked":["Outmaneuver","Acrobatics"],"picked":"Deflect","floor":22},{"not_picked":["Dodge and Roll","Underhanded Strike"],"picked":"Poisoned Stab","floor":24}],"player_experience":267685,"potions_floor_usage":[16,16,18,18,18,24,24,25,25],"damage_taken":[{"damage":1,"enemies":"2 Louse","floor":1,"turns":3},{"damage":36,"enemies":"Lagavulin","floor":6,"turns":10},{"damage":0,"enemies":"Small Slimes","floor":7,"turns":2},{"damage":0,"enemies":"Cultist","floor":10,"turns":3},{"damage":13,"enemies":"3 Louse","floor":12,"turns":4},{"damage":18,"enemies":"3 Sentries","floor":14,"turns":5},{"damage":43,"enemies":"Hexaghost","floor":16,"turns":12},{"damage":11,"enemies":"Shell Parasite","floor":18,"turns":6},{"damage":0,"enemies":"3 Byrds","floor":22,"turns":5},{"damage":28,"enemies":"Slaver and Parasite","floor":24,"turns":8},{"damage":47,"enemies":"Gremlin Leader","floor":25,"turns":5}],"event_choices":[{"event_name":"Big Fish","player_choice":"Donut","floor":2,"damage_taken":0},{"event_name":"Golden Wing","player_choice":"Card Removal","floor":4,"damage_taken":0},{"event_name":"World of Goop","player_choice":"Left","floor":13,"damage_taken":0},{"event_name":"Ghosts","player_choice":"Ignored","floor":19,"damage_taken":0},{"event_name":"Knowing Skull","player_choice":"","floor":21,"damage_taken":0}],"boss_relics":[{"not_picked":["White Beast Statue","Velvet Choker"],"picked":"Tiny House"}],"potions_floor_spawned":[7,12,14,16,18,24],"seed_played":"-7039966762179580322","killed_by":"Gremlin Leader","ascension_level":10,"is_trial":false}