{"gold_per_floor":[119,119,119,137,149,174,193,204,204,204,217,217,19,38,38,133,133,153,153,171,23,23,23,57,67,67,5,25,58,58,58,58,58],"floor_reached":33,"playtime":1406,"items_purged":["Strike_B"],"score":459,"play_id":"a59b4c6a-ebbd-4ed0-83a4-8879ae166f85","local_time":"20180918175403","is_ascension_mode":true,"campfire_choices":[{"floor":10,"key":"REST"},{"floor":12,"key":"REST"},{"floor":15,"key":"REST"},{"floor":23,"key":"REST"},{"floor":30,"key":"REST"},{"floor":32,"key":"REST"}],"neow_cost":"NONE","seed_source_timestamp":276944847237588,"circlet_count":0,"master_deck":["Strike_B","Strike_B","Defend_B","Defend_B","Defend_B","Defend_B","Zap","Dualcast","AscendersBane","White Noise","Storm","BootSequence","Sweeping Beam","Storm","Static Discharge","Machine Learning","Conserve Battery","Electrodynamics","Loop+1","Lockon+1","Undo","Self Repair"],"relics":["Cracked Core","NeowsBlessing","Blue Candle","Pantograph","Lizard Tail","PreservedInsect","The Courier","Pocketwatch","Cables"],"potions_floor_usage":[6,16,16,24,25,25,33],"damage_taken":[{"damage":0,"enemies":"Cultist","floor":1,"turns":1},{"damage":0,"enemies":"2 Louse","floor":4,"turns":1},{"damage":0,"enemies":"Jaw Worm","floor":5,"turns":1},{"damage":33,"enemies":"Lagavulin","floor":6,"turns":6},{"damage":33,"enemies":"Exordium Thugs","floor":7,"turns":7},{"damage":6,"enemies":"Looter","floor":8,"turns":3},{"damage":3,"enemies":"3 Louse","floor":11,"turns":3},{"damage":27,"enemies":"Exordium Wildlife","floor":14,"turns":4},{"damage":23,"enemies":"Slime Boss","floor":16,"turns":9},{"damage":12,"enemies":"Chosen","floor":18,"turns":4},{"damage":16,"enemies":"3 Byrds","floor":20,"turns":3},{"damage":34,"enemies":"Slavers","floor":24,"turns":2},{"damage":5,"enemies":"Snecko","floor":25,"turns":3},{"damage":23,"enemies":"Cultist and Chosen","floor":28,"turns":6},{"damage":53,"enemies":"Book of Stabbing","floor":29,"turns":5},{"damage":92,"enemies":"Automaton","floor":33,"turns":10}],"seed_played":"2579701317431410437","potions_obtained":[{"floor":1,"key":"AttackPotion"},{"floor":7,"key":"GamblersBrew"},{"floor":11,"key":"AttackPotion"},{"floor":14,"key":"Block Potion"},{"floor":18,"key":"SpeedPotion"},{"floor":24,"key":"AttackPotion"},{"floor":29,"key":"Block Potion"}],"is_trial":false,"path_per_floor":["M","?","?","M","M","E","M","M","T","R","M","R","$","M","R","B",null,"M","?","M","$","?","R","E","M","T","$","M","E","R","T","R"],"character_chosen":"DEFECT","items_purchased":["Machine Learning","Conserve Battery","Regen Potion","Self Repair"],"campfire_rested":6,"item_purchase_floors":[13,13,21,27],"current_hp_per_floor":[68,61,66,66,66,40,7,1,1,25,22,46,46,26,50,52,73,61,80,64,64,64,80,46,50,50,50,34,32,56,56,80,0],"gold":58,"neow_bonus":"THREE_ENEMY_KILL","is_prod":false,"is_daily":false,"chose_seed":false,"campfire_upgraded":0,"win_rate":0,"timestamp":1537286043,"path_taken":["M","?","?","?","?","E","M","M","T","R","M","R","$","M","R","BOSS","M","?","M","$","?","R","E","M","T","?","?","E","R","?","R","BOSS"],"build_version":"2018-09-06","purchased_purges":1,"victory":false,"max_hp_per_floor":[75,75,80,80,80,80,80,80,80,80,80,80,80,80,80,80,80,80,80,80,80,80,80,80,80,80,80,80,80,80,80,80,80],"card_choices":[{"not_picked":["Beam Cell","Turbo"],"picked":"White Noise","floor":1},{"not_picked":["Steam","Coolheaded"],"picked":"Storm","floor":4},{"not_picked":["Tempest","Conserve Battery"],"picked":"BootSequence","floor":5},{"not_picked":["Leap","Amplify"],"picked":"Sweeping Beam","floor":6},{"not_picked":["Rebound","Coolheaded"],"picked":"Storm","floor":7},{"not_picked":["Sweeping Beam","Lockon"],"picked":"Static Discharge","floor":8},{"not_picked":["Coolheaded","Streamline","Fission"],"picked":"SKIP","floor":11},{"not_picked":["Cold Snap","Tempest","Steam Power"],"picked":"SKIP","floor":14},{"not_picked":["Core Surge","Multi-Cast"],"picked":"Electrodynamics","floor":16},{"not_picked":["Recycle","Aggregate"],"picked":"Loop+1","floor":18},{"not_picked":["Glacier","Genetic Algorithm","Scrape"],"picked":"SKIP","floor":20},{"not_picked":["Leap","Double Energy"],"picked":"Lockon+1","floor":24},{"not_picked":["Redo","Ball Lightning"],"picked":"Undo","floor":25},{"not_picked":["Genetic Algorithm","Beam Cell","Lockon"],"picked":"SKIP","floor":28},{"not_picked":["Machine Learning","Streamline","Go for the Eyes"],"picked":"SKIP","floor":29}],"player_experience":354301,"relics_obtained":[{"floor":6,"key":"Blue Candle"},{"floor":9,"key":"Pantograph"},{"floor":24,"key":"PreservedInsect"},{"floor":26,"key":"The Courier"},{"floor":29,"key":"Pocketwatch"},{"floor":31,"key":"Cables"}],"event_choices":[{"event_name":"Golden Wing","player_choice":"Card Removal","floor":2,"damage_taken":0},{"event_name":"Big Fish","player_choice":"Donut","floor":3,"damage_taken":0},{"event_name":"The Library","player_choice":"Heal","floor":19,"damage_taken":0},{"event_name":"Match and Keep!","player_choice":"0 cards matched","floor":22,"damage_taken":0}],"is_beta":false,"boss_relics":[{"not_picked":["Philosopher\u0027s Stone","Calling Bell"],"picked":"Lizard Tail"}],"items_purged_floors":[21],"is_endless":false,"potions_floor_spawned":[1,7,11,14,18,24,29],"killed_by":"Automaton","ascension_level":12}