{"path_per_floor":["M","?","?","?","M","R","E","R","T","E","M","M","R","E","R","B",null,"M","?","?","?","M","E","R","E","T","?","$","?","R","?","R","B",null,"M","M","?","$","?","E","R","M","T","E","M","M","R","M","R"],"character_chosen":"DEFECT","items_purchased":["FTL"],"gold_per_floor":[110,60,60,60,78,78,109,109,109,135,149,167,167,201,201,298,298,298,298,213,138,138,138,138,138,138,138,59,59,59,59,59,59,59,59,59,0,0,0,0,0,0,0,0,0,0,0,0,0,0],"floor_reached":50,"campfire_rested":2,"playtime":1903,"item_purchase_floors":[28],"current_hp_per_floor":[69,69,62,62,62,62,54,54,54,26,26,22,44,30,30,13,75,64,64,64,64,62,44,44,48,48,73,73,73,73,73,73,56,77,66,51,51,51,51,32,32,36,36,31,35,37,37,39,63,0],"items_purged":[],"gold":0,"score":720,"play_id":"0cf985c3-1a73-4f6c-b5e8-cba15184b03f","local_time":"20180601000307","is_prod":false,"is_daily":false,"chose_seed":false,"is_ascension_mode":true,"campfire_upgraded":8,"win_rate":0,"timestamp":1527825787,"campfire_choices":[{"data":"Dualcast","floor":6,"key":"SMITH"},{"data":"Zap","floor":8,"key":"SMITH"},{"floor":13,"key":"REST"},{"data":"Barrage","floor":15,"key":"SMITH"},{"data":"Force Field","floor":24,"key":"SMITH"},{"data":"Doom and Gloom","floor":30,"key":"SMITH"},{"data":"Ball Lightning","floor":32,"key":"SMITH"},{"data":"Defend_B","floor":41,"key":"SMITH"},{"data":"Compile Driver","floor":47,"key":"SMITH"},{"floor":49,"key":"REST"}],"path_taken":["M","?","?","?","M","R","E","R","T","E","M","?","R","E","R","BOSS","M","?","?","?","?","E","R","E","T","?","$","?","R","?","R","BOSS","M","M","?","?","?","E","R","M","T","E","M","?","R","M","R","BOSS"],"build_version":"2018-05-30v2","seed_source_timestamp":295567077963544,"purchased_purges":0,"victory":false,"master_deck":["Strike_B","Defend_B","Defend_B+1","Zap+1","Dualcast+1","Static Discharge+1","Doom and Gloom+1","Barrage+1","Capacitor+1","Defragment+1","Ball Lightning+1","Compile Driver+1","Machine Learning+1","BootSequence","Heatsinks+1","Force Field+1","FTL","Echo Form+1","FTL","Redo+1","Steam","Force Field+1","Heatsinks+1","Redo+1"],"max_hp_per_floor":[75,75,75,75,75,75,75,75,75,75,75,75,75,75,75,75,75,75,75,75,75,75,75,75,77,77,77,77,77,77,77,77,77,77,77,77,77,77,77,77,77,79,79,81,83,83,83,83,83,83],"relics":["Cracked Core","Toolbox","Cables","Blood Vial","Frozen Egg 2","Thread and Needle","Ectoplasm","Orichalcum","Vajra","Singing Bowl","Mercury Hourglass","Nuclear Battery","Red Mask","Bag of Preparation","Pantograph","Du-Vu Doll"],"card_choices":[{"not_picked":["Steam","Stack"],"picked":"Static Discharge","floor":1},{"not_picked":["Capacitor","Coolheaded"],"picked":"Doom and Gloom","floor":5},{"not_picked":["Streamline","Sweeping Beam"],"picked":"Barrage","floor":7},{"not_picked":["Cold Snap","Chaos"],"picked":"Capacitor","floor":10},{"not_picked":["Cold Snap","Blizzard"],"picked":"Defragment+1","floor":11},{"not_picked":["Rebound","Go for the Eyes"],"picked":"Ball Lightning","floor":12},{"not_picked":["Multi-Cast","Sweeping Beam"],"picked":"Compile Driver","floor":14},{"not_picked":["All For One","Hyperbeam"],"picked":"Machine Learning+1","floor":16},{"not_picked":["Hologram","Redo"],"picked":"BootSequence","floor":18},{"not_picked":["Tempest","Redo"],"picked":"Heatsinks+1","floor":22},{"not_picked":["Rebound","Chill"],"picked":"Force Field","floor":23},{"not_picked":["Ball Lightning","Gash","Rebound+1"],"picked":"Singing Bowl","floor":25},{"not_picked":["Amplify","All For One"],"picked":"Echo Form+1","floor":33},{"not_picked":["Tempest+1","Sunder"],"picked":"FTL","floor":35},{"not_picked":["Turbo","Streamline+1"],"picked":"Redo+1","floor":36},{"not_picked":["Cold Snap","Beam Cell"],"picked":"Force Field+1","floor":40},{"not_picked":["Storm+1","Sweeping Beam","Sunder"],"picked":"Singing Bowl","floor":42},{"not_picked":["Rebound","Streamline","Reprogram+1"],"picked":"Singing Bowl","floor":44},{"not_picked":["Streamline","Conserve Battery","Self Repair+1"],"picked":"Singing Bowl","floor":45},{"not_picked":["Leap","Double Energy"],"picked":"Heatsinks+1","floor":46},{"not_picked":["Leap+1","Melter+1"],"picked":"Redo+1","floor":48}],"player_experience":240047,"potions_floor_usage":[7,23,42,50,50,50],"damage_taken":[{"damage":6,"enemies":"2 Louse","floor":1,"turns":3},{"damage":0,"enemies":"Small Slimes","floor":5,"turns":2},{"damage":8,"enemies":"Gremlin Nob","floor":7,"turns":3},{"damage":30,"enemies":"Lagavulin","floor":10,"turns":4},{"damage":2,"enemies":"Jaw Worm","floor":11,"turns":3},{"damage":6,"enemies":"Large Slime","floor":12,"turns":4},{"damage":16,"enemies":"Gremlin Nob","floor":14,"turns":2},{"damage":19,"enemies":"Hexaghost","floor":16,"turns":6},{"damage":11,"enemies":"Spheric Guardian","floor":18,"turns":3},{"damage":4,"enemies":"3 Byrds","floor":22,"turns":3},{"damage":24,"enemies":"Slavers","floor":23,"turns":5},{"damage":0,"enemies":"Book of Stabbing","floor":25,"turns":4},{"damage":19,"enemies":"Automaton","floor":33,"turns":6},{"damage":11,"enemies":"Flame Bruiser 1 Orb","floor":35,"turns":4},{"damage":17,"enemies":"3 Darklings","floor":36,"turns":3},{"damage":21,"enemies":"2 Orb Walkers","floor":40,"turns":4},{"damage":0,"enemies":"4 Shapes","floor":42,"turns":3},{"damage":9,"enemies":"Nemesis","floor":44,"turns":5},{"damage":0,"enemies":"Maw","floor":45,"turns":5},{"damage":0,"enemies":"Flame Bruiser 2 Orb","floor":46,"turns":3},{"damage":0,"enemies":"Spire Growth","floor":48,"turns":4},{"damage":89,"enemies":"Awakened One","floor":50,"turns":6}],"relics_obtained":[{"floor":7,"key":"Cables"},{"floor":9,"key":"Blood Vial"},{"floor":10,"key":"Frozen Egg 2"},{"floor":14,"key":"Thread and Needle"},{"floor":23,"key":"Vajra"},{"floor":25,"key":"Singing Bowl"},{"floor":26,"key":"Mercury Hourglass"},{"floor":40,"key":"Bag of Preparation"},{"floor":43,"key":"Pantograph"},{"floor":44,"key":"Du-Vu Doll"}],"event_choices":[{"event_name":"The Cleric","player_choice":"Card Removal","floor":2,"damage_taken":0},{"event_name":"Scrap Ooze","player_choice":"success","floor":3,"damage_taken":7},{"event_name":"Living Wall","player_choice":"Grow","floor":4,"damage_taken":0},{"event_name":"Bonfire Elementals","player_choice":"BASIC","floor":19,"damage_taken":0},{"event_name":"Addict","player_choice":"Obtained Relic","floor":20,"damage_taken":0},{"event_name":"Beggar","player_choice":"Gave Gold","floor":21,"damage_taken":0},{"event_name":"The Library","player_choice":"Heal","floor":27,"damage_taken":0},{"event_name":"Purifier","player_choice":"One Purge","floor":29,"damage_taken":0},{"event_name":"Drug Dealer","player_choice":"Ignored","floor":31,"damage_taken":0},{"event_name":"Tomb of Lord Red Mask","player_choice":"Paid","floor":37,"damage_taken":0},{"event_name":"Transmorgrifier","player_choice":"Transform","floor":39,"damage_taken":0}],"boss_relics":[{"not_picked":["Runic Pyramid","Orrery"],"picked":"Ectoplasm"},{"not_picked":["Snecko Eye","White Beast Statue"],"picked":"Nuclear Battery"}],"items_purged_floors":[],"potions_floor_spawned":[5,16,18,33,36,42,44],"seed_played":"2952316216450012084","killed_by":"Awakened One","ascension_level":4,"potions_obtained":[{"floor":5,"key":"Poison Potion"},{"floor":16,"key":"SteroidPotion"},{"floor":18,"key":"EssenceOfSteel"},{"floor":33,"key":"SteroidPotion"},{"floor":36,"key":"Explosive Potion"},{"floor":42,"key":"LiquidBronze"},{"floor":44,"key":"AttackPotion"}],"is_trial":false}