{"gold_per_floor":[110,122,122,122,134,134,165,165,236,266,39,39,55,55,55,159,159,171,181,112,131,131,166,166,197,197,26,37,49,74,74,74,174,174,190,207,207,0,0,0,16,16,16,27,41,51,51,51],"floor_reached":48,"playtime":2712,"items_purged":[],"score":650,"play_id":"e26790b3-33de-4054-bb66-cd8286b5dfd2","local_time":"20180914212703","is_ascension_mode":true,"campfire_choices":[{"floor":6,"key":"REST"},{"floor":8,"key":"REST"},{"data":"Consume","floor":15,"key":"SMITH"},{"floor":24,"key":"REST"},{"floor":32,"key":"REST"},{"floor":40,"key":"REST"},{"data":"Lockon","floor":42,"key":"SMITH"}],"neow_cost":"NONE","seed_source_timestamp":23154192175143,"circlet_count":0,"master_deck":["Strike_B+1","Strike_B","Strike_B","Strike_B","Defend_B","Defend_B+1","Defend_B+1","Zap","Dualcast","Thunder Strike","Coolheaded","Static Discharge","Cold Snap","Ball Lightning","Cold Snap","Static Discharge","Parasite","Consume+1","Zap+1","Leap","Jack Of All Trades","Rainbow","Static Discharge","Leap+1","Core Surge","Sweeping Beam+1","Ball Lightning","Storm","Dramatic Entrance","Capacitor","Glacier","Echo Form","Doom and Gloom+1","Storm+1","Undo+1","Rainbow","Lockon+1","Go for the Eyes+1","Creative AI"],"relics":["Cracked Core","Centennial Puzzle","Anchor","Bottled Lightning","Strawberry","PreservedInsect","Nuclear Battery","War Paint","Pear","Bronze Scales","Emotion Chip","Sundial","Eternal Feather","Calipers","Red Mask","Gremlin Horn","SsserpentHead"],"potions_floor_usage":[10,16,16,25,29,30,45,48,48],"damage_taken":[{"damage":0,"enemies":"2 Louse","floor":1,"turns":3},{"damage":7,"enemies":"Small Slimes","floor":2,"turns":4},{"damage":1,"enemies":"Cultist","floor":5,"turns":4},{"damage":37,"enemies":"Lagavulin","floor":7,"turns":8},{"damage":13,"enemies":"3 Sentries","floor":10,"turns":7},{"damage":12,"enemies":"Exordium Thugs","floor":13,"turns":3},{"damage":13,"enemies":"Slime Boss","floor":16,"turns":12},{"damage":6,"enemies":"Spheric Guardian","floor":18,"turns":3},{"damage":2,"enemies":"Chosen","floor":19,"turns":4},{"damage":3,"enemies":"Snecko","floor":21,"turns":5},{"damage":28,"enemies":"Gremlin Leader","floor":23,"turns":4},{"damage":27,"enemies":"Slavers","floor":25,"turns":4},{"damage":4,"enemies":"Chosen and Byrds","floor":28,"turns":4},{"damage":26,"enemies":"Centurion and Healer","floor":29,"turns":6},{"damage":8,"enemies":"Gremlin Leader","floor":30,"turns":3},{"damage":65,"enemies":"Automaton","floor":33,"turns":6},{"damage":4,"enemies":"3 Shapes","floor":35,"turns":4},{"damage":7,"enemies":"3 Darklings","floor":36,"turns":4},{"damage":30,"enemies":"Mind Bloom Boss Battle","floor":37,"turns":6},{"damage":10,"enemies":"Spire Growth","floor":41,"turns":5},{"damage":16,"enemies":"Reptomancer","floor":44,"turns":4},{"damage":33,"enemies":"Maw","floor":45,"turns":6},{"damage":39,"enemies":"Transient","floor":46,"turns":5},{"damage":6,"enemies":"4 Shapes","floor":48,"turns":1}],"seed_played":"-4121359410954392129","potions_obtained":[{"floor":1,"key":"EssenceOfSteel"},{"floor":7,"key":"Block Potion"},{"floor":13,"key":"Block Potion"},{"floor":23,"key":"SteroidPotion"},{"floor":25,"key":"LiquidBronze"},{"floor":28,"key":"AttackPotion"},{"floor":33,"key":"Dexterity Potion"},{"floor":41,"key":"Energy Potion"},{"floor":44,"key":"Block Potion"},{"floor":46,"key":"LiquidBronze"}],"is_trial":false,"path_per_floor":["M","M","?","?","M","R","E","R","T","E","$","?","M","?","R","B",null,"M","M","?","M","?","E","R","E","T","$","M","M","E","?","R","B",null,"M","M","?","?","?","R","M","R","T","M","M","M","?"],"character_chosen":"DEFECT","items_purchased":["PreservedInsect","Static Discharge","Storm","Dramatic Entrance"],"campfire_rested":5,"item_purchase_floors":[11,11,27,27],"current_hp_per_floor":[75,68,56,41,40,62,25,47,47,41,41,61,49,49,49,36,82,76,74,74,71,71,53,80,53,53,53,49,23,15,45,72,7,92,88,81,51,51,51,92,82,92,92,76,43,4,4,0],"gold":51,"neow_bonus":"ONE_RANDOM_RARE_CARD","is_prod":false,"is_daily":false,"chose_seed":false,"campfire_upgraded":2,"win_rate":0,"timestamp":1536953223,"path_taken":["M","M","?","?","?","R","E","R","T","E","$","?","M","?","R","BOSS","M","M","?","M","?","E","R","E","T","$","M","M","E","?","R","BOSS","M","M","?","?","?","R","M","R","T","M","M","?","?","M"],"build_version":"2018-09-06","purchased_purges":0,"victory":false,"max_hp_per_floor":[75,75,75,75,75,75,75,75,75,82,82,82,82,82,82,82,82,82,82,82,82,82,92,92,92,92,92,92,92,92,92,92,92,92,92,92,92,92,92,92,92,92,92,92,92,92,92,92],"card_choices":[{"not_picked":["Fusion","Compile Driver"],"picked":"Coolheaded","floor":1},{"not_picked":["Steam","Barrage"],"picked":"Static Discharge","floor":2},{"not_picked":["Compile Driver","Leap"],"picked":"Cold Snap","floor":5},{"not_picked":["Barrage","Loop"],"picked":"Ball Lightning","floor":7},{"not_picked":["Go for the Eyes","FTL"],"picked":"Cold Snap","floor":10},{"not_picked":["White Noise","Rebound"],"picked":"Consume","floor":13},{"not_picked":["Multi-Cast","Seek"],"picked":"Rainbow","floor":16},{"not_picked":["Compile Driver","Turbo"],"picked":"Static Discharge","floor":18},{"not_picked":["Gash","Steam"],"picked":"Leap+1","floor":19},{"not_picked":["Reprogram","Hologram"],"picked":"Core Surge","floor":21},{"not_picked":["Coolheaded+1","Gash"],"picked":"Sweeping Beam+1","floor":23},{"not_picked":["Stack+1","Steam"],"picked":"Ball Lightning","floor":25},{"not_picked":["Reprogram","Go for the Eyes"],"picked":"Capacitor","floor":28},{"not_picked":["Rip and Tear","Double Energy","Coolheaded"],"picked":"SKIP","floor":29},{"not_picked":["Hologram","Redo"],"picked":"Glacier","floor":30},{"not_picked":["Thunder Strike","Machine Learning"],"picked":"Echo Form","floor":33},{"not_picked":["Reprogram+1","Compile Driver"],"picked":"Doom and Gloom+1","floor":35},{"not_picked":["Steam","Leap"],"picked":"Storm+1","floor":36},{"not_picked":["Stack","Steam"],"picked":"Undo+1","floor":37},{"not_picked":["Gash+1","Hologram"],"picked":"Lockon","floor":41},{"not_picked":["Genetic Algorithm+1","Beam Cell","Cold Snap"],"picked":"SKIP","floor":44},{"not_picked":["Leap","Barrage+1"],"picked":"Go for the Eyes+1","floor":45},{"not_picked":["Auto Shields+1","Force Field"],"picked":"Creative AI","floor":46}],"player_experience":151687,"relics_obtained":[{"floor":7,"key":"Anchor"},{"floor":9,"key":"Bottled Lightning"},{"floor":10,"key":"Strawberry"},{"floor":23,"key":"Pear"},{"floor":25,"key":"Bronze Scales"},{"floor":26,"key":"Emotion Chip"},{"floor":30,"key":"Sundial"},{"floor":37,"key":"Calipers"},{"floor":43,"key":"Gremlin Horn"}],"event_choices":[{"event_name":"Scrap Ooze","player_choice":"success","floor":3,"damage_taken":12},{"event_name":"Shining Light","player_choice":"Entered Light","floor":4,"damage_taken":0},{"event_name":"Mushrooms","player_choice":"Healed and dodged fight","floor":12,"damage_taken":0},{"event_name":"Match and Keep!","player_choice":"3 cards matched","floor":14,"damage_taken":0},{"event_name":"WeMeetAgain","player_choice":"Gold","floor":20,"damage_taken":0},{"event_name":"Vampires","player_choice":"Ignored","floor":22,"damage_taken":0},{"event_name":"The Library","player_choice":"Heal","floor":31,"damage_taken":0},{"event_name":"MindBloom","player_choice":"Fight","floor":37,"damage_taken":0},{"event_name":"Tomb of Lord Red Mask","player_choice":"Paid","floor":38,"damage_taken":0},{"event_name":"Transmorgrifier","player_choice":"Transform","floor":39,"damage_taken":0},{"event_name":"FaceTrader","player_choice":"Trade","floor":47,"damage_taken":0}],"is_beta":false,"boss_relics":[{"not_picked":["Runic Dome","FrozenCore"],"picked":"Nuclear Battery"},{"not_picked":["Tiny House","Empty Cage"],"picked":"Eternal Feather"}],"items_purged_floors":[],"is_endless":false,"potions_floor_spawned":[1,7,13,23,25,28,33,41,44,46],"killed_by":"4 Shapes","ascension_level":4}