{"path_per_floor":["M","M","?","?","M","R","E","R","T","$","M","M","M","M","R","B",null,"M","?","M","M"],"character_chosen":"IRONCLAD","items_purchased":["Pen Nib","Block Potion"],"gold_per_floor":[217,228,228,228,247,247,279,279,304,27,37,47,66,81,81,152,152,168,168,187,205,205],"floor_reached":22,"campfire_rested":1,"playtime":1040,"current_hp_per_floor":[74,75,75,75,75,75,20,20,20,20,23,29,31,37,59,48,68,50,50,21,9,0],"items_purged":["Regret"],"gold":205,"score":333,"play_id":"44a80a91-4920-4923-8746-267d9a2e3cf0","local_time":"20180417122935","is_prod":false,"is_daily":false,"chose_seed":false,"is_ascension_mode":true,"campfire_upgraded":2,"timestamp":1523960975,"path_taken":["M","M","?","?","M","R","E","R","T","$","M","?","M","M","R","BOSS","M","?","M","?","M"],"build_version":"2018-04-12","seed_source_timestamp":83836932228179,"purchased_purges":1,"victory":false,"master_deck":["Strike_R","Strike_R","Strike_R","Strike_R","Strike_R","Defend_R","Defend_R","Defend_R","Bash+1","AscendersBane","Reckless Charge+1","True Grit","Shrug It Off","Shrug It Off","Twin Strike","Clothesline","Limit Break","Combust","Brutality","Disarm"],"max_hp_per_floor":[75,75,75,75,75,75,75,75,75,75,75,75,75,75,75,75,75,75,75,75,75,75],"relics":["Burning Blood","Vajra","Calipers","Bag of Preparation","Pen Nib","Runic Cube"],"card_choices":[{"not_picked":["Heavy Blade","Anger"],"picked":"Reckless Charge","floor":1},{"not_picked":["Intimidate","Heavy Blade"],"picked":"True Grit","floor":2},{"not_picked":["Heavy Blade","Second Wind"],"picked":"Shrug It Off","floor":5},{"not_picked":["Ghostly Armor","Warcry"],"picked":"Twin Strike","floor":7},{"not_picked":["Pommel Strike","True Grit"],"picked":"Clothesline","floor":11},{"not_picked":["Perfected Strike","Pommel Strike"],"picked":"Limit Break","floor":13},{"not_picked":["Blood for Blood","Rupture"],"picked":"Combust","floor":14},{"not_picked":["Double Tap","Barricade"],"picked":"Brutality","floor":16},{"not_picked":["Rampage","Body Slam"],"picked":"Disarm","floor":18}],"player_experience":311574,"potions_floor_usage":[14,16,16,21],"damage_taken":[{"damage":0,"enemies":"Small Slimes","floor":1,"turns":4},{"damage":4,"enemies":"Jaw Worm","floor":2,"turns":4},{"damage":0,"enemies":"2 Louse","floor":5,"turns":2},{"damage":61,"enemies":"Lagavulin","floor":7,"turns":8},{"damage":3,"enemies":"Exordium Thugs","floor":11,"turns":4},{"damage":0,"enemies":"2 Fungi Beasts","floor":12,"turns":3},{"damage":4,"enemies":"Looter","floor":13,"turns":3},{"damage":0,"enemies":"Lots of Slimes","floor":14,"turns":2},{"damage":17,"enemies":"Slime Boss","floor":16,"turns":9},{"damage":24,"enemies":"3 Byrds","floor":18,"turns":5},{"damage":35,"enemies":"Spheric Guardian","floor":20,"turns":6},{"damage":30,"enemies":"Centurion and Healer","floor":21,"turns":6},{"damage":16,"enemies":"3 Cultists","floor":22,"turns":3}],"event_choices":[{"event_name":"Big Fish","player_choice":"Box","floor":3,"damage_taken":0},{"event_name":"Living Wall","player_choice":"Change","floor":4,"damage_taken":0},{"event_name":"Ghosts","player_choice":"Ignored","floor":19,"damage_taken":0}],"boss_relics":[{"not_picked":["Astrolabe","Lizard Tail"],"picked":"Runic Cube"}],"potions_floor_spawned":[2,7,11,13,18],"seed_played":"-7306216967668587960","killed_by":"3 Cultists","ascension_level":15,"is_trial":false}