{"gold_per_floor":[118,130,141,66,27,60,60,89,89,89,89],"floor_reached":11,"playtime":436,"items_purged":[],"score":146,"play_id":"8fbf2704-add2-460a-8920-f1374c719e63","local_time":"20190319093512","is_ascension_mode":true,"campfire_choices":[{"floor":7,"key":"REST"}],"neow_cost":"NONE","seed_source_timestamp":104841003775237,"circlet_count":0,"master_deck":["AscendersBane","Strike_R","Strike_R","Strike_R","Strike_R","Defend_R","Defend_R","Defend_R","Defend_R","Bash","Cleave","Sword Boomerang","Dropkick","Offering","Iron Wave"],"relics":["Burning Blood","Omamori","Sundial","Pantograph","GremlinMask"],"potions_floor_usage":[8,11],"damage_taken":[{"damage":9,"enemies":"Jaw Worm","floor":1,"turns":5},{"damage":6,"enemies":"Cultist","floor":2,"turns":3},{"damage":8,"enemies":"2 Louse","floor":3,"turns":2},{"damage":62,"enemies":"Lagavulin","floor":6,"turns":7},{"damage":36,"enemies":"3 Sentries","floor":8,"turns":8},{"damage":12,"enemies":"Gremlin Gang","floor":11,"turns":2}],"seed_played":"-6461362574010361586","potions_obtained":[{"floor":2,"key":"Swift Potion"},{"floor":8,"key":"AttackPotion"}],"is_trial":false,"path_per_floor":["M","M","M","?","$","E","R","E","T","?","M"],"character_chosen":"IRONCLAD","items_purchased":["Dropkick"],"campfire_rested":1,"item_purchase_floors":[5],"current_hp_per_floor":[72,72,70,70,70,14,38,8,8,8,0],"gold":89,"neow_bonus":"TEN_PERCENT_HP_BONUS","is_prod":false,"is_daily":false,"chose_seed":false,"campfire_upgraded":0,"win_rate":0,"timestamp":1553006112,"path_taken":["M","M","M","?","$","E","R","E","T","?","?"],"build_version":"2019-01-23","purchased_purges":0,"victory":false,"max_hp_per_floor":[82,82,82,82,82,82,82,82,82,82,82],"card_choices":[{"not_picked":["Thunderclap","Fire Breathing","Clash"],"picked":"SKIP","floor":1},{"not_picked":["Twin Strike","Wild Strike"],"picked":"Cleave","floor":2},{"not_picked":["Headbutt","Wild Strike"],"picked":"Sword Boomerang","floor":3},{"not_picked":["Twin Strike","Reckless Charge"],"picked":"Offering","floor":6},{"not_picked":["Sword Boomerang","Twin Strike"],"picked":"Iron Wave","floor":8}],"player_experience":618553,"relics_obtained":[{"floor":6,"key":"Omamori"},{"floor":8,"key":"Sundial"},{"floor":9,"key":"Pantograph"}],"event_choices":[{"cards_removed":["Strike_R"],"damage_healed":0,"gold_gain":0,"player_choice":"Card Removal","damage_taken":0,"max_hp_gain":0,"max_hp_loss":0,"event_name":"The Cleric","floor":4,"gold_loss":75},{"damage_healed":0,"gold_gain":0,"player_choice":"Trade","damage_taken":0,"relics_obtained":["GremlinMask"],"max_hp_gain":0,"max_hp_loss":0,"event_name":"FaceTrader","floor":10,"gold_loss":0}],"is_beta":false,"boss_relics":[],"items_purged_floors":[],"is_endless":false,"potions_floor_spawned":[2,8],"killed_by":"Gremlin Gang","ascension_level":16}