{"gold_per_floor":[116,132,144,159,177,177,204,204,204,221,238,251,312,343,343,439,439,458,471,396,396,396,424,70,70,96,140,166,197,243,266,278,389,401,431,443,455,137,0,29,39,71,71,71,81,106,125,137,137,137],"floor_reached":51,"playtime":5190,"items_purged":["Thunder Strike","Streamline","Darkness"],"score":1338,"play_id":"a1d561b0-f1ce-432d-86e7-1e6e78b3fb5a","local_time":"20190218140345","is_ascension_mode":true,"campfire_choices":[{"data":"Go for the Eyes","floor":6,"key":"SMITH"},{"floor":8,"key":"REST"},{"data":"Zap","floor":15,"key":"SMITH"},{"data":"Biased Cognition","floor":25,"key":"SMITH"},{"data":"Reboot","floor":32,"key":"SMITH"},{"floor":49,"key":"REST"}],"neow_cost":"NONE","seed_source_timestamp":2528618863600,"circlet_count":0,"master_deck":["AscendersBane","Zap+1","Dualcast+1","Go for the Eyes+1","Conserve Battery+1","Core Surge+1","Gash+1","Ball Lightning+1","Conserve Battery+1","Ball Lightning+1","Chill+1","Gash+1","Electrodynamics+1","Darkness+1","Rainbow+1","Double Energy+1","Reboot+1","Auto Shields+1","Biased Cognition+1","Conserve Battery+1","Undo+1","Glacier+1","Self Repair+1","Machine Learning+1","Deep Breath+1","Defragment+1","Reprogram+1","Reinforced Body+1"],"relics":["Cracked Core","Blue Candle","Mercury Hourglass","Meat on the Bone","Strawberry","Pandora\u0027s Box","Nilry\u0027s Codex","FossilizedHelix","Frozen Egg 2","MawBank","Lantern","Smiling Mask","Fusion Hammer","Lee\u0027s Waffle","Red Mask","Ginger","Bag of Preparation","Ornamental Fan","Mark of the Bloom","Pantograph"],"potions_floor_usage":[7,13,16,33,50],"damage_taken":[{"damage":2,"enemies":"Jaw Worm","floor":1,"turns":3},{"damage":10,"enemies":"Small Slimes","floor":2,"turns":2},{"damage":6,"enemies":"2 Louse","floor":3,"turns":3},{"damage":0,"enemies":"2 Fungi Beasts","floor":4,"turns":3},{"damage":1,"enemies":"Exordium Wildlife","floor":5,"turns":5},{"damage":13,"enemies":"3 Sentries","floor":7,"turns":6},{"damage":0,"enemies":"3 Louse","floor":10,"turns":2},{"damage":0,"enemies":"2 Fungi Beasts","floor":11,"turns":3},{"damage":0,"enemies":"Exordium Wildlife","floor":12,"turns":3},{"damage":12,"enemies":"Lagavulin Event","floor":13,"turns":5},{"damage":23,"enemies":"Gremlin Nob","floor":14,"turns":4},{"damage":25,"enemies":"The Guardian","floor":16,"turns":9},{"damage":0,"enemies":"3 Byrds","floor":18,"turns":2},{"damage":1,"enemies":"Chosen","floor":19,"turns":3},{"damage":10,"enemies":"Gremlin Leader","floor":23,"turns":5},{"damage":29,"enemies":"Book of Stabbing","floor":27,"turns":4},{"damage":8,"enemies":"Sentry and Sphere","floor":28,"turns":4},{"damage":0,"enemies":"Shelled Parasite and Fungi","floor":29,"turns":5},{"damage":20,"enemies":"Gremlin Leader","floor":30,"turns":4},{"damage":0,"enemies":"Snecko","floor":31,"turns":4},{"damage":27,"enemies":"Champ","floor":33,"turns":9},{"damage":0,"enemies":"Orb Walker","floor":35,"turns":3},{"damage":27,"enemies":"Nemesis","floor":40,"turns":7},{"damage":0,"enemies":"3 Shapes","floor":41,"turns":4},{"damage":10,"enemies":"Giant Head","floor":42,"turns":8},{"damage":0,"enemies":"Jaw Worm Horde","floor":45,"turns":3},{"damage":0,"enemies":"Nemesis","floor":46,"turns":5},{"damage":0,"enemies":"Maw","floor":47,"turns":4},{"damage":0,"enemies":"Transient","floor":48,"turns":5},{"damage":0,"enemies":"Donu and Deca","floor":50,"turns":8}],"seed_played":"7702146458626837739","potions_obtained":[{"floor":3,"key":"AttackPotion"},{"floor":7,"key":"LiquidBronze"},{"floor":11,"key":"LiquidBronze"},{"floor":13,"key":"Fire Potion"},{"floor":16,"key":"Ancient Potion"},{"floor":31,"key":"Dexterity Potion"},{"floor":48,"key":"GamblersBrew"}],"is_trial":false,"path_per_floor":["M","M","M","M","M","R","E","R","T","M","M","M","?","E","R","B",null,"M","M","$","?","?","E","$","R","T","E","M","M","E","M","R","B",null,"M","?","?","$","?","E","M","E","T","?","M","E","M","M","R","B",null],"character_chosen":"DEFECT","items_purchased":["Frozen Egg 2","FocusPotion","Lee\u0027s Waffle"],"campfire_rested":2,"item_purchase_floors":[24,38,38],"current_hp_per_floor":[66,56,50,50,49,49,36,58,58,58,58,58,46,42,42,29,69,69,68,68,68,52,42,42,42,42,25,29,41,33,55,55,50,74,74,74,74,89,89,72,82,82,82,82,82,82,82,82,82,82],"gold":137,"neow_bonus":"TRANSFORM_CARD","is_prod":false,"is_daily":false,"chose_seed":false,"campfire_upgraded":4,"win_rate":0,"timestamp":1550527425,"path_taken":["M","M","M","M","M","R","E","R","T","M","M","M","?","E","R","BOSS","M","M","$","?","?","E","$","R","T","E","M","?","E","M","R","BOSS","M","?","?","$","?","E","M","E","T","?","M","E","?","M","R","BOSS"],"build_version":"2019-01-23","purchased_purges":3,"victory":true,"max_hp_per_floor":[75,75,75,75,75,75,75,75,75,75,75,75,75,82,82,82,82,82,82,82,82,82,82,82,82,82,82,82,82,82,82,82,82,82,82,82,82,89,89,89,89,89,89,89,89,89,89,89,89,89],"card_choices":[{"not_picked":["Beam Cell","Blizzard","White Noise"],"picked":"SKIP","floor":1},{"not_picked":["Lockon","Beam Cell"],"picked":"Conserve Battery","floor":2},{"not_picked":["Storm","Hologram"],"picked":"Core Surge","floor":3},{"not_picked":["Go for the Eyes","Beam Cell"],"picked":"Gash","floor":4},{"not_picked":["Turbo","Double Energy"],"picked":"Ball Lightning","floor":5},{"not_picked":["Storm","Redo"],"picked":"Conserve Battery","floor":7},{"not_picked":["Skim","Fusion"],"picked":"Ball Lightning","floor":10},{"not_picked":["Storm","Stack","Scrape"],"picked":"SKIP","floor":11},{"not_picked":["Darkness","Creative AI"],"picked":"Chill","floor":12},{"not_picked":["Cold Snap","Darkness"],"picked":"Gash","floor":13},{"not_picked":["Melter","Leap"],"picked":"Cold Snap","floor":14},{"not_picked":["Rainbow","All For One"],"picked":"Electrodynamics","floor":16},{"not_picked":["Compile Driver+1","Barrage"],"picked":"Auto Shields+1","floor":18},{"not_picked":["Rebound+1","Sweeping Beam","Chaos"],"picked":"SKIP","floor":19},{"not_picked":["Go for the Eyes","Stack+1"],"picked":"Conserve Battery","floor":23},{"not_picked":["Hologram","Streamline+1","Stack"],"picked":"SKIP","floor":27},{"not_picked":["Beam Cell","Fission"],"picked":"Undo","floor":28},{"not_picked":["Stack","Chaos+1"],"picked":"Glacier","floor":29},{"not_picked":["Rebound","Storm+1"],"picked":"Self Repair+1","floor":30},{"not_picked":["Compile Driver","Rebound","Sweeping Beam"],"picked":"SKIP","floor":31},{"not_picked":["Electrodynamics+1","Reboot"],"picked":"Machine Learning+1","floor":33},{"not_picked":["Leap+1","Melter","Stack+1"],"picked":"SKIP","floor":35},{"not_picked":["Madness","HandOfGreed"],"picked":"Deep Breath","floor":36},{"not_picked":["Static Discharge+1","Chill"],"picked":"Defragment+1","floor":40},{"not_picked":["Undo","Glacier"],"picked":"Reprogram","floor":41},{"not_picked":["White Noise","Melter"],"picked":"Reinforced Body","floor":42},{"not_picked":["Rebound","Force Field","Cold Snap"],"picked":"SKIP","floor":45},{"not_picked":["Consume+1","Rebound","Go for the Eyes+1"],"picked":"SKIP","floor":46},{"not_picked":["Aggregate+1","Streamline+1","Self Repair+1"],"picked":"SKIP","floor":47},{"not_picked":["Cold Snap","Redo+1","Sweeping Beam"],"picked":"SKIP","floor":48}],"player_experience":654072,"relics_obtained":[{"floor":7,"key":"Blue Candle"},{"floor":9,"key":"Mercury Hourglass"},{"floor":13,"key":"Meat on the Bone"},{"floor":14,"key":"Strawberry"},{"floor":22,"key":"Nilry\u0027s Codex"},{"floor":23,"key":"FossilizedHelix"},{"floor":26,"key":"MawBank"},{"floor":27,"key":"Lantern"},{"floor":30,"key":"Smiling Mask"},{"floor":40,"key":"Ginger"},{"floor":42,"key":"Bag of Preparation"},{"floor":43,"key":"Ornamental Fan"},{"floor":46,"key":"Pantograph"}],"event_choices":[{"damage_healed":0,"gold_gain":0,"player_choice":"Searched \u00271\u0027 times","damage_taken":0,"max_hp_gain":0,"max_hp_loss":0,"event_name":"Dead Adventurer","floor":13,"gold_loss":0},{"damage_healed":0,"gold_gain":0,"player_choice":"Read","damage_taken":0,"max_hp_gain":0,"max_hp_loss":0,"event_name":"The Library","floor":21,"gold_loss":0,"cards_obtained":["Biased Cognition"]},{"damage_healed":0,"gold_gain":0,"player_choice":"Obtained Book","damage_taken":16,"max_hp_gain":0,"max_hp_loss":0,"event_name":"Cursed Tome","floor":22,"gold_loss":0},{"damage_healed":0,"gold_gain":0,"player_choice":"Memory 1","damage_taken":0,"max_hp_gain":0,"max_hp_loss":0,"event_name":"SensoryStone","floor":36,"gold_loss":0},{"cards_removed":["Cold Snap"],"damage_healed":0,"gold_gain":0,"player_choice":"Removed Attack","damage_taken":0,"max_hp_gain":0,"max_hp_loss":0,"event_name":"Falling","floor":37,"gold_loss":0},{"damage_healed":0,"gold_gain":0,"player_choice":"Paid","damage_taken":0,"relics_obtained":["Red Mask"],"max_hp_gain":0,"max_hp_loss":0,"event_name":"Tomb of Lord Red Mask","floor":39,"gold_loss":137},{"damage_healed":0,"gold_gain":0,"player_choice":"Upgrade","damage_taken":0,"relics_obtained":["Mark of the Bloom"],"max_hp_gain":0,"max_hp_loss":0,"event_name":"MindBloom","floor":44,"gold_loss":0,"cards_upgraded":["Dualcast","Conserve Battery","Core Surge","Gash","Ball Lightning","Conserve Battery","Ball Lightning","Chill","Gash","Electrodynamics","Darkness","Rainbow","Double Energy","Conserve Battery","Undo","Glacier","Deep Breath","Reprogram","Reinforced Body"]}],"is_beta":false,"boss_relics":[{"not_picked":["Runic Dome","Coffee Dripper"],"picked":"Pandora\u0027s Box"},{"not_picked":["Astrolabe","Runic Pyramid"],"picked":"Fusion Hammer"}],"items_purged_floors":[20,24,38],"is_endless":false,"potions_floor_spawned":[3,7,11,12,13,16,19,23,28,30,31,41,47,48],"ascension_level":12}