{"path_per_floor":["M","?","M","$","M","R","E","R","T","?","R","?","$","M","R","B",null,"M","$","M","$","M"],"character_chosen":"THE_SILENT","items_purchased":["Poisoned Stab","A Thousand Cuts","Finisher","Slice","Dodge and Roll"],"gold_per_floor":[113,113,123,72,87,87,117,117,117,117,117,192,35,51,51,147,147,167,47,62,17,34,34],"floor_reached":23,"campfire_rested":2,"playtime":2071,"current_hp_per_floor":[42,70,60,60,59,59,35,60,70,51,79,68,68,68,68,34,94,69,69,37,37,8,0],"items_purged":[],"gold":34,"score":214,"play_id":"96774605-0808-4fcd-b185-d104a01b41ae","local_time":"20180512054036","is_prod":false,"is_daily":false,"chose_seed":false,"is_ascension_mode":false,"campfire_upgraded":2,"timestamp":1526096436,"path_taken":["M","?","M","$","M","R","E","R","T","?","R","?","$","M","R","BOSS","M","$","M","$","M","E"],"build_version":"2018-05-10","seed_source_timestamp":137138708354002,"purchased_purges":0,"victory":false,"master_deck":["Defend_G","Defend_G","Defend_G","Defend_G","Defend_G","Strike_G","Strike_G","Strike_G+1","Strike_G+1","Strike_G","Survivor","Neutralize","Bane+1","Poisoned Stab","Infinite Blades","Backstab","A Thousand Cuts+1","Terror","Slice+1","Finisher","Slice","Finisher+1","Dodge and Roll","Deflect+1"],"max_hp_per_floor":[84,84,84,84,84,84,84,84,94,94,94,94,94,94,94,94,94,94,94,94,94,94,94],"relics":["Ring of the Snake","Calipers","Pear","Eternal Feather"],"card_choices":[{"not_picked":["Dagger Throw","Prepared"],"picked":"Bane","floor":3},{"not_picked":["Dagger Throw","Dagger Spray"],"picked":"Infinite Blades","floor":5},{"not_picked":["Underhanded Strike","Prepared"],"picked":"Backstab","floor":7},{"not_picked":["Finisher","Flechettes"],"picked":"Terror","floor":14},{"not_picked":["Prepared","Bouncing Flask"],"picked":"Slice","floor":18},{"not_picked":["Dagger Throw","Terror"],"picked":"Finisher","floor":20},{"not_picked":["Flying Knee","Footwork"],"picked":"Deflect","floor":22}],"player_experience":27293,"potions_floor_usage":[],"damage_taken":[{"damage":0,"enemies":"Small Slimes","floor":1,"turns":3},{"damage":10,"enemies":"2 Louse","floor":3,"turns":4},{"damage":1,"enemies":"Jaw Worm","floor":5,"turns":3},{"damage":24,"enemies":"Gremlin Nob","floor":7,"turns":5},{"damage":0,"enemies":"Large Slime","floor":14,"turns":5},{"damage":34,"enemies":"Hexaghost","floor":16,"turns":9},{"damage":25,"enemies":"2 Thieves","floor":18,"turns":4},{"damage":32,"enemies":"3 Byrds","floor":20,"turns":5},{"damage":29,"enemies":"Sentry and Sphere","floor":22,"turns":6},{"damage":8,"enemies":"Book of Stabbing","floor":23,"turns":2}],"event_choices":[{"event_name":"Big Fish","player_choice":"Banana","floor":2,"damage_taken":0},{"event_name":"Shining Light","player_choice":"Entered Light","floor":10,"damage_taken":0},{"event_name":"World of Goop","player_choice":"Gather Gold","floor":12,"damage_taken":0}],"boss_relics":[{"not_picked":["Velvet Choker","Calling Bell"],"picked":"Eternal Feather"}],"potions_floor_spawned":[1,5,14,18,22],"seed_played":"-1833604563233716073","killed_by":"Book of Stabbing","ascension_level":0,"is_trial":false}