{"path_per_floor":["M","M","?","$","M","R","M","R","T","R","M","E","?","M","R","B"],"character_chosen":"THE_SILENT","items_purchased":[],"gold_per_floor":[119,129,129,54,66,66,86,86,86,86,97,127,94,111,111,214,214],"floor_reached":17,"campfire_rested":3,"playtime":614,"current_hp_per_floor":[30,27,20,20,20,41,40,61,61,61,57,37,37,28,49,17,57],"items_purged":["Defend_G"],"gold":214,"score":243,"play_id":"126dcd40-2664-4548-83de-c81ab156c962","local_time":"20180509181620","is_prod":false,"is_daily":false,"chose_seed":false,"is_ascension_mode":true,"campfire_upgraded":1,"timestamp":1525914980,"path_taken":["M","M","?","$","M","R","?","R","T","R","M","E","?","M","R","BOSS"],"build_version":"2018-05-03","seed_source_timestamp":64594899365357,"purchased_purges":1,"victory":false,"master_deck":["Defend_G","Defend_G","Defend_G","Defend_G","Strike_G","Strike_G","Strike_G","Strike_G","Strike_G","Survivor","Neutralize","AscendersBane","Flying Knee","Dodge and Roll","Malaise+1","Dagger Spray","Dagger Spray","Flying Knee","Cloak And Dagger","Glass Knife"],"max_hp_per_floor":[70,70,70,70,70,70,70,70,70,70,70,70,70,70,70,70,70],"relics":["Ring of the Snake","Dead Branch","The Courier","Mercury Hourglass","Sozu"],"card_choices":[{"not_picked":["Well Laid Plans","Slice"],"picked":"Flying Knee","floor":1},{"not_picked":["Acrobatics","Finisher"],"picked":"Dodge and Roll","floor":2},{"not_picked":["Flechettes","Heel Hook"],"picked":"Malaise","floor":5},{"not_picked":["Cloak And Dagger","Outmaneuver"],"picked":"Dagger Spray","floor":7},{"not_picked":["Eviscerate","Calculated Gamble"],"picked":"Dagger Spray","floor":11},{"not_picked":["Grand Finale","Wraith Form v2"],"picked":"Flying Knee","floor":12},{"not_picked":["PiercingWail","Acrobatics"],"picked":"Cloak And Dagger","floor":14},{"not_picked":["Bullet Time","Wraith Form v2"],"picked":"Glass Knife","floor":16}],"player_experience":277610,"potions_floor_usage":[7,12],"damage_taken":[{"damage":2,"enemies":"Small Slimes","floor":1,"turns":4},{"damage":3,"enemies":"Cultist","floor":2,"turns":5},{"damage":0,"enemies":"2 Louse","floor":5,"turns":4},{"damage":1,"enemies":"Looter","floor":7,"turns":3},{"damage":4,"enemies":"Red Slaver","floor":11,"turns":6},{"damage":32,"enemies":"Gremlin Nob","floor":12,"turns":5},{"damage":9,"enemies":"Blue Slaver","floor":14,"turns":3},{"damage":32,"enemies":"Slime Boss","floor":16,"turns":9}],"event_choices":[{"event_name":"Wheel of Change","player_choice":"Damage","floor":3,"damage_taken":0},{"event_name":"World of Goop","player_choice":"Left","floor":13,"damage_taken":0}],"boss_relics":[{"not_picked":["Eternal Feather","Runic Dome"],"picked":"Sozu"}],"potions_floor_spawned":[5,7,16],"seed_played":"-9022482021109123832","ascension_level":11,"is_trial":false}