{"gold_per_floor":[110,125,53,53,70,70,129,129,153,168,203,7,32,49,49,49],"floor_reached":16,"playtime":704,"items_purged":["Strike_G"],"score":168,"play_id":"b89ca184-3c5b-4ea1-9551-90c6c8c90cae","local_time":"20181120183105","is_ascension_mode":true,"campfire_choices":[{"data":"Neutralize","floor":6,"key":"SMITH"},{"data":"Footwork","floor":8,"key":"SMITH"},{"data":"Footwork","floor":15,"key":"SMITH"}],"neow_cost":"NONE","seed_source_timestamp":322790303818090,"circlet_count":0,"master_deck":["Defend_G","Defend_G","Defend_G","Defend_G","Defend_G","Strike_G","Strike_G","Strike_G","Strike_G","Survivor","Neutralize+1","Crippling Poison","Footwork+1","Dagger Throw","Escape Plan","Malaise","Masterful Stab","Footwork+1"],"relics":["Ring of the Snake","NeowsBlessing","Tiny Chest","PreservedInsect","Meat on the Bone","Omamori"],"potions_floor_usage":[7,11,11,16],"damage_taken":[{"damage":0,"enemies":"Cultist","floor":1,"turns":1},{"damage":0,"enemies":"2 Louse","floor":2,"turns":1},{"damage":0,"enemies":"Jaw Worm","floor":5,"turns":1},{"damage":24,"enemies":"3 Sentries","floor":7,"turns":13},{"damage":13,"enemies":"Gremlin Gang","floor":10,"turns":6},{"damage":16,"enemies":"Lagavulin","floor":11,"turns":9},{"damage":14,"enemies":"Gremlin Nob","floor":13,"turns":6},{"damage":0,"enemies":"Exordium Thugs","floor":14,"turns":6},{"damage":36,"enemies":"Slime Boss","floor":16,"turns":13}],"seed_played":"-8246707896064945818","potions_obtained":[{"floor":2,"key":"LiquidBronze"},{"floor":7,"key":"Strength Potion"},{"floor":10,"key":"SkillPotion"},{"floor":14,"key":"FearPotion"}],"is_trial":false,"path_per_floor":["M","M","$","?","M","R","E","R","T","M","E","$","E","M","R","B"],"character_chosen":"THE_SILENT","items_purchased":["Footwork","Masterful Stab","Footwork"],"campfire_rested":0,"item_purchase_floors":[3,12,12],"current_hp_per_floor":[63,63,63,70,70,70,46,46,46,33,17,17,15,27,27,0],"gold":49,"neow_bonus":"THREE_ENEMY_KILL","is_prod":false,"is_daily":false,"chose_seed":false,"campfire_upgraded":3,"win_rate":0,"timestamp":1542756665,"path_taken":["M","?","$","?","?","R","E","R","T","M","E","$","E","M","R","BOSS"],"build_version":"2018-11-15","purchased_purges":1,"victory":false,"max_hp_per_floor":[70,70,70,70,70,70,70,70,70,70,70,70,70,70,70,70],"card_choices":[{"not_picked":["Outmaneuver","PiercingWail","Eviscerate"],"picked":"SKIP","floor":1},{"not_picked":["Blur","PiercingWail"],"picked":"Crippling Poison","floor":2},{"not_picked":["Backflip","Concentrate"],"picked":"Dagger Throw","floor":5},{"not_picked":["Outmaneuver","Backflip","Underhanded Strike"],"picked":"SKIP","floor":7},{"not_picked":["Dagger Throw","Catalyst"],"picked":"Escape Plan","floor":10},{"not_picked":["Choke","Prepared"],"picked":"Malaise","floor":11},{"not_picked":["Acrobatics","Dodge and Roll","Caltrops"],"picked":"SKIP","floor":13},{"not_picked":["Acrobatics","Outmaneuver","Eviscerate"],"picked":"SKIP","floor":14}],"player_experience":445474,"relics_obtained":[{"floor":7,"key":"Tiny Chest"},{"floor":9,"key":"PreservedInsect"},{"floor":11,"key":"Meat on the Bone"},{"floor":13,"key":"Omamori"}],"event_choices":[{"damage_healed":7,"gold_gain":0,"player_choice":"Full Heal","damage_taken":0,"max_hp_gain":0,"max_hp_loss":0,"event_name":"Wheel of Change","floor":4,"gold_loss":0}],"is_beta":true,"boss_relics":[],"items_purged_floors":[12],"is_endless":false,"potions_floor_spawned":[2,7,10,14],"killed_by":"Slime Boss","ascension_level":8}