{"gold_per_floor":[118,118,118,134,134,169,185,185,185,211,211,239,239,255,255,352,352,362,377,377],"floor_reached":20,"playtime":1066,"items_purged":[],"score":259,"play_id":"73ca201f-2950-4477-9192-355ef98c6e49","local_time":"20181225233223","is_ascension_mode":true,"campfire_choices":[{"data":"Carnage","floor":8,"key":"SMITH"},{"floor":11,"key":"REST"},{"data":"Body Slam","floor":15,"key":"SMITH"}],"neow_cost":"NONE","seed_source_timestamp":639300654864848,"circlet_count":0,"master_deck":["Strike_R+1","Strike_R+1","Defend_R","Defend_R","Defend_R","Bash","Feel No Pain","Iron Wave","Body Slam+1","Seeing Red","Clothesline","Carnage+1","Juggernaut","Iron Wave","Impervious","Demon Form","Evolve+1","Pummel+1","True Grit+1","Entrench","Heavy Blade","Body Slam+1"],"relics":["Burning Blood","Prayer Wheel","Kunai","Bag of Preparation","The Courier","Astrolabe"],"potions_floor_usage":[6,10,12,16],"damage_taken":[{"damage":14,"enemies":"Jaw Worm","floor":1,"turns":4},{"damage":10,"enemies":"2 Louse","floor":4,"turns":2},{"damage":54,"enemies":"Gremlin Nob","floor":6,"turns":6},{"damage":4,"enemies":"Small Slimes","floor":7,"turns":3},{"damage":35,"enemies":"Lagavulin","floor":10,"turns":7},{"damage":6,"enemies":"Gremlin Nob","floor":12,"turns":3},{"damage":0,"enemies":"2 Fungi Beasts","floor":14,"turns":3},{"damage":10,"enemies":"Hexaghost","floor":16,"turns":7},{"damage":13,"enemies":"Spheric Guardian","floor":18,"turns":4},{"damage":43,"enemies":"3 Byrds","floor":19,"turns":5},{"damage":28,"enemies":"Snake Plant","floor":20,"turns":3}],"seed_played":"-9026950723248708112","potions_obtained":[{"floor":4,"key":"Regen Potion"},{"floor":6,"key":"Regen Potion"},{"floor":10,"key":"AttackPotion"},{"floor":14,"key":"PowerPotion"}],"is_trial":false,"path_per_floor":["M","?","?","M","?","E","M","R","T","E","R","E","?","M","R","B",null,"M","M","M"],"character_chosen":"IRONCLAD","items_purchased":[],"campfire_rested":1,"item_purchase_floors":[],"current_hp_per_floor":[64,57,57,53,58,25,27,27,27,13,38,38,21,27,27,23,70,63,26,0],"gold":377,"neow_bonus":"THREE_CARDS","is_prod":false,"is_daily":false,"chose_seed":false,"campfire_upgraded":2,"win_rate":0,"timestamp":1545802343,"path_taken":["M","?","?","M","?","E","?","R","T","E","R","E","?","M","R","BOSS","M","M","M"],"build_version":"2018-12-20","purchased_purges":0,"victory":false,"max_hp_per_floor":[80,80,80,80,85,85,85,85,85,85,85,85,85,85,85,85,85,85,85,85],"card_choices":[{"not_picked":["Headbutt","Hemokinesis"],"picked":"Feel No Pain","floor":0},{"not_picked":["Flex","Wild Strike"],"picked":"Iron Wave","floor":1},{"not_picked":["Hemokinesis","Thunderclap"],"picked":"Body Slam","floor":4},{"not_picked":["Bludgeon","Armaments"],"picked":"Seeing Red","floor":6},{"not_picked":["Rage","Whirlwind"],"picked":"Clothesline","floor":7},{"not_picked":["Heavy Blade","Cleave"],"picked":"Carnage","floor":7},{"not_picked":["Burning Pact","Blood for Blood"],"picked":"Juggernaut","floor":10},{"not_picked":["Heavy Blade","Bloodletting","Searing Blow"],"picked":"SKIP","floor":12},{"not_picked":["Twin Strike","Body Slam"],"picked":"Iron Wave","floor":14},{"not_picked":["Spot Weakness","Entrench"],"picked":"Impervious","floor":14},{"not_picked":["Brutality","Double Tap"],"picked":"Demon Form","floor":16},{"not_picked":["Searing Blow","Anger+1"],"picked":"Entrench","floor":18},{"not_picked":["Anger+1","Headbutt+1"],"picked":"Heavy Blade","floor":18},{"not_picked":["Heavy Blade+1","True Grit"],"picked":"Body Slam+1","floor":19},{"not_picked":["Pommel Strike","Clash","Flex"],"picked":"SKIP","floor":19}],"player_experience":295987,"relics_obtained":[{"floor":6,"key":"Prayer Wheel"},{"floor":9,"key":"Kunai"},{"floor":10,"key":"Bag of Preparation"},{"floor":12,"key":"The Courier"}],"event_choices":[{"cards_removed":["Strike_R"],"damage_healed":0,"gold_gain":0,"player_choice":"Card Removal","damage_taken":7,"max_hp_gain":0,"max_hp_loss":0,"event_name":"Golden Wing","floor":2,"gold_loss":0},{"damage_healed":0,"gold_gain":0,"player_choice":"Ignored","damage_taken":0,"max_hp_gain":0,"max_hp_loss":0,"event_name":"Liars Game","floor":3,"gold_loss":0},{"damage_healed":0,"gold_gain":0,"player_choice":"Donut","damage_taken":0,"max_hp_gain":5,"max_hp_loss":0,"event_name":"Big Fish","floor":5,"gold_loss":0},{"damage_healed":0,"gold_gain":0,"player_choice":"Entered Light","damage_taken":17,"max_hp_gain":0,"max_hp_loss":0,"event_name":"Shining Light","floor":13,"gold_loss":0,"cards_upgraded":["Strike_R","Strike_R"]}],"is_beta":false,"boss_relics":[{"not_picked":["Lizard Tail","Eternal Feather"],"picked":"Astrolabe"}],"items_purged_floors":[],"is_endless":false,"potions_floor_spawned":[4,6,10,14],"killed_by":"Snake Plant","ascension_level":7}