{"path_per_floor":["M","?","M","?","$","R","E","R","T","E","M","E","R","?","R","B",null,"M","$","?","$"],"character_chosen":"DEFECT","items_purchased":["Machine Learning","Matryoshka"],"gold_per_floor":[18,18,28,28,28,28,61,61,61,95,106,139,139,389,389,484,484,498,422,449,129,129],"floor_reached":22,"campfire_rested":2,"playtime":768,"item_purchase_floors":[19,21],"current_hp_per_floor":[72,72,72,72,72,72,40,62,62,40,38,30,52,52,52,17,75,56,56,25,25,0],"items_purged":["Strike_B"],"gold":129,"score":218,"play_id":"2fd124bb-ea38-4c34-a420-27fc986ecc44","local_time":"20180603220124","is_prod":false,"is_daily":false,"chose_seed":false,"is_ascension_mode":true,"campfire_upgraded":2,"win_rate":0,"timestamp":1528088484,"campfire_choices":[{"data":"Beam Cell","floor":6,"key":"SMITH"},{"floor":8,"key":"REST"},{"floor":13,"key":"REST"},{"data":"Ball Lightning","floor":15,"key":"SMITH"}],"path_taken":["M","?","M","?","?","R","E","R","T","E","M","E","R","?","R","BOSS","M","$","?","$","M"],"build_version":"2018-05-31","seed_source_timestamp":533856624797734,"purchased_purges":1,"victory":false,"master_deck":["Strike_B","Strike_B","Strike_B","Defend_B","Defend_B","Defend_B","Defend_B","Zap","Dualcast","Beam Cell+1","Loop","Ball Lightning+1","Tempest","Loop","Regret","Electrodynamics","Sweeping Beam","Machine Learning","Coolheaded"],"max_hp_per_floor":[75,75,75,75,75,75,75,75,75,75,75,75,75,75,75,75,75,75,75,75,75,75],"relics":["Cracked Core","Ice Cream","Blue Candle","Toolbox","Potion Belt","Orichalcum","White Beast Statue","Red Mask","Matryoshka"],"card_choices":[{"not_picked":["Redo","Rebound"],"picked":"Beam Cell","floor":1},{"not_picked":["Chill","Rebound"],"picked":"Loop","floor":3},{"not_picked":["Meteor Strike","Steam"],"picked":"Ball Lightning","floor":7},{"not_picked":["Rip and Tear","Genetic Algorithm"],"picked":"Tempest","floor":10},{"not_picked":["Doom and Gloom","Compile Driver","Fission"],"picked":"SKIP","floor":11},{"not_picked":["Stack","Hello World"],"picked":"Loop","floor":12},{"not_picked":["Buffer","Biased Cognition"],"picked":"Electrodynamics","floor":16},{"not_picked":["Hologram","Go for the Eyes"],"picked":"Sweeping Beam","floor":18},{"not_picked":["Streamline+1","Hologram"],"picked":"Coolheaded","floor":20}],"player_experience":300115,"potions_floor_usage":[16,20],"damage_taken":[{"damage":3,"enemies":"2 Louse","floor":1,"turns":2},{"damage":0,"enemies":"Small Slimes","floor":3,"turns":2},{"damage":32,"enemies":"Lagavulin","floor":7,"turns":6},{"damage":22,"enemies":"3 Sentries","floor":10,"turns":6},{"damage":2,"enemies":"Jaw Worm","floor":11,"turns":3},{"damage":8,"enemies":"Gremlin Nob","floor":12,"turns":3},{"damage":35,"enemies":"Hexaghost","floor":16,"turns":8},{"damage":19,"enemies":"Chosen","floor":18,"turns":4},{"damage":31,"enemies":"Masked Bandits","floor":20,"turns":3},{"damage":26,"enemies":"Spheric Guardian","floor":22,"turns":3}],"relics_obtained":[{"floor":7,"key":"Blue Candle"},{"floor":9,"key":"Toolbox"},{"floor":10,"key":"Potion Belt"},{"floor":12,"key":"Orichalcum"},{"floor":20,"key":"Red Mask"}],"event_choices":[{"event_name":"Liars Game","player_choice":"disagreed","floor":2,"damage_taken":0},{"event_name":"The Cleric","player_choice":"Leave","floor":4,"damage_taken":0},{"event_name":"Golden Shrine","player_choice":"Desecrate","floor":14,"damage_taken":0},{"event_name":"Masked Bandits","player_choice":"Fought over 422 gold","floor":20,"damage_taken":0}],"boss_relics":[{"not_picked":["Astrolabe","Eternal Feather"],"picked":"White Beast Statue"}],"items_purged_floors":[21],"potions_floor_spawned":[3,12,16,18,20],"seed_played":"1226335355413874182","killed_by":"Spheric Guardian","ascension_level":2,"potions_obtained":[{"floor":3,"key":"FearPotion"},{"floor":12,"key":"Ancient Potion"},{"floor":16,"key":"FocusPotion"},{"floor":18,"key":"Swift Potion"},{"floor":20,"key":"Poison Potion"}],"is_trial":false}