{"gold_per_floor":[109,109,128,203,216,216,244,244,267,284,9,41,54,72,72,146,146,158,158,178,178,191,191,210,210,263,273,303,303,319,353,353,353],"floor_reached":33,"playtime":2704,"items_purged":[],"score":583,"play_id":"d9ddef04-958e-4812-a846-1071c6e03d67","local_time":"20190319170011","is_ascension_mode":true,"campfire_choices":[{"data":"Go for the Eyes","floor":6,"key":"SMITH"},{"floor":8,"key":"REST"},{"floor":15,"key":"REST"},{"floor":23,"key":"REST"},{"floor":25,"key":"REST"},{"floor":29,"key":"REST"},{"floor":32,"key":"REST"}],"neow_cost":"NONE","seed_source_timestamp":113976382857221,"circlet_count":0,"master_deck":["AscendersBane","Strike_B","Strike_B","Strike_B","Strike_B","Defend_B","Defend_B","Defend_B","Defend_B","Zap+1","Dualcast","Go for the Eyes+1","Chill","Defragment","Self Repair","Sweeping Beam","Consume","Genetic Algorithm","Cold Snap","Seek","Coolheaded","BootSequence","Tempest+1","Glacier","Coolheaded","Glacier+1"],"relics":["Cracked Core","PreservedInsect","Omamori","Runic Capacitor","Ice Cream","Fusion Hammer","Nilry\u0027s Codex","Tiny Chest","Oddly Smooth Stone","Toxic Egg 2"],"potions_floor_usage":[12,12,16,16,31,31],"damage_taken":[{"damage":8,"enemies":"Small Slimes","floor":1,"turns":3},{"damage":2,"enemies":"Jaw Worm","floor":3,"turns":4},{"damage":0,"enemies":"2 Louse","floor":5,"turns":2},{"damage":24,"enemies":"3 Sentries","floor":7,"turns":9},{"damage":17,"enemies":"Exordium Wildlife","floor":10,"turns":7},{"damage":14,"enemies":"Gremlin Nob","floor":12,"turns":4},{"damage":13,"enemies":"Large Slime","floor":13,"turns":5},{"damage":14,"enemies":"Red Slaver","floor":14,"turns":4},{"damage":12,"enemies":"The Guardian","floor":16,"turns":13},{"damage":11,"enemies":"Chosen","floor":18,"turns":6},{"damage":7,"enemies":"Spheric Guardian","floor":20,"turns":6},{"damage":19,"enemies":"Snake Plant","floor":22,"turns":4},{"damage":30,"enemies":"Shelled Parasite and Fungi","floor":24,"turns":7},{"damage":12,"enemies":"Centurion and Healer","floor":27,"turns":9},{"damage":31,"enemies":"Book of Stabbing","floor":28,"turns":7},{"damage":9,"enemies":"Snake Plant","floor":30,"turns":6},{"damage":42,"enemies":"Slavers","floor":31,"turns":5},{"damage":51,"enemies":"Collector","floor":33,"turns":9}],"seed_played":"-2779164634833695886","potions_obtained":[{"floor":10,"key":"Swift Potion"},{"floor":12,"key":"Dexterity Potion"},{"floor":13,"key":"Block Potion"},{"floor":16,"key":"FearPotion"},{"floor":20,"key":"Explosive Potion"}],"is_trial":false,"path_per_floor":["M","?","M","?","M","R","E","R","T","M","$","E","M","M","R","B",null,"M","?","M","?","M","R","M","R","T","M","E","R","M","E","R","B"],"character_chosen":"DEFECT","items_purchased":["Runic Capacitor","Block Potion"],"campfire_rested":6,"item_purchase_floors":[11,11],"current_hp_per_floor":[63,63,61,50,50,50,26,49,49,39,39,32,26,19,42,37,68,64,64,64,43,31,54,31,54,54,56,32,55,53,18,41,0],"gold":353,"neow_bonus":"TEN_PERCENT_HP_BONUS","is_prod":false,"is_daily":false,"chose_seed":false,"campfire_upgraded":1,"win_rate":0,"timestamp":1553032811,"path_taken":["M","?","M","?","M","R","E","R","T","M","$","E","M","?","R","BOSS","M","?","M","?","M","R","M","R","T","M","E","R","M","E","R","BOSS"],"build_version":"2019-01-23","purchased_purges":0,"victory":false,"max_hp_per_floor":[78,78,78,78,78,78,78,78,78,78,78,78,78,78,78,78,78,78,78,78,78,78,78,78,78,78,78,78,78,78,78,78,78],"card_choices":[{"not_picked":["Redo","Skim"],"picked":"Go for the Eyes","floor":1},{"not_picked":["Compile Driver","Conserve Battery"],"picked":"Chill","floor":3},{"not_picked":["Darkness","Doom and Gloom"],"picked":"Defragment","floor":5},{"not_picked":["Stack","Heatsinks"],"picked":"Self Repair","floor":7},{"not_picked":["Force Field","Meteor Strike"],"picked":"Sweeping Beam","floor":10},{"not_picked":["Doom and Gloom","Loop"],"picked":"Consume","floor":12},{"not_picked":["Leap","Sweeping Beam"],"picked":"Genetic Algorithm","floor":13},{"not_picked":["Go for the Eyes","Stack"],"picked":"Cold Snap","floor":14},{"not_picked":["Reboot","Buffer"],"picked":"Seek","floor":16},{"not_picked":["Chaos","Leap","Sweeping Beam"],"picked":"SKIP","floor":18},{"not_picked":["Rip and Tear","Melter+1","Beam Cell+1"],"picked":"SKIP","floor":20},{"not_picked":["Go for the Eyes","Steam"],"picked":"BootSequence","floor":22},{"not_picked":["Sweeping Beam","Leap","Gash"],"picked":"SKIP","floor":24},{"not_picked":["Streamline","Hologram"],"picked":"Tempest+1","floor":27},{"not_picked":["Streamline","Leap"],"picked":"Glacier","floor":28},{"not_picked":["Cold Snap","Redo+1"],"picked":"Coolheaded","floor":30},{"not_picked":["Gash","Stack"],"picked":"Glacier","floor":31}],"player_experience":620752,"relics_obtained":[{"floor":7,"key":"PreservedInsect"},{"floor":9,"key":"Omamori"},{"floor":12,"key":"Ice Cream"},{"floor":21,"key":"Nilry\u0027s Codex"},{"floor":26,"key":"Tiny Chest"},{"floor":28,"key":"Oddly Smooth Stone"},{"floor":31,"key":"Toxic Egg 2"}],"event_choices":[{"damage_healed":0,"gold_gain":0,"player_choice":"Grow","damage_taken":0,"max_hp_gain":0,"max_hp_loss":0,"event_name":"Living Wall","floor":2,"gold_loss":0,"cards_upgraded":["Zap"]},{"damage_healed":0,"gold_gain":75,"player_choice":"Gather Gold","damage_taken":11,"max_hp_gain":0,"max_hp_loss":0,"event_name":"World of Goop","floor":4,"gold_loss":0},{"damage_healed":0,"gold_gain":0,"player_choice":"Read","damage_taken":0,"max_hp_gain":0,"max_hp_loss":0,"event_name":"The Library","floor":19,"gold_loss":0,"cards_obtained":["Coolheaded"]},{"damage_healed":0,"gold_gain":0,"player_choice":"Obtained Book","damage_taken":21,"max_hp_gain":0,"max_hp_loss":0,"event_name":"Cursed Tome","floor":21,"gold_loss":0}],"is_beta":false,"boss_relics":[{"not_picked":["Astrolabe","Empty Cage"],"picked":"Fusion Hammer"}],"items_purged_floors":[],"is_endless":false,"potions_floor_spawned":[10,12,13,14,16,20,22,24,28],"killed_by":"Collector","ascension_level":19}