{"gold_per_floor":[112,128,128,139,156,191,204,224,224,255,274,292,307,322,322,418,468,481,76,88,88,105,132,132,144,171,171,201,220,220,240,240,343,343,357,357,357,457,468,468,484,484],"floor_reached":42,"playtime":3007,"items_purged":["Strike_R"],"score":483,"play_id":"8db16bb8-41e8-479b-8fd4-40d28232dc03","local_time":"20190326211019","is_ascension_mode":false,"campfire_choices":[{"floor":15,"key":"REST"},{"floor":24,"key":"REST"},{"data":"Double Tap","floor":27,"key":"SMITH"},{"data":"Immolate","floor":32,"key":"SMITH"},{"floor":40,"key":"REST"}],"neow_cost":"NONE","seed_source_timestamp":947128979219299,"circlet_count":0,"master_deck":["Strike_R","Strike_R","Strike_R","Defend_R","Defend_R","Defend_R","Defend_R+1","Bash","Inflame","Evolve","Inflame","Body Slam","Rage","Cleave","Double Tap+1","Heavy Blade","Feed","Sentinel","Twin Strike+1","Whirlwind","Ghostly Armor+1","Immolate+1","Metallicize","Inflame","Armaments","Rampage+1","Rampage+1","Madness","Madness","Ghostly Armor","Parasite"],"relics":["Burning Blood","Anchor","Bag of Preparation","FossilizedHelix","Tiny House","Shuriken","Happy Flower","Potion Belt","Darkstone Periapt","Cursed Key","Champion Belt"],"potions_floor_usage":[5,6,10,11,13,16,23,33,33,33],"damage_taken":[{"damage":5,"enemies":"Small Slimes","floor":1,"turns":4},{"damage":1,"enemies":"Cultist","floor":2,"turns":4},{"damage":1,"enemies":"Jaw Worm","floor":4,"turns":5},{"damage":13,"enemies":"Large Slime","floor":5,"turns":7},{"damage":40,"enemies":"3 Sentries","floor":6,"turns":9},{"damage":10,"enemies":"2 Fungi Beasts","floor":7,"turns":4},{"damage":10,"enemies":"Exordium Wildlife","floor":8,"turns":4},{"damage":20,"enemies":"Lagavulin","floor":10,"turns":7},{"damage":0,"enemies":"Large Slime","floor":11,"turns":3},{"damage":0,"enemies":"3 Louse","floor":12,"turns":3},{"damage":0,"enemies":"Exordium Thugs","floor":13,"turns":3},{"damage":6,"enemies":"Blue Slaver","floor":14,"turns":3},{"damage":57,"enemies":"Hexaghost","floor":16,"turns":9},{"damage":26,"enemies":"Shell Parasite","floor":18,"turns":7},{"damage":17,"enemies":"2 Thieves","floor":20,"turns":3},{"damage":14,"enemies":"Chosen and Byrds","floor":22,"turns":8},{"damage":4,"enemies":"Gremlin Leader","floor":23,"turns":4},{"damage":5,"enemies":"Cultist and Chosen","floor":25,"turns":8},{"damage":24,"enemies":"Slavers","floor":28,"turns":7},{"damage":12,"enemies":"3 Cultists","floor":29,"turns":3},{"damage":14,"enemies":"Sentry and Sphere","floor":31,"turns":5},{"damage":57,"enemies":"Automaton","floor":33,"turns":11},{"damage":9,"enemies":"3 Shapes","floor":35,"turns":2},{"damage":43,"enemies":"Mind Bloom Boss Battle","floor":38,"turns":7},{"damage":16,"enemies":"3 Darklings","floor":39,"turns":4},{"damage":22,"enemies":"Transient","floor":41,"turns":5},{"damage":88,"enemies":"Writhing Mass","floor":42,"turns":5}],"seed_played":"-574186959743169646","potions_obtained":[{"floor":1,"key":"Energy Potion"},{"floor":5,"key":"BloodPotion"},{"floor":6,"key":"PowerPotion"},{"floor":8,"key":"Strength Potion"},{"floor":12,"key":"Fire Potion"},{"floor":13,"key":"Explosive Potion"},{"floor":17,"key":"PowerPotion"},{"floor":22,"key":"AttackPotion"},{"floor":23,"key":"GamblersBrew"},{"floor":29,"key":"Dexterity Potion"},{"floor":31,"key":"PowerPotion"},{"floor":35,"key":"Poison Potion"},{"floor":39,"key":"LiquidBronze"}],"is_trial":false,"path_per_floor":["M","M","?","M","M","E","M","M","T","E","M","M","M","M","R","B",null,"M","$","M","?","M","E","R","M","T","R","E","M","?","M","R","B",null,"M","?","?","?","M","R","M","M"],"character_chosen":"IRONCLAD","items_purchased":["Shuriken","Whirlwind"],"campfire_rested":3,"item_purchase_floors":[19,19],"current_hp_per_floor":[88,88,88,88,81,55,51,47,47,33,39,45,51,51,77,26,93,73,73,62,62,57,59,87,88,88,88,73,67,99,91,91,40,99,96,84,84,47,40,70,54,0],"gold":484,"neow_bonus":"TEN_PERCENT_HP_BONUS","is_prod":false,"is_daily":false,"chose_seed":false,"campfire_upgraded":2,"win_rate":0.0,"timestamp":1553631019,"path_taken":["M","M","?","M","M","E","M","M","T","E","M","M","M","?","R","BOSS","M","$","M","?","M","E","R","M","T","R","E","M","?","M","R","BOSS","M","?","?","?","M","R","M","M"],"build_version":"2019-01-23","purchased_purges":1,"victory":false,"max_hp_per_floor":[88,88,88,88,88,88,88,88,88,88,88,88,88,88,88,88,93,93,93,93,93,96,96,96,96,96,96,99,99,99,99,99,99,99,99,99,99,99,102,102,102,108],"card_choices":[{"not_picked":["Flex","Perfected Strike","Warcry"],"picked":"SKIP","floor":1},{"not_picked":["Battle Trance","Uppercut"],"picked":"Inflame","floor":2},{"not_picked":["Sword Boomerang","Perfected Strike"],"picked":"Evolve","floor":4},{"not_picked":["Reckless Charge","Clash"],"picked":"Inflame","floor":5},{"not_picked":["Clash","Intimidate"],"picked":"Body Slam","floor":6},{"not_picked":["Rupture","Dropkick"],"picked":"Rage","floor":7},{"not_picked":["Brutality","Havoc"],"picked":"Cleave","floor":8},{"not_picked":["Havoc","Shrug It Off"],"picked":"Double Tap","floor":10},{"not_picked":["Evolve","Warcry","Perfected Strike"],"picked":"SKIP","floor":11},{"not_picked":["Battle Trance","Body Slam"],"picked":"Heavy Blade","floor":12},{"not_picked":["Thunderclap","Body Slam"],"picked":"Shrug It Off","floor":13},{"not_picked":["Headbutt","Perfected Strike","Intimidate"],"picked":"SKIP","floor":14},{"not_picked":["Immolate","Reaper"],"picked":"Feed","floor":16},{"not_picked":["Evolve","Warcry"],"picked":"Sentinel","floor":17},{"not_picked":["Havoc+1","Wild Strike"],"picked":"Twin Strike+1","floor":18},{"not_picked":["Wild Strike","Iron Wave+1"],"picked":"Ghostly Armor+1","floor":20},{"not_picked":["Thunderclap","Carnage"],"picked":"Immolate","floor":22},{"not_picked":["Feel No Pain","Sword Boomerang"],"picked":"Metallicize","floor":23},{"not_picked":["Clash+1","Evolve+1"],"picked":"Inflame","floor":25},{"not_picked":["Heavy Blade","Fire Breathing"],"picked":"Armaments","floor":28},{"not_picked":["Havoc+1","Shrug It Off","Corruption"],"picked":"SKIP","floor":29},{"not_picked":["Clash","Sentinel"],"picked":"Rampage+1","floor":31},{"not_picked":["Sword Boomerang+1","Clothesline"],"picked":"Rampage+1","floor":35},{"not_picked":["Rampage+1","Sword Boomerang+1","Battle Trance"],"picked":"SKIP","floor":39},{"not_picked":["Reaper","Sentinel"],"picked":"Ghostly Armor","floor":41}],"player_experience":116201,"relics_obtained":[{"floor":6,"key":"Anchor"},{"floor":9,"key":"Bag of Preparation"},{"floor":10,"key":"FossilizedHelix"},{"floor":23,"key":"Happy Flower"},{"floor":26,"key":"Potion Belt"},{"floor":28,"key":"Darkstone Periapt"},{"floor":38,"key":"Champion Belt"}],"event_choices":[{"cards_removed":["Strike_R"],"damage_healed":0,"gold_gain":0,"player_choice":"Purged","damage_taken":0,"max_hp_gain":0,"max_hp_loss":0,"event_name":"Purifier","floor":3,"gold_loss":0},{"damage_healed":0,"gold_gain":0,"player_choice":"Ignored","damage_taken":0,"max_hp_gain":0,"max_hp_loss":0,"event_name":"The Mausoleum","floor":21,"gold_loss":0},{"damage_healed":33,"gold_gain":0,"player_choice":"Heal","damage_taken":0,"max_hp_gain":0,"max_hp_loss":0,"event_name":"The Library","floor":30,"gold_loss":0},{"damage_healed":0,"gold_gain":0,"player_choice":"Embrace Madness","damage_taken":12,"max_hp_gain":0,"max_hp_loss":0,"event_name":"Winding Halls","floor":36,"gold_loss":0,"cards_obtained":["Madness","Madness"]},{"cards_removed":["Shrug It Off"],"damage_healed":0,"gold_gain":0,"player_choice":"Removed Skill","damage_taken":0,"max_hp_gain":0,"max_hp_loss":0,"event_name":"Falling","floor":37,"gold_loss":0},{"damage_healed":0,"gold_gain":0,"player_choice":"Fight","damage_taken":0,"max_hp_gain":0,"max_hp_loss":0,"event_name":"MindBloom","floor":38,"gold_loss":0}],"is_beta":false,"boss_relics":[{"not_picked":["Runic Dome","Snecko Eye"],"picked":"Tiny House"},{"not_picked":["Calling Bell","Runic Cube"],"picked":"Cursed Key"}],"items_purged_floors":[19],"is_endless":false,"potions_floor_spawned":[1,5,6,8,12,13,22,23,29,31,35,39],"killed_by":"Writhing Mass","ascension_level":0}