{"path_per_floor":["M","?","M","M","M","R","E","R","T","?","M","T","R","M","R","B",null,"M","M","$","?","M","R","E","R","T","R","M","T","R","M","R","B",null,"M","$","M","?","$","E","M","R","T","M","M","T","M","E","R","B"],"character_chosen":"IRONCLAD","items_purchased":["Armaments","Dramatic Entrance","Bronze Scales","Energy Potion","Whetstone","Metallicize","Flash of Steel"],"gold_per_floor":[118,218,232,246,266,266,298,298,324,324,344,344,344,357,357,459,459,469,481,82,7,27,27,52,52,352,352,363,388,388,406,406,503,503,516,127,142,142,17,50,67,67,67,79,91,91,111,142,142,142],"floor_reached":51,"campfire_rested":5,"playtime":1757,"current_hp_per_floor":[75,75,80,80,54,54,36,36,36,36,36,36,60,63,63,52,73,70,69,69,69,47,47,22,22,22,46,38,38,62,64,64,70,78,80,80,80,70,70,47,50,74,74,77,50,64,58,51,79,33],"items_purged":["Strike_R","Strike_R","Defend_R"],"gold":142,"score":1094,"play_id":"64dda880-a187-4814-8d4a-5ac86423aba0","local_time":"20180407113413","is_prod":false,"is_daily":false,"is_ascension_mode":true,"campfire_upgraded":3,"timestamp":1523093653,"path_taken":["M","?","M","M","?","R","E","R","T","?","M","?","R","M","R","BOSS","M","M","$","?","?","R","E","R","T","R","M","?","R","M","R","BOSS","M","?","M","?","$","E","M","R","T","M","M","?","?","E","R","BOSS"],"build_version":"2018-04-05v2","purchased_purges":5,"victory":true,"master_deck":["Strike_R","Strike_R+1","Defend_R","Defend_R","Defend_R","Bash+1","AscendersBane","Twin Strike+1","Shrug It Off","Impervious","True Grit+1","Uppercut+1","Spot Weakness","Offering","Dropkick+1","Hemokinesis","Armaments","Dramatic Entrance+1","Corruption+1","Shockwave+1","Sentinel","Flex+1","Dark Embrace","Warcry+1","Metallicize","Flash of Steel","Twin Strike+1","Madness","Madness","Flex+1","Headbutt+1","Warcry+1","Blood for Blood+1","Double Tap"],"max_hp_per_floor":[80,80,80,80,80,80,80,80,80,80,80,80,80,80,80,80,80,80,80,80,80,80,80,80,80,80,80,80,80,80,80,80,80,80,80,80,80,80,80,80,80,80,80,80,80,94,94,94,94,94],"relics":["Burning Blood","Paper Frog","Vajra","Girya","Mark of Pain","Bronze Scales","Pen Nib","Old Coin","Lantern","Black Star","Whetstone","Bag of Preparation","Ancient Tea Set","Ice Cream","Mango","Question Card","Bottled Tornado"],"card_choices":[{"not_picked":["Combust","Flex"],"picked":"Twin Strike","floor":1},{"not_picked":["Sword Boomerang","Cleave"],"picked":"Shrug It Off","floor":3},{"not_picked":["Shrug It Off","Havoc"],"picked":"Impervious","floor":5},{"not_picked":["Clash","Cleave"],"picked":"True Grit","floor":7},{"not_picked":["Anger","Pummel"],"picked":"Uppercut","floor":11},{"not_picked":["Warcry","Rampage"],"picked":"Spot Weakness","floor":14},{"not_picked":["Double Tap","Feed"],"picked":"Offering","floor":16},{"not_picked":["Spot Weakness","Inflame"],"picked":"Dropkick","floor":18},{"not_picked":["Sentinel","Wild Strike"],"picked":"Hemokinesis","floor":19},{"not_picked":["Hemokinesis","Inflame"],"picked":"Corruption","floor":22},{"not_picked":["Entrench","Burning Pact"],"picked":"Shockwave","floor":24},{"not_picked":["Seeing Red","Blood for Blood"],"picked":"Sentinel","floor":28},{"not_picked":["Cleave","Thunderclap"],"picked":"Flex","floor":31},{"not_picked":["Feed","Berserk"],"picked":"Dark Embrace","floor":33},{"not_picked":["Thunderclap","Entrench"],"picked":"Warcry","floor":35},{"not_picked":["Ghostly Armor","Flex"],"picked":"Twin Strike","floor":37},{"not_picked":["Clothesline","Bludgeon"],"picked":"Flex","floor":40},{"not_picked":["Clash","Second Wind"],"picked":"Headbutt","floor":41},{"not_picked":["True Grit","Rupture"],"picked":"Warcry","floor":44},{"not_picked":["Corruption","Uppercut"],"picked":"Blood for Blood","floor":45},{"not_picked":["Fire Breathing","Iron Wave"],"picked":"Double Tap","floor":48}],"player_experience":254343,"potions_floor_usage":[16,16,24,33,33,48,50],"damage_taken":[{"damage":3,"enemies":"Jaw Worm","floor":1,"turns":4},{"damage":1,"enemies":"Cultist","floor":3,"turns":3},{"damage":6,"enemies":"Small Slimes","floor":4,"turns":5},{"damage":32,"enemies":"Exordium Wildlife","floor":5,"turns":8},{"damage":24,"enemies":"Gremlin Nob","floor":7,"turns":4},{"damage":6,"enemies":"Blue Slaver","floor":11,"turns":4},{"damage":3,"enemies":"Looter","floor":14,"turns":3},{"damage":17,"enemies":"The Guardian","floor":16,"turns":11},{"damage":9,"enemies":"2 Thieves","floor":18,"turns":4},{"damage":7,"enemies":"Spheric Guardian","floor":19,"turns":4},{"damage":28,"enemies":"Snake Plant","floor":22,"turns":4},{"damage":31,"enemies":"Slavers","floor":24,"turns":4},{"damage":14,"enemies":"Centurion and Healer","floor":28,"turns":3},{"damage":4,"enemies":"3 Cultists","floor":31,"turns":4},{"damage":12,"enemies":"Champ","floor":33,"turns":5},{"damage":4,"enemies":"Orb Walker","floor":35,"turns":2},{"damage":4,"enemies":"3 Shapes","floor":37,"turns":3},{"damage":29,"enemies":"Nemesis","floor":40,"turns":3},{"damage":3,"enemies":"3 Darklings","floor":41,"turns":2},{"damage":3,"enemies":"Sphere and 2 Shapes","floor":44,"turns":2},{"damage":33,"enemies":"Maw","floor":45,"turns":5},{"damage":12,"enemies":"4 Shapes","floor":47,"turns":3},{"damage":13,"enemies":"2 Orb Walkers","floor":48,"turns":3},{"damage":52,"enemies":"Donu and Deca","floor":50,"turns":6}],"event_choices":[{"event_name":"Golden Shrine","player_choice":"Pray","floor":2,"damage_taken":0},{"event_name":"Golden Idol","player_choice":"Ignored","floor":10,"damage_taken":0},{"event_name":"Beggar","player_choice":"Gave Gold","floor":21,"damage_taken":0},{"event_name":"Winding Halls","player_choice":"Embrace Madness","floor":38,"damage_taken":0}],"boss_relics":[{"not_picked":["Philosopher\u0027s Stone","Tiny House"],"picked":"Mark of Pain"},{"not_picked":["Orrery","Pandora\u0027s Box"],"picked":"Black Star"}],"potions_floor_spawned":[1,11,14,28,31,40,44],"seed_played":"-51453472266125227","ascension_level":10,"is_trial":false}