{"path_per_floor":["M","M","?","M","?","R","M","$","T","E","R","M","R","M","R","B",null,"M","?","M","?","M","R","E","R","T","M","$","R","M","$","R","B",null,"M","?","M","?","M","R","$","E","T","M","M","R","M","$","R","B"],"character_chosen":"IRONCLAD","items_purchased":["Swift Potion","Evolve","Immolate"],"gold_per_floor":[11,25,25,36,36,36,53,1,24,51,51,71,71,87,87,186,186,198,123,133,133,146,146,179,179,179,197,53,53,69,69,69,167,167,178,178,193,193,209,209,109,137,137,149,163,163,175,94,94,94],"floor_reached":51,"campfire_rested":4,"playtime":2602,"current_hp_per_floor":[71,73,66,70,70,70,64,64,64,24,48,52,52,37,61,33,68,75,75,75,75,69,69,25,49,49,19,19,43,50,50,50,26,67,63,90,90,90,58,58,58,83,83,90,90,90,76,76,76,61],"items_purged":["Strike_R","Strike_R"],"gold":94,"score":926,"play_id":"ccea1f77-05e2-4edf-a459-85836cc2b5f0","local_time":"20180405132422","is_prod":false,"is_daily":false,"is_ascension_mode":true,"campfire_upgraded":7,"timestamp":1522927462,"path_taken":["M","M","?","M","?","R","M","$","T","E","R","M","R","M","R","BOSS","M","?","M","?","M","R","E","R","T","M","$","R","M","?","R","BOSS","M","?","M","?","M","R","?","E","T","M","M","R","M","$","R","BOSS"],"build_version":"2018-03-29v2","purchased_purges":2,"victory":true,"master_deck":["Strike_R","Defend_R","Defend_R","Defend_R","Defend_R","Bash+1","Clothesline+1","Warcry","Dark Embrace+1","Wild Strike","Corruption+1","Thunderclap","Infernal Blade","Demon Form+1","Inflame","Power Through","Dark Embrace+1","Havoc","Headbutt+1","Shockwave+1","Evolve","Feel No Pain+1","Warcry+1","Feel No Pain+1","Havoc+1","Pommel Strike+1","Limit Break+1","Immolate+1"],"max_hp_per_floor":[80,80,80,80,80,80,80,80,80,80,80,80,80,80,80,80,80,80,80,80,80,80,80,80,80,80,80,80,80,80,80,80,80,80,80,90,90,90,90,90,90,90,90,90,90,90,90,90,90,90],"relics":["Black Blood","Bird Faced Urn","Oddly Smooth Stone","Mercury Hourglass","Velvet Choker","Happy Flower","Torii","Bronze Scales","Kunai"],"card_choices":[{"not_picked":["Bloodletting","True Grit"],"picked":"Clothesline","floor":1},{"not_picked":["Iron Wave","Reckless Charge"],"picked":"Warcry","floor":2},{"not_picked":["Whirlwind","Warcry"],"picked":"Dark Embrace","floor":4},{"not_picked":["True Grit","Power Through"],"picked":"Wild Strike","floor":7},{"not_picked":["Headbutt","Berserk"],"picked":"Corruption","floor":10},{"not_picked":["Body Slam","Iron Wave"],"picked":"Thunderclap","floor":12},{"not_picked":["Entrench","Perfected Strike"],"picked":"Infernal Blade","floor":14},{"not_picked":["Brutality","Fiend Fire"],"picked":"Demon Form","floor":16},{"not_picked":["Perfected Strike","Wild Strike"],"picked":"Inflame","floor":18},{"not_picked":["Perfected Strike","Flex"],"picked":"Power Through","floor":20},{"not_picked":["Flex","Carnage"],"picked":"Havoc","floor":22},{"not_picked":["Pommel Strike","Sword Boomerang"],"picked":"Headbutt","floor":24},{"not_picked":["Twin Strike","Corruption"],"picked":"Shockwave","floor":27},{"not_picked":["Twin Strike","Second Wind"],"picked":"Feel No Pain","floor":30},{"not_picked":["Bludgeon","Double Tap"],"picked":"Brutality","floor":33},{"not_picked":["Wild Strike","Iron Wave"],"picked":"Warcry","floor":35},{"not_picked":["Corruption","Thunderclap"],"picked":"Feel No Pain","floor":37},{"not_picked":["Spot Weakness","Twin Strike"],"picked":"Havoc","floor":39},{"not_picked":["Uppercut","Iron Wave"],"picked":"Pommel Strike","floor":42},{"not_picked":["Heavy Blade","Shrug It Off"],"picked":"Limit Break","floor":44}],"player_experience":234259,"potions_floor_usage":[7,16,16,16,33,33,33,42,50],"damage_taken":[{"damage":7,"enemies":"Small Slimes","floor":1,"turns":3},{"damage":4,"enemies":"Jaw Worm","floor":2,"turns":3},{"damage":2,"enemies":"2 Louse","floor":4,"turns":3},{"damage":14,"enemies":"Lots of Slimes","floor":7,"turns":3},{"damage":48,"enemies":"3 Sentries","floor":10,"turns":9},{"damage":4,"enemies":"Looter","floor":12,"turns":4},{"damage":23,"enemies":"Exordium Thugs","floor":14,"turns":5},{"damage":38,"enemies":"Slime Boss","floor":16,"turns":10},{"damage":3,"enemies":"Chosen","floor":18,"turns":3},{"damage":12,"enemies":"3 Byrds","floor":20,"turns":4},{"damage":20,"enemies":"Snake Plant","floor":22,"turns":4},{"damage":58,"enemies":"Slavers","floor":24,"turns":4},{"damage":44,"enemies":"Chosen and Byrds","floor":27,"turns":6},{"damage":11,"enemies":"Snecko","floor":30,"turns":5},{"damage":59,"enemies":"Automaton","floor":33,"turns":8},{"damage":24,"enemies":"Orb Walker","floor":35,"turns":6},{"damage":1,"enemies":"3 Shapes","floor":37,"turns":5},{"damage":49,"enemies":"Maw","floor":39,"turns":7},{"damage":1,"enemies":"Nemesis","floor":42,"turns":5},{"damage":8,"enemies":"4 Shapes","floor":44,"turns":6},{"damage":18,"enemies":"3 Darklings","floor":45,"turns":7},{"damage":30,"enemies":"Maw","floor":47,"turns":6},{"damage":56,"enemies":"Donu and Deca","floor":50,"turns":7}],"event_choices":[{"event_name":"Golden Wing","player_choice":"Card Removal","floor":3,"damage_taken":0},{"event_name":"Upgrade Shrine","player_choice":"Upgraded","floor":5,"damage_taken":0},{"event_name":"Beggar","player_choice":"Gave Gold","floor":19,"damage_taken":0},{"event_name":"Duplicator","player_choice":"One dupe","floor":21,"damage_taken":0},{"event_name":"Bonfire Elementals","player_choice":"RARE","floor":36,"damage_taken":0},{"event_name":"SecretPortal","player_choice":"Rejected Portal.","floor":38,"damage_taken":0}],"boss_relics":[{"not_picked":["Orrery","Runic Dome"],"picked":"Velvet Choker"},{"not_picked":["Lizard Tail","Mark of Pain"],"picked":"Black Blood"}],"potions_floor_spawned":[1,10,14,20,24,30,33,37,44,47],"seed_played":"2434853267706536696","ascension_level":7,"is_trial":false}