{"gold_per_floor":[118,47,47,47,47,81,95,140,163,163,177,188,104,114,114,211,211,230,244,37,37,53,53,53,53,53,53,72,84,84,6,6,107,107,120,120,139,150,115,115,130,130,130,142,155,80,99,99,99,99],"floor_reached":50,"playtime":3318,"items_purged":["Strike_G","Strike_G"],"score":519,"play_id":"afffa8fd-08e9-4232-b9cd-47d2fb108f17","local_time":"20190224041035","is_ascension_mode":false,"campfire_choices":[{"data":"Quick Slash","floor":10,"key":"SMITH"},{"data":"Accuracy","floor":15,"key":"SMITH"},{"data":"All Out Attack","floor":23,"key":"SMITH"},{"data":"Tools of the Trade","floor":25,"key":"SMITH"},{"data":"Underhanded Strike","floor":27,"key":"SMITH"},{"data":"Footwork","floor":32,"key":"SMITH"},{"data":"Acrobatics","floor":40,"key":"SMITH"},{"data":"A Thousand Cuts","floor":42,"key":"SMITH"},{"data":"Acrobatics","floor":49,"key":"SMITH"}],"neow_cost":"NONE","seed_source_timestamp":74628168709927,"circlet_count":0,"master_deck":["Defend_G","Defend_G","Defend_G","Defend_G","Defend_G","Strike_G","Strike_G","Survivor","Neutralize","Dagger Spray","Accuracy+1","Dagger Throw","Quick Slash+1","Blade Dance","All Out Attack+1","Dash","Leg Sweep","Tools of the Trade+1","Underhanded Strike+1","Prepared","Blade Dance","Writhe","Endless Agony","Leg Sweep","Acrobatics+1","Tactician","Dodge and Roll","Footwork+1","Die Die Die","Acrobatics+1","Dagger Throw","Setup+1","Cloak And Dagger","Caltrops","A Thousand Cuts+1","Terror+1","Dodge and Roll+1","Prepared","Underhanded Strike+1","Chrysalis"],"relics":["Coffee Dripper","Smiling Mask","Bag of Preparation","Bag of Marbles","Lantern","Eternal Feather","DollysMirror","Orichalcum","Bottled Flame","Sozu","Pear"],"potions_floor_usage":[12,16,16,33,33],"damage_taken":[{"damage":0,"enemies":"Cultist","floor":1,"turns":4},{"damage":29,"enemies":"3 Sentries","floor":6,"turns":9},{"damage":0,"enemies":"2 Louse","floor":7,"turns":3},{"damage":1,"enemies":"Jaw Worm","floor":11,"turns":2},{"damage":0,"enemies":"Exordium Thugs","floor":12,"turns":3},{"damage":0,"enemies":"Gremlin Gang","floor":14,"turns":1},{"damage":4,"enemies":"Hexaghost","floor":16,"turns":12},{"damage":0,"enemies":"Shell Parasite","floor":18,"turns":4},{"damage":0,"enemies":"Chosen","floor":19,"turns":4},{"damage":15,"enemies":"Shelled Parasite and Fungi","floor":22,"turns":6},{"damage":0,"enemies":"3 Cultists","floor":28,"turns":4},{"damage":1,"enemies":"Chosen and Byrds","floor":29,"turns":5},{"damage":41,"enemies":"Collector","floor":33,"turns":10},{"damage":38,"enemies":"3 Darklings","floor":35,"turns":5},{"damage":17,"enemies":"3 Shapes","floor":37,"turns":4},{"damage":18,"enemies":"3 Darklings","floor":38,"turns":9},{"damage":8,"enemies":"Spire Growth","floor":41,"turns":6},{"damage":5,"enemies":"4 Shapes","floor":44,"turns":3},{"damage":22,"enemies":"Jaw Worm Horde","floor":45,"turns":4},{"damage":4,"enemies":"Transient","floor":47,"turns":5},{"damage":47,"enemies":"Awakened One","floor":50,"turns":9}],"seed_played":"-2743932092716930462","potions_obtained":[{"floor":6,"key":"SkillPotion"},{"floor":11,"key":"Regen Potion"},{"floor":12,"key":"EssenceOfSteel"},{"floor":19,"key":"SkillPotion"},{"floor":29,"key":"AttackPotion"}],"is_trial":false,"path_per_floor":["M","$","?","$","?","E","M","T","T","R","M","M","$","M","R","B",null,"M","M","$","?","M","R","?","R","T","R","M","M","?","$","R","B",null,"M","?","M","M","$","R","M","R","T","M","M","$","M","?","R","B"],"character_chosen":"THE_SILENT","items_purchased":["Accuracy","Dash","DollysMirror","Footwork","Caltrops","Prepared"],"campfire_rested":0,"item_purchase_floors":[2,13,20,31,39,46],"current_hp_per_floor":[70,70,75,75,50,21,21,21,21,21,20,29,29,29,29,25,75,75,75,75,75,60,75,75,75,75,75,75,74,74,74,75,34,75,37,37,20,2,2,23,15,36,46,41,19,19,15,15,39,0],"gold":99,"neow_bonus":"BOSS_RELIC","is_prod":false,"is_daily":false,"chose_seed":false,"campfire_upgraded":9,"win_rate":0,"timestamp":1550981435,"path_taken":["M","?","?","$","?","E","?","?","T","R","M","?","$","M","R","BOSS","M","M","$","?","M","R","?","R","T","R","?","?","?","?","R","BOSS","M","?","M","M","$","R","M","R","T","M","?","$","M","?","R","BOSS"],"build_version":"2019-01-23","purchased_purges":2,"victory":false,"max_hp_per_floor":[70,70,75,75,75,75,75,75,75,75,75,75,75,75,75,75,75,75,75,75,75,75,75,75,75,75,75,75,75,75,75,75,75,75,75,75,75,75,75,75,75,75,85,85,85,85,85,85,85,85],"card_choices":[{"not_picked":["Slice","Heel Hook"],"picked":"Dagger Spray","floor":1},{"not_picked":["Acrobatics","Caltrops"],"picked":"Dagger Throw","floor":6},{"not_picked":["Slice","Underhanded Strike"],"picked":"Quick Slash","floor":7},{"not_picked":["Flying Knee","Skewer"],"picked":"Blade Dance","floor":11},{"not_picked":["Backflip","Quick Slash"],"picked":"All Out Attack","floor":12},{"not_picked":["Poisoned Stab","Acrobatics"],"picked":"Leg Sweep","floor":14},{"not_picked":["Venomology","Die Die Die"],"picked":"Tools of the Trade","floor":16},{"not_picked":["Backflip","Flying Knee"],"picked":"Underhanded Strike","floor":18},{"not_picked":["Dagger Spray","Deflect"],"picked":"Prepared","floor":19},{"not_picked":["Expertise+1","Poisoned Stab"],"picked":"Endless Agony","floor":22},{"not_picked":["Bullet Time","Bane+1"],"picked":"Acrobatics","floor":28},{"not_picked":["Deadly Poison","Bane"],"picked":"Tactician","floor":29},{"not_picked":["Bullet Time","Glass Knife"],"picked":"Die Die Die","floor":33},{"not_picked":["Underhanded Strike","Blade Dance"],"picked":"Acrobatics","floor":35},{"not_picked":["Sucker Punch","Dagger Spray+1"],"picked":"Setup+1","floor":37},{"not_picked":["Outmaneuver+1","Riddle With Holes"],"picked":"Cloak And Dagger","floor":38},{"not_picked":["Crippling Poison","Sucker Punch+1"],"picked":"A Thousand Cuts","floor":41},{"not_picked":["Poisoned Stab","Outmaneuver"],"picked":"Terror+1","floor":44},{"not_picked":["Terror+1","Masterful Stab"],"picked":"Dodge and Roll+1","floor":45},{"not_picked":["Bane","Outmaneuver"],"picked":"Underhanded Strike+1","floor":47},{"not_picked":["Purity","Swift Strike"],"picked":"Chrysalis","floor":48}],"player_experience":180004,"relics_obtained":[{"floor":6,"key":"Bag of Preparation"},{"floor":8,"key":"Bag of Marbles"},{"floor":9,"key":"Lantern"},{"floor":26,"key":"Bottled Flame"},{"floor":43,"key":"Pear"}],"event_choices":[{"damage_healed":0,"gold_gain":0,"player_choice":"Donut","damage_taken":0,"max_hp_gain":5,"max_hp_loss":0,"event_name":"Big Fish","floor":3,"gold_loss":0},{"damage_healed":0,"gold_gain":0,"player_choice":"Success","damage_taken":25,"relics_obtained":["Smiling Mask"],"max_hp_gain":0,"max_hp_loss":0,"event_name":"Scrap Ooze","floor":5,"gold_loss":0},{"damage_healed":0,"gold_gain":0,"player_choice":"Opened","damage_taken":0,"relics_obtained":["Orichalcum"],"max_hp_gain":0,"max_hp_loss":0,"event_name":"The Mausoleum","floor":21,"gold_loss":0,"cards_obtained":["Writhe"]},{"damage_healed":0,"gold_gain":0,"cards_transformed":["Strike_G"],"player_choice":"Transformed","damage_taken":0,"max_hp_gain":0,"max_hp_loss":0,"event_name":"Transmorgrifier","floor":24,"gold_loss":0,"cards_obtained":["Leg Sweep"]},{"damage_healed":0,"gold_gain":0,"player_choice":"Read","damage_taken":0,"max_hp_gain":0,"max_hp_loss":0,"event_name":"The Library","floor":30,"gold_loss":0,"cards_obtained":["Dodge and Roll"]},{"damage_healed":0,"gold_gain":0,"player_choice":"Copied","damage_taken":0,"max_hp_gain":0,"max_hp_loss":0,"event_name":"Duplicator","floor":36,"gold_loss":0,"cards_obtained":["Dagger Throw"]},{"damage_healed":0,"gold_gain":0,"player_choice":"Memory 1","damage_taken":0,"max_hp_gain":0,"max_hp_loss":0,"event_name":"SensoryStone","floor":48,"gold_loss":0}],"is_beta":false,"boss_relics":[{"not_picked":["Busted Crown","Orrery"],"picked":"Eternal Feather"},{"not_picked":["White Beast Statue","Velvet Choker"],"picked":"Sozu"}],"items_purged_floors":[13,46],"is_endless":false,"potions_floor_spawned":[6,11,12,19,29,37,38,44,47],"killed_by":"Awakened One","ascension_level":0}