{"gold_per_floor":[114,129,54,69,69,99,114,114,189,204,234,234,234,249,249,349,349,364,379,394,439,454,484,499,529,554,534,633,648,648,663,663,763,763,778,793,808,28,28,58,73,82,107,122,122,137,137,167,167,167],"floor_reached":51,"playtime":3360,"items_purged":["Eviscerate","Tactician"],"score":940,"play_id":"015b6776-87ce-458f-b351-203bb6fb1fcf","local_time":"20181021204003","daily_mods":["Insanity","Vintage","Binary"],"is_ascension_mode":false,"campfire_choices":[{"floor":8,"key":"REST"},{"data":"Bullet Time","floor":12,"key":"SMITH"},{"data":"Burst","floor":15,"key":"SMITH"},{"floor":30,"key":"REST"},{"data":"Noxious Fumes","floor":32,"key":"SMITH"},{"floor":45,"key":"REST"},{"floor":49,"key":"REST"}],"neow_cost":"","seed_source_timestamp":0,"circlet_count":0,"master_deck":["Quick Slash","Caltrops","Deadly Poison","Deflect","Deflect","Calculated Gamble","Footwork","Catalyst","Underhanded Strike","Cloak And Dagger","Calculated Gamble","Poisoned Stab","Burst+1","Heel Hook","Bane","Riddle With Holes+1","Terror","Noxious Fumes+1","Venomology","Concentrate","Dagger Spray","PiercingWail","Prepared","Dagger Throw","Caltrops","Outmaneuver","Deflect","Deadly Poison+1","Escape Plan","Sucker Punch+1","Catalyst","Slice","Concentrate","Dagger Spray","Well Laid Plans","Malaise","A Thousand Cuts","Dagger Throw","Flechettes","Outmaneuver","Storm of Steel","Endless Agony","A Thousand Cuts","Reflex+1","Bane","Dagger Throw","Bullet Time+1","Blade Dance","Sucker Punch","Blur+1","Deflect","Backflip","Accuracy","Blade Dance","Noxious Fumes+1","Cloak And Dagger+1","Cloak And Dagger+1","Catalyst+1"],"special_seed":17826,"relics":["Ring of the Snake","Oddly Smooth Stone","Whetstone","Matryoshka","Centennial Puzzle","Omamori","Mercury Hourglass","Anchor","Ninja Scroll","Turnip","Bottled Lightning","Question Card","Blue Candle","Strawberry","Paper Crane","White Beast Statue","Snake Skull","Bottled Tornado","Letter Opener","Tiny Chest","The Courier","Kunai","Regal Pillow","Dream Catcher","War Paint","Pantograph","Gremlin Horn","Singing Bowl","Runic Dome","Shuriken","Mummified Hand","Girya","Pear","Bag of Marbles","DollysMirror","Lantern","Blood Vial","Toxic Egg 2","Potion Belt","Incense Burner","Happy Flower","Bottled Flame","Ornamental Fan","Boot"],"potions_floor_usage":[16,20,20,23,23,23,29,29,33,35,37,40,41,41,50,50,50,50,50,50],"damage_taken":[{"damage":0,"enemies":"2 Louse","floor":1,"turns":1},{"damage":0,"enemies":"Small Slimes","floor":2,"turns":3},{"damage":0,"enemies":"Jaw Worm","floor":4,"turns":3},{"damage":12,"enemies":"Gremlin Nob","floor":6,"turns":3},{"damage":21,"enemies":"Exordium Thugs","floor":7,"turns":4},{"damage":0,"enemies":"Lots of Slimes","floor":10,"turns":1},{"damage":0,"enemies":"3 Sentries","floor":11,"turns":2},{"damage":0,"enemies":"Gremlin Gang","floor":14,"turns":1},{"damage":43,"enemies":"Hexaghost","floor":16,"turns":5},{"damage":10,"enemies":"Shell Parasite","floor":18,"turns":4},{"damage":0,"enemies":"3 Byrds","floor":19,"turns":3},{"damage":10,"enemies":"Snecko","floor":20,"turns":3},{"damage":0,"enemies":"Chosen and Byrds","floor":21,"turns":3},{"damage":21,"enemies":"Snake Plant","floor":22,"turns":3},{"damage":30,"enemies":"Slavers","floor":23,"turns":4},{"damage":0,"enemies":"Cultist and Chosen","floor":24,"turns":3},{"damage":20,"enemies":"Book of Stabbing","floor":25,"turns":4},{"damage":3,"enemies":"Snecko","floor":29,"turns":3},{"damage":0,"enemies":"Sentry and Sphere","floor":31,"turns":4},{"damage":24,"enemies":"Collector","floor":33,"turns":4},{"damage":19,"enemies":"3 Darklings","floor":35,"turns":3},{"damage":20,"enemies":"Orb Walker","floor":36,"turns":3},{"damage":4,"enemies":"Sphere and 2 Shapes","floor":37,"turns":4},{"damage":6,"enemies":"Giant Head","floor":40,"turns":6},{"damage":0,"enemies":"Transient","floor":41,"turns":5},{"damage":18,"enemies":"2 Orb Walkers","floor":42,"turns":3},{"damage":15,"enemies":"Writhing Mass","floor":44,"turns":4},{"damage":0,"enemies":"4 Shapes","floor":46,"turns":3},{"damage":41,"enemies":"Nemesis","floor":48,"turns":3},{"damage":20,"enemies":"Donu and Deca","floor":50,"turns":6}],"seed_played":"4924547904289982387","potions_obtained":[{"floor":2,"key":"Regen Potion"},{"floor":7,"key":"Poison Potion"},{"floor":10,"key":"SteroidPotion"},{"floor":16,"key":"Poison Potion"},{"floor":18,"key":"Energy Potion"},{"floor":20,"key":"Regen Potion"},{"floor":21,"key":"Regen Potion"},{"floor":23,"key":"LiquidBronze"},{"floor":24,"key":"Fire Potion"},{"floor":25,"key":"Explosive Potion"},{"floor":27,"key":"Block Potion"},{"floor":29,"key":"Poison Potion"},{"floor":31,"key":"Dexterity Potion"},{"floor":33,"key":"Explosive Potion"},{"floor":35,"key":"Regen Potion"},{"floor":37,"key":"Ancient Potion"},{"floor":41,"key":"Swift Potion"},{"floor":42,"key":"Weak Potion"},{"floor":44,"key":"Energy Potion"}],"is_trial":false,"path_per_floor":["M","M","$","M","?","E","M","R","T","M","E","R","T","M","R","B",null,"M","M","M","M","M","E","M","E","T","?","?","M","R","M","R","B",null,"M","M","M","$","T","E","M","?","T","M","R","M","?","E","R","B"],"character_chosen":"THE_SILENT","items_purchased":["Pear","Bag of Marbles","Accuracy","Blade Dance","DollysMirror","Lantern"],"campfire_rested":4,"item_purchase_floors":[38,38,38,38,38,38],"current_hp_per_floor":[70,70,70,70,67,55,34,55,55,55,55,55,55,62,62,19,77,67,67,57,57,36,33,33,13,13,13,13,10,48,48,48,51,79,60,40,48,58,58,56,58,42,42,29,71,73,73,36,78,73],"gold":167,"neow_bonus":"","is_prod":false,"is_daily":true,"chose_seed":false,"campfire_upgraded":3,"win_rate":0,"timestamp":1540179603,"path_taken":["M","M","$","M","?","E","M","R","T","M","E","R","?","M","R","BOSS","M","?","?","M","M","E","M","E","T","?","?","M","R","M","R","BOSS","M","?","M","$","?","E","M","?","T","M","R","M","?","E","R","BOSS"],"build_version":"2018-10-18","purchased_purges":2,"victory":true,"max_hp_per_floor":[70,70,70,70,70,70,70,70,70,70,70,70,70,77,77,77,77,77,77,77,77,77,77,77,77,77,77,77,77,77,77,77,79,79,79,79,79,89,89,91,91,91,91,91,91,91,91,93,93,93],"card_choices":[{"not_picked":["Caltrops"],"picked":"Blade Dance","floor":6},{"not_picked":["Bouncing Flask"],"picked":"Sucker Punch","floor":11},{"not_picked":["Crippling Poison+1","Outmaneuver"],"picked":"Blur+1","floor":23},{"not_picked":["Endless Agony","Reflex"],"picked":"Deflect","floor":25},{"not_picked":["Blade Dance","Tactician"],"picked":"Backflip","floor":30},{"not_picked":["Glass Knife","Doppelganger","Night Terror"],"picked":"Singing Bowl","floor":33},{"not_picked":["Flying Knee","Doppelganger","Night Terror"],"picked":"Singing Bowl","floor":40},{"not_picked":["Sucker Punch","Footwork"],"picked":"Cloak And Dagger+1","floor":42},{"not_picked":["Acrobatics+1","PiercingWail+1"],"picked":"Cloak And Dagger+1","floor":45},{"not_picked":["PiercingWail+1","Prepared+1","Quick Slash"],"picked":"Singing Bowl","floor":48},{"not_picked":["Deadly Poison+1","Expertise+1"],"picked":"Catalyst+1","floor":49}],"player_experience":507703,"relics_obtained":[{"floor":1,"key":"Oddly Smooth Stone"},{"floor":2,"key":"Whetstone"},{"floor":4,"key":"Matryoshka"},{"floor":6,"key":"Omamori"},{"floor":7,"key":"Mercury Hourglass"},{"floor":9,"key":"Anchor"},{"floor":9,"key":"Ninja Scroll"},{"floor":10,"key":"Turnip"},{"floor":11,"key":"Bottled Lightning"},{"floor":13,"key":"Question Card"},{"floor":13,"key":"Blue Candle"},{"floor":14,"key":"Strawberry"},{"floor":16,"key":"Paper Crane"},{"floor":18,"key":"Snake Skull"},{"floor":19,"key":"Bottled Tornado"},{"floor":20,"key":"Letter Opener"},{"floor":21,"key":"Tiny Chest"},{"floor":22,"key":"The Courier"},{"floor":23,"key":"Kunai"},{"floor":24,"key":"Regal Pillow"},{"floor":25,"key":"Dream Catcher"},{"floor":26,"key":"War Paint"},{"floor":29,"key":"Pantograph"},{"floor":31,"key":"Gremlin Horn"},{"floor":33,"key":"Singing Bowl"},{"floor":35,"key":"Shuriken"},{"floor":36,"key":"Mummified Hand"},{"floor":37,"key":"Girya"},{"floor":39,"key":"Blood Vial"},{"floor":40,"key":"Toxic Egg 2"},{"floor":41,"key":"Potion Belt"},{"floor":42,"key":"Incense Burner"},{"floor":43,"key":"Happy Flower"},{"floor":44,"key":"Bottled Flame"},{"floor":46,"key":"Ornamental Fan"},{"floor":48,"key":"Boot"}],"event_choices":[{"damage_healed":0,"gold_gain":0,"player_choice":"Success","damage_taken":3,"relics_obtained":["Centennial Puzzle"],"max_hp_gain":0,"max_hp_loss":0,"event_name":"Scrap Ooze","floor":5,"gold_loss":0},{"damage_healed":0,"gold_gain":0,"player_choice":"Bought 1 Potion","damage_taken":0,"max_hp_gain":0,"max_hp_loss":0,"event_name":"The Woman in Blue","floor":27,"gold_loss":0},{"damage_healed":0,"gold_gain":99,"player_choice":"Stole From Cult","damage_taken":0,"max_hp_gain":0,"max_hp_loss":0,"event_name":"Nest","floor":28,"gold_loss":0},{"damage_healed":0,"gold_gain":0,"player_choice":"Fight","damage_taken":0,"max_hp_gain":0,"max_hp_loss":0,"event_name":"Mysterious Sphere","floor":42,"gold_loss":0},{"cards_removed":["Bullet Time"],"damage_healed":0,"gold_gain":0,"player_choice":"Removed Skill","damage_taken":0,"max_hp_gain":0,"max_hp_loss":0,"event_name":"Falling","floor":47,"gold_loss":0}],"is_beta":false,"boss_relics":[{"not_picked":["Coffee Dripper","Pandora\u0027s Box"],"picked":"White Beast Statue"},{"not_picked":["Tiny House","HoveringKite"],"picked":"Runic Dome"}],"items_purged_floors":[3,38],"is_endless":false,"potions_floor_spawned":[2,7,10,16,18,19,20,21,22,23,24,25,29,31,33,35,36,37,40,41,42,44,46,48],"ascension_level":0}