{"path_per_floor":["M","M","M","?","M","?","M","R","T","M","R","E","R","$","R","B",null,"M","$","M","M","?","R","?","R","T","M","M","M","E","?","R","B",null,"M","?","M","?","M","R","M","R","T","M","R","M","?","$","R","B"],"character_chosen":"IRONCLAD","items_purchased":["Inflame","Secret Weapon","Metallicize","Apotheosis","Bag of Preparation"],"gold_per_floor":[14,25,37,37,55,230,241,241,241,259,259,293,293,1,1,99,99,114,46,57,67,67,67,67,67,141,159,169,179,207,132,132,229,229,239,239,255,255,267,267,284,284,308,327,327,343,343,3,3,3],"floor_reached":51,"campfire_rested":3,"playtime":4628,"item_purchase_floors":[14,14,19,48,48],"current_hp_per_floor":[80,79,80,80,80,80,70,70,70,58,58,42,42,42,42,18,80,80,80,80,80,80,80,80,80,80,80,67,73,65,65,65,52,80,34,34,29,29,21,45,43,67,67,43,67,39,70,70,70,56],"items_purged":["Decay"],"gold":3,"score":678,"play_id":"50d1f9a6-8c82-4adc-bc83-103b2d8e2462","local_time":"20180528234502","is_prod":false,"is_daily":false,"chose_seed":false,"is_ascension_mode":true,"campfire_upgraded":5,"win_rate":0,"timestamp":1527543902,"campfire_choices":[{"data":"1","floor":8,"key":"LIFT"},{"data":"2","floor":11,"key":"LIFT"},{"data":"3","floor":13,"key":"LIFT"},{"data":"Heavy Blade","floor":15,"key":"SMITH"},{"data":"Metallicize","floor":23,"key":"SMITH"},{"data":"Flex","floor":25,"key":"SMITH"},{"data":"Bash","floor":32,"key":"SMITH"},{"floor":40,"key":"REST"},{"floor":42,"key":"REST"},{"floor":45,"key":"REST"},{"data":"Apotheosis","floor":49,"key":"SMITH"}],"path_taken":["M","M","M","?","M","?","M","R","T","M","R","E","R","$","R","BOSS","M","$","M","M","?","R","?","R","T","M","?","M","E","?","R","BOSS","M","?","M","?","?","R","M","R","T","?","R","?","?","$","R","BOSS"],"build_version":"2018-05-27","seed_source_timestamp":109305740711016,"purchased_purges":1,"victory":true,"master_deck":["Strike_R","Strike_R","Strike_R","Strike_R","Strike_R","Defend_R","Defend_R","Defend_R","Defend_R","Bash+1","Headbutt","Heavy Blade+1","Spot Weakness","Rage","Doubt","Berserk","Flex+1","Shrug It Off","Inflame","Secret Weapon","Limit Break+1","Metallicize+1","Thunderclap","Seeing Red","Spot Weakness","Double Tap","Bloodletting+1","Pommel Strike","Heavy Blade","Flex+1","Shrug It Off+1","Metallicize","Apotheosis+1"],"max_hp_per_floor":[80,80,80,80,80,80,80,80,80,80,80,80,80,80,80,80,80,80,80,80,80,80,80,80,80,80,80,80,80,80,80,80,80,80,80,80,80,80,80,80,80,80,80,80,80,80,70,70,70,70],"relics":["Burning Blood","Girya","Bottled Flame","Anchor","Cursed Key","The Courier","Self Forming Clay","White Beast Statue","Omamori","Bag of Preparation"],"card_choices":[{"not_picked":["Blood for Blood","Clothesline"],"picked":"Headbutt","floor":1},{"not_picked":["Perfected Strike","Feel No Pain"],"picked":"Heavy Blade","floor":2},{"not_picked":["Seeing Red","Shockwave"],"picked":"Spot Weakness","floor":3},{"not_picked":["Searing Blow","Clash"],"picked":"Rage","floor":5},{"not_picked":["Clothesline","True Grit"],"picked":"Berserk","floor":7},{"not_picked":["Sever Soul","Headbutt"],"picked":"Flex","floor":10},{"not_picked":["Blood for Blood","Power Through"],"picked":"Shrug It Off","floor":12},{"not_picked":["Impervious","Bludgeon"],"picked":"Limit Break","floor":16},{"not_picked":["Shockwave","Clothesline"],"picked":"Pommel Strike","floor":18},{"not_picked":["Sever Soul","Sword Boomerang"],"picked":"Thunderclap","floor":20},{"not_picked":["Anger","Fire Breathing","Warcry"],"picked":"SKIP","floor":21},{"not_picked":["Bludgeon","Cleave","Thunderclap"],"picked":"SKIP","floor":27},{"not_picked":["Cleave","Perfected Strike"],"picked":"Seeing Red","floor":28},{"not_picked":["Reckless Charge+1","Anger","Flame Barrier"],"picked":"SKIP","floor":29},{"not_picked":["Thunderclap","Offering"],"picked":"Spot Weakness","floor":30},{"not_picked":["Brutality","Dark Embrace"],"picked":"Double Tap","floor":33},{"not_picked":["Clash","Cleave+1"],"picked":"Bloodletting+1","floor":35},{"not_picked":["Shockwave+1","Cleave"],"picked":"Pommel Strike","floor":37},{"not_picked":["Uppercut","Searing Blow"],"picked":"Heavy Blade","floor":39},{"not_picked":["Headbutt","Clash"],"picked":"Flex+1","floor":41},{"not_picked":["Anger","Intimidate"],"picked":"Shrug It Off+1","floor":44},{"not_picked":["Warcry","Blood for Blood+1"],"picked":"Metallicize","floor":46}],"player_experience":130183,"potions_floor_usage":[5,7,12,21,33,33,35,39,39,41,44,46,50],"damage_taken":[{"damage":5,"enemies":"Cultist","floor":1,"turns":4},{"damage":7,"enemies":"Small Slimes","floor":2,"turns":4},{"damage":2,"enemies":"2 Louse","floor":3,"turns":2},{"damage":1,"enemies":"2 Fungi Beasts","floor":5,"turns":3},{"damage":16,"enemies":"Lots of Slimes","floor":7,"turns":4},{"damage":18,"enemies":"Exordium Thugs","floor":10,"turns":3},{"damage":36,"enemies":"Lagavulin","floor":12,"turns":5},{"damage":30,"enemies":"Hexaghost","floor":16,"turns":8},{"damage":0,"enemies":"2 Thieves","floor":18,"turns":2},{"damage":0,"enemies":"Chosen","floor":20,"turns":2},{"damage":3,"enemies":"Snecko","floor":21,"turns":4},{"damage":0,"enemies":"Snake Plant","floor":27,"turns":2},{"damage":19,"enemies":"Centurion and Healer","floor":28,"turns":4},{"damage":0,"enemies":"3 Cultists","floor":29,"turns":3},{"damage":14,"enemies":"Slavers","floor":30,"turns":6},{"damage":19,"enemies":"Champ","floor":33,"turns":6},{"damage":52,"enemies":"Flame Bruiser 1 Orb","floor":35,"turns":3},{"damage":11,"enemies":"Orb Walker","floor":37,"turns":3},{"damage":14,"enemies":"Transient","floor":39,"turns":5},{"damage":8,"enemies":"3 Darklings","floor":41,"turns":6},{"damage":30,"enemies":"Spire Growth","floor":44,"turns":4},{"damage":34,"enemies":"Flame Bruiser 2 Orb","floor":46,"turns":3},{"damage":20,"enemies":"Time Eater","floor":50,"turns":8}],"relics_obtained":[{"floor":9,"key":"Bottled Flame"},{"floor":12,"key":"Anchor"},{"floor":26,"key":"The Courier"},{"floor":30,"key":"Self Forming Clay"},{"floor":43,"key":"Omamori"}],"event_choices":[{"event_name":"The Cleric","player_choice":"Leave","floor":4,"damage_taken":0},{"event_name":"Liars Game","player_choice":"agreed","floor":6,"damage_taken":0},{"event_name":"Upgrade Shrine","player_choice":"Upgraded","floor":22,"damage_taken":0},{"event_name":"Addict","player_choice":"Ignored","floor":24,"damage_taken":0},{"event_name":"Beggar","player_choice":"Gave Gold","floor":31,"damage_taken":0},{"event_name":"Tomb of Lord Red Mask","player_choice":"Ignored","floor":36,"damage_taken":0},{"event_name":"The Moai Head","player_choice":"Heal","floor":47,"damage_taken":0}],"boss_relics":[{"not_picked":["Runic Cube","Tiny House"],"picked":"Cursed Key"},{"not_picked":["Snecko Eye","Calling Bell"],"picked":"White Beast Statue"}],"items_purged_floors":[48],"potions_floor_spawned":[1,5,7,16,27,29,30,35,37,39,41,44,46],"seed_played":"1979412048552736874","ascension_level":1,"potions_obtained":[{"floor":1,"key":"SkillPotion"},{"floor":5,"key":"LiquidBronze"},{"floor":7,"key":"Regen Potion"},{"floor":16,"key":"EssenceOfSteel"},{"floor":27,"key":"SpeedPotion"},{"floor":29,"key":"Ancient Potion"},{"floor":30,"key":"SkillPotion"},{"floor":35,"key":"Energy Potion"},{"floor":37,"key":"GamblersBrew"},{"floor":39,"key":"SpeedPotion"},{"floor":41,"key":"EssenceOfSteel"},{"floor":44,"key":"Explosive Potion"},{"floor":46,"key":"Weak Potion"}],"is_trial":false}