{"path_per_floor":["M","M","M","M","M","E","R","M","T","E","M","R","M","T","R","B",null,"M","M","?","M","M"],"character_chosen":"IRONCLAD","items_purchased":[],"gold_per_floor":[16,32,51,69,84,114,114,124,124,156,166,166,181,181,181,279,279,289,301,226,238,258],"floor_reached":23,"campfire_rested":1,"playtime":2143,"current_hp_per_floor":[73,73,78,69,63,31,55,60,60,60,66,66,69,69,69,23,80,80,76,76,72,72],"items_purged":[],"gold":258,"play_id":"b9be95d3-afd9-41df-b831-cb2b0587f4b1","is_prod":false,"is_daily":false,"is_ascension_mode":false,"campfire_upgraded":2,"path_taken":["M","?","M","M","M","E","R","M","T","E","M","R","M","?","R","BOSS","M","M","?","M","M","E"],"build_version":"2018-02-01-PROD3","purchased_purges":0,"victory":false,"master_deck":["Strike_R","Strike_R","Strike_R","Defend_R","Defend_R","Defend_R","Bash","Flex","Rampage","Battle Trance","Armaments+1","Thunderclap","Pommel Strike","Fire Breathing+1","Flex","Reaper","Shrug It Off","Flex+1","Seeing Red"],"max_hp_per_floor":[80,80,80,80,80,80,80,80,80,80,80,80,80,80,80,80,80,80,80,80,80,80],"relics":["Burning Blood","Anchor","Toolbox","Happy Flower","Gambling Chip","Velvet Choker"],"card_choices":[{"not_picked":["Shrug It Off","Body Slam"],"picked":"Flex"},{"not_picked":["Infernal Blade","Perfected Strike"],"picked":"Rampage"},{"not_picked":["Thunderclap","Sentinel"],"picked":"Battle Trance"},{"not_picked":["Hemokinesis","Pommel Strike"],"picked":"Armaments"},{"not_picked":["Body Slam","Perfected Strike"],"picked":"Thunderclap"},{"not_picked":["Body Slam","Twin Strike"],"picked":"Pommel Strike"},{"not_picked":["Second Wind","Havoc"],"picked":"Fire Breathing"},{"not_picked":["Armaments","Offering"],"picked":"Flex"},{"not_picked":["Juggernaut","Fiend Fire"],"picked":"Reaper"},{"not_picked":["Headbutt","Clash"],"picked":"Shrug It Off"},{"not_picked":["Shrug It Off","Cleave"],"picked":"Flex"},{"not_picked":["Impervious","Power Through"],"picked":"Seeing Red"}],"player_experience":122831,"potions_floor_usage":[10,16],"damage_taken":[{"damage":13,"enemies":"Blue Slaver","floor":1,"turns":5},{"damage":6,"enemies":"Jaw Worm","floor":2,"turns":3},{"damage":1,"enemies":"Cultist","floor":3,"turns":3},{"damage":15,"enemies":"Looter","floor":4,"turns":3},{"damage":12,"enemies":"3 Louse","floor":5,"turns":3},{"damage":38,"enemies":"3 Sentries","floor":6,"turns":7},{"damage":1,"enemies":"Lots of Slimes","floor":8,"turns":3},{"damage":6,"enemies":"Gremlin Nob","floor":10,"turns":3},{"damage":0,"enemies":"Large Slime","floor":11,"turns":3},{"damage":3,"enemies":"Red Slaver","floor":13,"turns":2},{"damage":52,"enemies":"Hexaghost","floor":16,"turns":6},{"damage":5,"enemies":"3 Byrds","floor":18,"turns":4},{"damage":15,"enemies":"2 Thieves","floor":19,"turns":4},{"damage":14,"enemies":"Snecko","floor":21,"turns":4},{"damage":16,"enemies":"Snake Plant","floor":22,"turns":3},{"damage":72,"enemies":"Book of Stabbing","floor":23,"turns":7}],"event_choices":[{"event_name":"Beggar","player_choice":"Gave Gold","floor":20,"damage_taken":0}],"boss_relics":[{"not_picked":["Astrolabe","Ectoplasm"],"picked":"Velvet Choker"}],"potions_floor_spawned":[6,10,11,18],"seed_played":"-1508436451905599518","killed_by":"Book of Stabbing","ascension_level":0,"is_trial":false}