{"gold_per_floor":[114,114,125,125,150,150,150,169,169,169,193,212,212,256,256,386,386,381,381,341,366,316,347,68,86,110,110],"floor_reached":27,"playtime":864,"items_purged":[],"score":303,"play_id":"f753bcd0-d699-4ff9-94e7-e18e07d0f83e","local_time":"20180928121103","is_ascension_mode":true,"campfire_choices":[{"floor":6,"key":"REST"},{"floor":15,"key":"REST"}],"neow_cost":"","seed_source_timestamp":53628753899105,"circlet_count":0,"master_deck":["Strike_B+1","Strike_B","Strike_B","Defend_B","Defend_B","Defend_B","Defend_B","Zap","Dualcast","Go for the Eyes+1","Capacitor","Go for the Eyes+1","Defragment","Cold Snap+1","Self Repair","Rainbow","Conserve Battery","Redo","Defragment","Defragment","Darkness"],"relics":["Cracked Core","Bag of Preparation","Golden Idol","Molten Egg 2","Bottled Lightning","Nunchaku","Fusion Hammer","Ornamental Fan","DollysMirror","Vajra"],"potions_floor_usage":[14,14,23],"damage_taken":[{"damage":2,"enemies":"2 Louse","floor":1,"turns":3},{"damage":13,"enemies":"Small Slimes","floor":3,"turns":3},{"damage":2,"enemies":"Jaw Worm","floor":5,"turns":3},{"damage":19,"enemies":"Gremlin Gang","floor":8,"turns":4},{"damage":4,"enemies":"Blue Slaver","floor":11,"turns":4},{"damage":9,"enemies":"3 Louse","floor":12,"turns":3},{"damage":9,"enemies":"Gremlin Nob","floor":14,"turns":3},{"damage":41,"enemies":"Slime Boss","floor":16,"turns":12},{"damage":28,"enemies":"2 Thieves","floor":18,"turns":4},{"damage":17,"enemies":"Chosen","floor":21,"turns":6},{"damage":17,"enemies":"Book of Stabbing","floor":23,"turns":7},{"damage":18,"enemies":"Snecko","floor":25,"turns":5},{"damage":31,"enemies":"3 Cultists","floor":27,"turns":4}],"seed_played":"4178217165459432397","potions_obtained":[{"floor":11,"key":"Strength Potion"},{"floor":12,"key":"Strength Potion"},{"floor":16,"key":"AttackPotion"},{"floor":18,"key":"Energy Potion"}],"is_trial":false,"path_per_floor":["M","?","M","?","M","R","T","M","T","?","M","M","?","E","R","B",null,"M","?","?","M","$","E","$","M","T"],"character_chosen":"DEFECT","items_purchased":["Redo","DollysMirror","Darkness"],"campfire_rested":2,"item_purchase_floors":[22,24,24],"current_hp_per_floor":[66,48,35,35,33,53,53,34,34,27,23,14,37,28,48,14,55,34,57,57,47,47,37,37,26,26,0],"gold":110,"neow_bonus":"","is_prod":false,"is_daily":false,"chose_seed":false,"campfire_upgraded":0,"win_rate":0,"timestamp":1538161863,"path_taken":["M","?","M","?","M","R","?","?","T","?","M","M","?","E","R","BOSS","M","?","?","?","?","E","$","M","T","M"],"build_version":"2018-09-27","purchased_purges":0,"victory":false,"max_hp_per_floor":[75,75,75,69,69,69,69,69,69,69,69,69,69,69,69,69,69,69,69,69,69,69,69,69,69,69,69],"card_choices":[{"not_picked":["Beam Cell","Stack"],"picked":"Go for the Eyes","floor":1},{"not_picked":["Redo","Reinforced Body","Force Field"],"picked":"SKIP","floor":3},{"not_picked":["Turbo","Rip and Tear"],"picked":"Capacitor","floor":5},{"not_picked":["Reprogram","Reinforced Body"],"picked":"Go for the Eyes+1","floor":8},{"not_picked":["Go for the Eyes+1","Force Field"],"picked":"Defragment","floor":11},{"not_picked":["Hologram","Scrape+1"],"picked":"Cold Snap+1","floor":12},{"not_picked":["Seek","Turbo"],"picked":"Self Repair","floor":14},{"not_picked":["Amplify","Hyperbeam+1"],"picked":"Rainbow","floor":16},{"not_picked":["Undo+1","Go for the Eyes+1","Steam"],"picked":"SKIP","floor":18},{"not_picked":["Barrage+1","Doom and Gloom+1"],"picked":"Conserve Battery","floor":21},{"not_picked":["Auto Shields+1","Coolheaded"],"picked":"Defragment","floor":23},{"not_picked":["Fusion","Leap","Gash+1"],"picked":"SKIP","floor":25}],"player_experience":482295,"relics_obtained":[{"floor":7,"key":"Molten Egg 2"},{"floor":9,"key":"Bottled Lightning"},{"floor":14,"key":"Nunchaku"},{"floor":23,"key":"Ornamental Fan"},{"floor":26,"key":"Vajra"}],"event_choices":[{"event_name":"Scrap Ooze","player_choice":"success","floor":2,"damage_taken":18},{"event_name":"Golden Idol","player_choice":"Lose Max HP","floor":4,"damage_taken":0},{"event_name":"Golden Wing","player_choice":"Card Removal","floor":10,"damage_taken":0},{"event_name":"Big Fish","player_choice":"Banana","floor":13,"damage_taken":0},{"event_name":"The Library","player_choice":"Heal","floor":19,"damage_taken":0},{"event_name":"Designer","player_choice":"Upgrade 2 Random Cards","floor":20,"damage_taken":0}],"is_beta":false,"boss_relics":[{"not_picked":["Snecko Eye","Lizard Tail"],"picked":"Fusion Hammer"}],"items_purged_floors":[],"is_endless":false,"potions_floor_spawned":[11,12,16,18],"killed_by":"3 Cultists","ascension_level":6}