{"gold_per_floor":[110,90,90,9,109,109,123,123,150,150,166,166,178,191,191,270,270,285,304,219,219,0,0],"floor_reached":23,"playtime":1751,"items_purged":[],"score":295,"play_id":"0007f053-e197-4174-91f0-724bd1f639af","local_time":"20180921195516","is_ascension_mode":true,"campfire_choices":[{"data":"Zap","floor":6,"key":"SMITH"},{"data":"Streamline","floor":8,"key":"SMITH"},{"data":"Self Repair","floor":10,"key":"SMITH"},{"data":"Beam Cell","floor":12,"key":"SMITH"},{"data":"Loop","floor":15,"key":"SMITH"}],"neow_cost":"NONE","seed_source_timestamp":543077391335637,"circlet_count":0,"master_deck":["Strike_B","Strike_B","Strike_B","Strike_B","Defend_B","Defend_B","Defend_B","Defend_B","Zap+1","Dualcast+1","AscendersBane","FTL","Self Repair+1","Streamline+1","Beam Cell+1","Steam","Loop+1","Creative AI","Ball Lightning","Stack+1","J.A.X."],"relics":["Cracked Core","Happy Flower","Lantern","Lizard Tail","DataDisk"],"potions_floor_usage":[13,14,16,23],"damage_taken":[{"damage":0,"enemies":"2 Louse","floor":1,"turns":3},{"damage":0,"enemies":"Cultist","floor":7,"turns":3},{"damage":0,"enemies":"Small Slimes","floor":11,"turns":2},{"damage":0,"enemies":"2 Fungi Beasts","floor":13,"turns":2},{"damage":1,"enemies":"Lots of Slimes","floor":14,"turns":3},{"damage":51,"enemies":"Hexaghost","floor":16,"turns":9},{"damage":20,"enemies":"3 Byrds","floor":18,"turns":5},{"damage":45,"enemies":"Shell Parasite","floor":19,"turns":5},{"damage":54,"enemies":"Slavers","floor":23,"turns":5}],"seed_played":"1151571811606591319","potions_obtained":[{"floor":1,"key":"Strength Potion"},{"floor":2,"key":"Swift Potion"},{"floor":13,"key":"GamblersBrew"},{"floor":19,"key":"AttackPotion"}],"is_trial":false,"path_per_floor":["M","?","?","$","?","R","M","R","T","R","M","R","M","M","R","B",null,"M","M","?","?","?"],"character_chosen":"DEFECT","items_purchased":["Self Repair"],"campfire_rested":0,"item_purchase_floors":[4],"current_hp_per_floor":[68,68,56,56,56,56,63,63,63,63,73,73,75,75,75,34,65,55,10,10,10,10,0],"gold":0,"neow_bonus":"UPGRADE_CARD","is_prod":false,"is_daily":false,"chose_seed":false,"campfire_upgraded":5,"win_rate":0,"timestamp":1537552516,"path_taken":["M","?","?","$","?","R","M","R","T","R","M","R","M","M","R","BOSS","M","M","?","?","?","E"],"build_version":"2018-09-20","purchased_purges":0,"victory":false,"max_hp_per_floor":[75,75,75,75,75,75,75,75,75,75,75,75,75,75,75,75,75,75,75,75,75,75,75],"card_choices":[{"not_picked":["Rip and Tear","Cold Snap"],"picked":"FTL","floor":1},{"not_picked":["Barrage","Redo"],"picked":"Streamline","floor":7},{"not_picked":["Double Energy","Turbo"],"picked":"Beam Cell","floor":11},{"not_picked":["Doom and Gloom","Beam Cell"],"picked":"Steam","floor":13},{"not_picked":["Cold Snap","Steam Power"],"picked":"Loop","floor":14},{"not_picked":["Reboot","Amplify"],"picked":"Creative AI","floor":16},{"not_picked":["Skim","Turbo"],"picked":"Ball Lightning","floor":18},{"not_picked":["Steam","Gash"],"picked":"Stack+1","floor":19}],"player_experience":483616,"relics_obtained":[{"floor":9,"key":"Lantern"}],"event_choices":[{"event_name":"The Woman in Blue","player_choice":"Bought 1 Potion","floor":2,"damage_taken":0},{"event_name":"Scrap Ooze","player_choice":"success","floor":3,"damage_taken":12},{"event_name":"Wheel of Change","player_choice":"Gold","floor":5,"damage_taken":0},{"event_name":"Addict","player_choice":"Obtained Relic","floor":20,"damage_taken":0},{"event_name":"Drug Dealer","player_choice":"Got JAX","floor":21,"damage_taken":0},{"event_name":"Masked Bandits","player_choice":"Paid Fearfully","floor":22,"damage_taken":0}],"is_beta":false,"boss_relics":[{"not_picked":["Orrery","Philosopher\u0027s Stone"],"picked":"Lizard Tail"}],"items_purged_floors":[],"is_endless":false,"potions_floor_spawned":[1,13,19],"killed_by":"Slavers","ascension_level":13}