{"gold_per_floor":[115,115,115,128,147,147,165,165,165,193,204,219,314,324,324,426,476,489,504,504,504,521,521,535,535,582,3,3,3,13,26,26,121,121,141,66,80,34,52,52,83,83,83,2,17,17],"floor_reached":46,"playtime":1638,"items_purged":["Strike_B+1"],"score":478,"play_id":"885c2d9c-2d4d-4b65-8471-cb22d966fd8a","local_time":"20190121205931","is_ascension_mode":false,"campfire_choices":[{"data":"Zap","floor":6,"key":"SMITH"},{"data":"Gash","floor":8,"key":"SMITH"},{"data":"Cold Snap","floor":15,"key":"SMITH"},{"data":"Go for the Eyes","floor":23,"key":"SMITH"},{"data":"Cold Snap","floor":25,"key":"SMITH"},{"data":"Streamline","floor":29,"key":"SMITH"},{"data":"Gash","floor":32,"key":"SMITH"},{"data":"Gash","floor":40,"key":"SMITH"},{"data":"Sweeping Beam","floor":42,"key":"SMITH"}],"neow_cost":"NONE","seed_source_timestamp":66128965239487,"circlet_count":0,"master_deck":["Strike_B+1","Strike_B+1","Strike_B+1","Defend_B+1","Defend_B+1","Defend_B+1","Defend_B+1","Zap+1","Dualcast+1","Gash+1","Cold Snap+1","Sweeping Beam+1","Gash+1","Cold Snap+1","Go for the Eyes+1","Coolheaded+1","Streamline+1","Leap+1","Conserve Battery+1","Hologram","Parasite","Gash+1","FTL"],"relics":["Cracked Core","Mercury Hourglass","Spirit Poop","Happy Flower","Darkstone Periapt","Tiny Chest","Tiny House","Art of War","Regal Pillow","Mango","Lizard Tail","Frozen Egg 2","Molten Egg 2","Lantern"],"potions_floor_usage":[10,10,10,13,16,19,22,30,33,39,39,45],"damage_taken":[{"damage":0,"enemies":"2 Louse","floor":1,"turns":3},{"damage":6,"enemies":"Jaw Worm","floor":4,"turns":3},{"damage":1,"enemies":"Cultist","floor":5,"turns":3},{"damage":0,"enemies":"Large Slime","floor":7,"turns":3},{"damage":9,"enemies":"3 Sentries","floor":10,"turns":6},{"damage":10,"enemies":"Blue Slaver","floor":11,"turns":3},{"damage":1,"enemies":"3 Louse","floor":12,"turns":2},{"damage":14,"enemies":"Lagavulin Event","floor":13,"turns":5},{"damage":5,"enemies":"Looter","floor":14,"turns":2},{"damage":27,"enemies":"Hexaghost","floor":16,"turns":10},{"damage":5,"enemies":"Spheric Guardian","floor":18,"turns":3},{"damage":8,"enemies":"Chosen","floor":19,"turns":4},{"damage":2,"enemies":"Centurion and Healer","floor":22,"turns":5},{"damage":13,"enemies":"Snake Plant","floor":24,"turns":4},{"damage":0,"enemies":"Chosen and Byrds","floor":30,"turns":4},{"damage":8,"enemies":"Cultist and Chosen","floor":31,"turns":4},{"damage":61,"enemies":"Champ","floor":33,"turns":11},{"damage":7,"enemies":"3 Shapes","floor":35,"turns":3},{"damage":19,"enemies":"3 Darklings","floor":37,"turns":9},{"damage":37,"enemies":"Writhing Mass","floor":39,"turns":11},{"damage":47,"enemies":"Reptomancer","floor":41,"turns":11},{"damage":35,"enemies":"Jaw Worm Horde","floor":45,"turns":5},{"damage":10,"enemies":"Spire Growth","floor":46,"turns":4}],"seed_played":"6296603480959989619","potions_obtained":[{"floor":0,"key":"SmokeBomb"},{"floor":0,"key":"Fire Potion"},{"floor":0,"key":"SneckoOil"},{"floor":4,"key":"Block Potion"},{"floor":12,"key":"FocusPotion"},{"floor":14,"key":"SpeedPotion"},{"floor":17,"key":"Dexterity Potion"},{"floor":18,"key":"GamblersBrew"},{"floor":30,"key":"Strength Potion"},{"floor":33,"key":"GamblersBrew"},{"floor":37,"key":"SneckoOil"},{"floor":41,"key":"Strength Potion"}],"is_trial":false,"path_per_floor":["M","?","?","M","M","R","M","R","T","E","M","M","?","M","R","B",null,"M","M","?","?","M","R","M","R","T","$","?","R","M","M","R","B",null,"M","$","M","$","M","R","E","R","T","?","M","M"],"character_chosen":"DEFECT","items_purchased":["Regal Pillow","Mango","Streamline","Regen Potion","Hologram"],"campfire_rested":0,"item_purchase_floors":[27,27,27,27,38],"current_hp_per_floor":[75,75,75,69,68,68,68,68,68,59,49,48,34,29,29,2,80,75,67,67,67,65,65,52,52,52,66,66,66,78,70,70,9,94,87,87,68,68,37,37,41,41,41,41,6,0],"gold":17,"neow_bonus":"THREE_SMALL_POTIONS","is_prod":false,"is_daily":false,"chose_seed":false,"campfire_upgraded":9,"win_rate":0,"timestamp":1548122371,"path_taken":["M","?","?","M","M","R","M","R","T","E","?","M","?","M","R","BOSS","M","M","?","?","M","R","M","R","T","$","?","R","M","M","R","BOSS","M","$","M","$","M","R","E","R","T","?","?","M"],"build_version":"2019-01-17v2","purchased_purges":1,"victory":false,"max_hp_per_floor":[75,75,75,75,75,75,75,75,75,75,75,75,75,75,75,75,80,80,80,80,80,80,80,80,80,80,94,94,94,94,94,94,94,94,94,94,94,94,100,100,100,100,100,100,100,100],"card_choices":[{"not_picked":["Sweeping Beam","Rebound"],"picked":"Gash","floor":1},{"not_picked":["Genetic Algorithm","Capacitor","Stack"],"picked":"SKIP","floor":4},{"not_picked":["Compile Driver","Steam","Stack"],"picked":"SKIP","floor":5},{"not_picked":["Genetic Algorithm","Blizzard"],"picked":"Cold Snap","floor":7},{"not_picked":["Compile Driver","Force Field","Barrage"],"picked":"SKIP","floor":10},{"not_picked":["Redo","Core Surge"],"picked":"Sweeping Beam","floor":11},{"not_picked":["Auto Shields","Rebound"],"picked":"Gash","floor":12},{"not_picked":["Reinforced Body","White Noise","Redo"],"picked":"SKIP","floor":14},{"not_picked":["Scrape","Rebound+1"],"picked":"Cold Snap","floor":18},{"not_picked":["Rip and Tear","Barrage","BootSequence"],"picked":"SKIP","floor":19},{"not_picked":["Beam Cell","Cold Snap"],"picked":"Go for the Eyes","floor":22},{"not_picked":["Stack","Ball Lightning+1"],"picked":"Coolheaded+1","floor":24},{"not_picked":["Steam","Ball Lightning","Machine Learning"],"picked":"SKIP","floor":30},{"not_picked":["Rebound","Rip and Tear+1"],"picked":"Leap+1","floor":31},{"not_picked":["Streamline","Recycle"],"picked":"Conserve Battery+1","floor":35},{"not_picked":["Self Repair","Leap","Rip and Tear+1"],"picked":"SKIP","floor":37},{"not_picked":["Turbo","Leap"],"picked":"Gash","floor":39},{"not_picked":["Darkness+1","Barrage+1"],"picked":"FTL","floor":41},{"not_picked":["Self Repair+1","Loop+1","Storm+1"],"picked":"SKIP","floor":45}],"player_experience":557025,"relics_obtained":[{"floor":9,"key":"Happy Flower"},{"floor":10,"key":"Darkstone Periapt"},{"floor":13,"key":"Tiny Chest"},{"floor":26,"key":"Art of War"},{"floor":41,"key":"Frozen Egg 2"},{"floor":43,"key":"Molten Egg 2"}],"event_choices":[{"damage_healed":0,"gold_gain":0,"player_choice":"Box","damage_taken":0,"relics_obtained":["Mercury Hourglass"],"max_hp_gain":0,"max_hp_loss":0,"event_name":"Big Fish","floor":2,"gold_loss":0,"cards_obtained":["Regret"]},{"cards_removed":["Regret"],"damage_healed":0,"gold_gain":0,"player_choice":"Offered Curse","damage_taken":0,"relics_obtained":["Spirit Poop"],"max_hp_gain":0,"max_hp_loss":0,"event_name":"Bonfire Elementals","floor":3,"gold_loss":0},{"damage_healed":0,"gold_gain":0,"player_choice":"Searched \u00272\u0027 times","damage_taken":0,"max_hp_gain":0,"max_hp_loss":0,"event_name":"Dead Adventurer","floor":13,"gold_loss":0},{"damage_healed":0,"gold_gain":0,"player_choice":"Simplicity","damage_taken":0,"max_hp_gain":0,"max_hp_loss":0,"event_name":"Back to Basics","floor":20,"gold_loss":0,"cards_upgraded":["Strike_B","Strike_B","Strike_B","Strike_B","Defend_B","Defend_B","Defend_B","Defend_B"]},{"damage_healed":0,"gold_gain":0,"player_choice":"Ignored","damage_taken":0,"max_hp_gain":0,"max_hp_loss":0,"event_name":"Cursed Tome","floor":21,"gold_loss":0},{"damage_healed":0,"gold_gain":0,"player_choice":"Ignored","damage_taken":0,"max_hp_gain":0,"max_hp_loss":0,"event_name":"Ghosts","floor":28,"gold_loss":0},{"damage_healed":0,"gold_gain":0,"player_choice":"Paid Gold","damage_taken":0,"relics_obtained":["Lantern"],"max_hp_gain":0,"max_hp_loss":0,"event_name":"WeMeetAgain","floor":44,"gold_loss":81}],"is_beta":false,"boss_relics":[{"not_picked":["Runic Dome","Philosopher\u0027s Stone"],"picked":"Tiny House"},{"not_picked":["Runic Pyramid","Fusion Hammer"],"picked":"Lizard Tail"}],"items_purged_floors":[36],"is_endless":false,"potions_floor_spawned":[4,5,12,14,18,30,33,37,41],"killed_by":"Spire Growth","ascension_level":0}