{"path_per_floor":["M","M","M","M","M","R","E","R","T","R","?","E","?","M","R","B",null,"M","M","$","M","M","R","E","M","T","R","M","?","?","M","R","B",null,"M","$","?","M","?","R","E","?","T","E","T","M","R","$","R","B"],"character_chosen":"THE_SILENT","items_purchased":["Finesse","Infinite Blades","Kunai","Oddly Smooth Stone"],"gold_per_floor":[19,32,47,59,75,75,106,106,106,106,76,107,107,127,127,222,222,234,250,4,22,34,34,66,85,111,111,124,124,124,137,137,240,240,257,2,2,16,16,16,50,50,103,129,159,176,176,21,21,21],"floor_reached":51,"campfire_rested":5,"playtime":3432,"current_hp_per_floor":[63,63,62,47,42,63,56,56,56,56,56,44,44,45,68,54,71,72,74,74,71,63,63,62,52,52,52,45,45,45,41,64,27,65,43,43,62,46,46,69,50,50,50,38,38,40,63,63,63,7],"items_purged":["Defend_G"],"gold":21,"score":943,"play_id":"eb36ce4e-bfcf-4ea6-ac19-75eecf3c1790","local_time":"20180405002146","is_prod":false,"is_daily":false,"is_ascension_mode":true,"campfire_upgraded":5,"timestamp":1522880506,"path_taken":["M","M","M","M","M","R","E","R","T","R","?","E","?","?","R","BOSS","M","M","$","M","M","R","E","M","T","R","M","?","?","M","R","BOSS","M","$","?","M","?","R","E","?","T","E","?","M","R","$","R","BOSS"],"build_version":"2018-03-29v2","purchased_purges":3,"victory":true,"master_deck":["Defend_G","Defend_G","Defend_G","Defend_G","Strike_G","Strike_G","Survivor","Neutralize+1","Glass Knife+1","Skewer+1","Slice","Well Laid Plans","Cloak And Dagger","Quick Slash","Blur","PiercingWail","After Image+1","Malaise+1","Acrobatics","Finesse","Infinite Blades","Flying Knee+1","Dagger Spray+1","Infinite Blades+1","Acrobatics+1","Leg Sweep+1","Slice+1","A Thousand Cuts+1","Dagger Throw+1","Dash+1","Infinite Blades+1","Outmaneuver+1","Outmaneuver+1","Burst+1","Writhe","Cloak And Dagger+1","Clumsy","Well Laid Plans"],"max_hp_per_floor":[70,70,70,70,70,70,70,70,70,70,70,77,77,77,77,77,77,77,77,77,77,77,77,77,77,77,77,77,77,77,77,77,77,77,77,77,77,77,77,77,77,77,77,77,77,77,77,77,77,77],"relics":["Ring of the Snake","Blood Vial","Strawberry","Cursed Key","Toxic Egg 2","Pen Nib","Unceasing Top","Nloth\u0027s Gift","Astrolabe","Kunai","Ancient Tea Set","Bronze Scales","Juzu Bracelet","Tiny Chest","Oddly Smooth Stone"],"card_choices":[{"not_picked":["Adrenaline","Corpse Explosion"],"picked":"Glass Knife","floor":0.0},{"not_picked":["Setup","Bane"],"picked":"Skewer","floor":1.0},{"not_picked":["Deadly Poison","Poisoned Stab"],"picked":"Slice","floor":2.0},{"not_picked":["Skewer","Quick Slash"],"picked":"Well Laid Plans","floor":3.0},{"not_picked":["Dagger Throw","Escape Plan"],"picked":"Cloak And Dagger","floor":4.0},{"not_picked":["Dagger Throw","Accuracy"],"picked":"Quick Slash","floor":7.0},{"not_picked":["Flechettes","Outmaneuver"],"picked":"Blur","floor":12},{"not_picked":["Deflect","Dagger Throw"],"picked":"PiercingWail","floor":14},{"not_picked":["Tools of the Trade","Doppelganger"],"picked":"After Image","floor":16},{"not_picked":["Flying Knee","Sucker Punch"],"picked":"Malaise","floor":18},{"not_picked":["Deflect","Dagger Throw"],"picked":"Acrobatics","floor":19},{"not_picked":["PiercingWail","Dagger Spray"],"picked":"Flying Knee","floor":21},{"not_picked":["Backflip","Heel Hook"],"picked":"Dagger Spray","floor":22},{"not_picked":["Choke","Night Terror"],"picked":"Infinite Blades","floor":24},{"not_picked":["Deadly Poison","Choke"],"picked":"Acrobatics","floor":25},{"not_picked":["Poisoned Stab","Acrobatics"],"picked":"Leg Sweep","floor":28},{"not_picked":["Dagger Spray","Prepared"],"picked":"Slice","floor":31},{"not_picked":["Glass Knife","Grand Finale"],"picked":"A Thousand Cuts","floor":33},{"not_picked":["Deadly Poison","Distraction"],"picked":"Outmaneuver","floor":35},{"not_picked":["Underhanded Strike","PiercingWail"],"picked":"Outmaneuver","floor":38},{"not_picked":["Prepared","Flechettes"],"picked":"Burst","floor":41},{"not_picked":["Underhanded Strike","Corpse Explosion"],"picked":"Cloak And Dagger","floor":44},{"not_picked":["Bouncing Flask","Caltrops"],"picked":"Well Laid Plans","floor":46}],"player_experience":229370,"potions_floor_usage":[16,24,33,33,35,38,50],"damage_taken":[{"damage":0.0,"enemies":"Jaw Worm","floor":1.0,"turns":4.0},{"damage":0.0,"enemies":"Cultist","floor":2.0,"turns":3.0},{"damage":1.0,"enemies":"Small Slimes","floor":3.0,"turns":3.0},{"damage":15.0,"enemies":"Exordium Wildlife","floor":4.0,"turns":6.0},{"damage":5.0,"enemies":"Gremlin Gang","floor":5.0,"turns":5.0},{"damage":7.0,"enemies":"3 Sentries","floor":7.0,"turns":9.0},{"damage":21.0,"enemies":"Lagavulin","floor":12.0,"turns":4.0},{"damage":1,"enemies":"3 Louse","floor":14,"turns":3},{"damage":16,"enemies":"The Guardian","floor":16,"turns":16},{"damage":1,"enemies":"3 Byrds","floor":18,"turns":5},{"damage":0,"enemies":"Spheric Guardian","floor":19,"turns":3},{"damage":5,"enemies":"3 Cultists","floor":21,"turns":6},{"damage":10,"enemies":"Slaver and Parasite","floor":22,"turns":7},{"damage":3,"enemies":"Gremlin Leader","floor":24,"turns":8},{"damage":12,"enemies":"Chosen and Byrds","floor":25,"turns":6},{"damage":9,"enemies":"3 Cultists","floor":28,"turns":5},{"damage":6,"enemies":"Snake Plant","floor":31,"turns":6},{"damage":39,"enemies":"Champ","floor":33,"turns":14},{"damage":24,"enemies":"3 Shapes","floor":35,"turns":6},{"damage":18,"enemies":"3 Darklings","floor":38,"turns":4},{"damage":21,"enemies":"2 Orb Walkers","floor":41,"turns":5},{"damage":14,"enemies":"Nemesis","floor":44,"turns":9},{"damage":0,"enemies":"Maw","floor":46,"turns":8},{"damage":58,"enemies":"Time Eater","floor":50,"turns":14}],"event_choices":[{"event_name":"The Woman in Blue","player_choice":"Bought 2 Potions","floor":11.0,"damage_taken":0.0},{"event_name":"Upgrade Shrine","player_choice":"Upgraded","floor":13,"damage_taken":0},{"event_name":"Wheel of Change","player_choice":"Relic","floor":29,"damage_taken":0},{"event_name":"N\u0027loth","player_choice":"Traded a Bag of Preparation","floor":30,"damage_taken":0},{"event_name":"Winding Halls","player_choice":"Writhe","floor":37,"damage_taken":0},{"event_name":"Mysterious Sphere","player_choice":"Ignore","floor":39,"damage_taken":0},{"event_name":"Fountain of Cleansing","player_choice":"Removed Curse","floor":42,"damage_taken":0}],"boss_relics":[{"not_picked":["Runic Dome","Philosopher\u0027s Stone"],"picked":"Cursed Key"},{"not_picked":["Snecko Eye","Velvet Choker"],"picked":"Astrolabe"}],"potions_floor_spawned":[1,2,4,19,21,24,28,35,44,46],"seed_played":"1261219729177301133","ascension_level":6,"is_trial":false}