{"path_per_floor":["M","?","?","M","?","R","E","M","T","M","R","E","$","M","R","B",null,"M","$","M","M","M","E","R","M","T","?","R","M","M","?","R","B",null,"M","M","M","?","?","M","$","R","T","M","M","M","$","M","R","B"],"character_chosen":"DEFECT","items_purchased":["Toxic Egg 2","Loop+1","Hologram","Double Energy+1","BootSequence+1","All For One","Secret Weapon+1","Capacitor+1"],"gold_per_floor":[113,113,63,80,80,80,414,430,430,445,445,479,31,48,48,145,145,157,40,56,69,83,114,114,133,133,164,164,174,192,192,192,292,292,309,319,339,339,339,351,14,14,86,101,120,138,56,73,73,73],"floor_reached":51,"campfire_rested":1,"playtime":3663,"item_purchase_floors":[13,13,13,19,19,41,41,47],"current_hp_per_floor":[74,74,74,74,67,67,33,33,33,31,31,28,28,27,27,23,75,57,57,57,57,56,49,49,41,41,41,41,34,34,34,56,56,75,75,75,75,75,66,66,66,66,66,67,75,75,75,75,75,64],"items_purged":["Strike_B"],"gold":73,"score":821,"play_id":"eb6d2179-9e83-4de1-bbd2-0a7b9dc01336","local_time":"20180604205604","is_prod":false,"is_daily":false,"chose_seed":false,"is_ascension_mode":true,"campfire_upgraded":7,"win_rate":0.0,"timestamp":1528138564,"campfire_choices":[{"data":"Zap","floor":6,"key":"SMITH"},{"data":"Dualcast","floor":11,"key":"SMITH"},{"data":"Coolheaded","floor":15,"key":"SMITH"},{"data":"Coolheaded","floor":24,"key":"SMITH"},{"data":"Gash","floor":28,"key":"SMITH"},{"floor":32,"key":"REST"},{"data":"Compile Driver","floor":42,"key":"SMITH"},{"data":"Scrape","floor":49,"key":"SMITH"}],"path_taken":["M","?","?","M","?","R","E","M","T","M","R","E","$","M","R","BOSS","M","$","M","M","M","E","R","M","T","?","R","?","M","?","R","BOSS","M","M","M","?","?","?","$","R","T","M","M","M","?","M","R","BOSS"],"build_version":"2018-05-31","seed_source_timestamp":126868748484917,"purchased_purges":1,"victory":true,"master_deck":["Defend_B","Defend_B","Defend_B","Defend_B","Zap+1","Dualcast+1","Gash","Doom and Gloom","Conserve Battery","Compile Driver+1","Coolheaded+1","Coolheaded+1","Scrape+1","Loop+1","Hologram+1","Coolheaded+1","All For One","Chaos+1","Double Energy+1","BootSequence+1","Compile Driver+1","Gash+1","Leap+1","Coolheaded+1","Aggregate+1","Coolheaded+1","Defragment+1","Rainbow+1","Fusion+1","Hologram+1","Coolheaded+1","Self Repair+1","White Noise+1","Redo+1","Gash+1","Madness+1","Madness+1","All For One","Secret Weapon+1","Capacitor+1","Stack+1"],"max_hp_per_floor":[75,75,75,75,75,75,75,75,75,75,75,75,75,75,75,75,75,75,75,75,75,75,75,75,75,75,75,75,75,75,75,75,75,75,75,75,75,75,75,75,75,75,75,75,75,75,75,75,75,75],"relics":["Cracked Core","Old Coin","Frozen Egg 2","Ice Cream","Toxic Egg 2","Philosopher\u0027s Stone","Gambling Chip","Darkstone Periapt","Red Mask","Orrery","Mummified Hand"],"card_choices":[{"not_picked":["Beam Cell","Barrage"],"picked":"Gash","floor":1},{"not_picked":["Fusion","Rip and Tear"],"picked":"Conserve Battery","floor":4},{"not_picked":["Sweeping Beam","Melter"],"picked":"Compile Driver","floor":7},{"not_picked":["Hologram","Sweeping Beam"],"picked":"Coolheaded","floor":8},{"not_picked":["Streamline","Cold Snap"],"picked":"Coolheaded","floor":10},{"not_picked":["Force Field","Leap"],"picked":"Scrape","floor":12},{"not_picked":["Tempest+1","Stack+1"],"picked":"Coolheaded+1","floor":14},{"not_picked":["Creative AI+1","Electrodynamics+1"],"picked":"All For One","floor":16},{"not_picked":["Barrage","Ball Lightning"],"picked":"Chaos+1","floor":18},{"not_picked":["Blizzard+1","Beam Cell"],"picked":"Compile Driver+1","floor":20},{"not_picked":["Force Field+1","Doom and Gloom"],"picked":"Gash","floor":21},{"not_picked":["Darkness+1","Melter"],"picked":"Leap+1","floor":22},{"not_picked":["Chill+1","Ball Lightning+1"],"picked":"Coolheaded+1","floor":23},{"not_picked":["Sweeping Beam","Consume+1","Streamline"],"picked":"SKIP","floor":25},{"not_picked":["Go for the Eyes","Skim+1"],"picked":"Aggregate+1","floor":27},{"not_picked":["Barrage","Auto Shields+1"],"picked":"Coolheaded+1","floor":29},{"not_picked":["Go for the Eyes","FTL"],"picked":"Defragment+1","floor":30},{"not_picked":["Thunder Strike","Biased Cognition+1"],"picked":"Rainbow+1","floor":33},{"not_picked":["Leap+1","Reprogram+1"],"picked":"Fusion+1","floor":34},{"not_picked":["Compile Driver+1","Cold Snap"],"picked":"Hologram+1","floor":34},{"not_picked":["Sweeping Beam","Beam Cell+1"],"picked":"Coolheaded+1","floor":34},{"not_picked":["Doom and Gloom","Coolheaded+1"],"picked":"Hologram+1","floor":34},{"not_picked":["Scrape","Ball Lightning"],"picked":"Self Repair+1","floor":34},{"not_picked":["Amplify+1","Sweeping Beam"],"picked":"White Noise+1","floor":35},{"not_picked":["Genetic Algorithm+1","Go for the Eyes+1"],"picked":"Redo+1","floor":36},{"not_picked":["Heatsinks+1","Cold Snap+1"],"picked":"Gash+1","floor":37},{"not_picked":["Streamline+1","Conserve Battery+1","Beam Cell"],"picked":"SKIP","floor":40},{"not_picked":["Conserve Battery+1","Barrage+1","Blizzard"],"picked":"SKIP","floor":44},{"not_picked":["Sweeping Beam","Static Discharge+1","Creative AI+1"],"picked":"SKIP","floor":45},{"not_picked":["Cold Snap+1","Barrage","Streamline"],"picked":"SKIP","floor":46},{"not_picked":["Skim+1","Hologram+1"],"picked":"Stack+1","floor":48}],"player_experience":342620,"potions_floor_usage":[16,23,33,33,45,48,50,50],"damage_taken":[{"damage":1,"enemies":"Jaw Worm","floor":1,"turns":3},{"damage":0,"enemies":"Cultist","floor":4,"turns":3},{"damage":34,"enemies":"Gremlin Nob","floor":7,"turns":4},{"damage":0,"enemies":"2 Louse","floor":8,"turns":2},{"damage":2,"enemies":"Blue Slaver","floor":10,"turns":3},{"damage":3,"enemies":"Lagavulin","floor":12,"turns":6},{"damage":1,"enemies":"2 Fungi Beasts","floor":14,"turns":2},{"damage":4,"enemies":"Hexaghost","floor":16,"turns":8},{"damage":18,"enemies":"Chosen","floor":18,"turns":4},{"damage":0,"enemies":"2 Thieves","floor":20,"turns":3},{"damage":0,"enemies":"Cultist and Chosen","floor":21,"turns":4},{"damage":1,"enemies":"Centurion and Healer","floor":22,"turns":4},{"damage":7,"enemies":"Slavers","floor":23,"turns":3},{"damage":8,"enemies":"Sentry and Sphere","floor":25,"turns":4},{"damage":0,"enemies":"Masked Bandits","floor":27,"turns":4},{"damage":7,"enemies":"3 Cultists","floor":29,"turns":4},{"damage":0,"enemies":"Snake Plant","floor":30,"turns":3},{"damage":0,"enemies":"Automaton","floor":33,"turns":6},{"damage":2,"enemies":"3 Darklings","floor":35,"turns":5},{"damage":7,"enemies":"3 Shapes","floor":36,"turns":4},{"damage":10,"enemies":"Sphere and 2 Shapes","floor":37,"turns":4},{"damage":0,"enemies":"3 Darklings","floor":40,"turns":3},{"damage":9,"enemies":"4 Shapes","floor":44,"turns":3},{"damage":2,"enemies":"Sphere and 2 Shapes","floor":45,"turns":4},{"damage":0,"enemies":"Maw","floor":46,"turns":5},{"damage":4,"enemies":"4 Shapes","floor":48,"turns":5},{"damage":21,"enemies":"Awakened One","floor":50,"turns":8}],"relics_obtained":[{"floor":7,"key":"Old Coin"},{"floor":9,"key":"Frozen Egg 2"},{"floor":12,"key":"Ice Cream"},{"floor":23,"key":"Gambling Chip"},{"floor":26,"key":"Darkstone Periapt"},{"floor":27,"key":"Red Mask"},{"floor":43,"key":"Mummified Hand"}],"event_choices":[{"event_name":"Transmorgrifier","player_choice":"Transform","floor":2,"damage_taken":0},{"event_name":"The Cleric","player_choice":"Card Removal","floor":3,"damage_taken":0},{"event_name":"Golden Wing","player_choice":"Card Removal","floor":5,"damage_taken":0},{"event_name":"Masked Bandits","player_choice":"Fought over 133 gold","floor":27,"damage_taken":0},{"event_name":"Vampires","player_choice":"Ignored","floor":31,"damage_taken":0},{"event_name":"Winding Halls","player_choice":"Embrace Madness","floor":39,"damage_taken":0}],"boss_relics":[{"not_picked":["Velvet Choker","Lizard Tail"],"picked":"Philosopher\u0027s Stone"},{"not_picked":["Nuclear Battery","Inserter"],"picked":"Orrery"}],"items_purged_floors":[13],"potions_floor_spawned":[4,12,14,22,23,27,30,36,44,45,48],"seed_played":"6271956341155078210","ascension_level":1,"potions_obtained":[{"floor":4,"key":"LiquidBronze"},{"floor":12,"key":"Explosive Potion"},{"floor":14,"key":"SkillPotion"},{"floor":22,"key":"EssenceOfSteel"},{"floor":23,"key":"SteroidPotion"},{"floor":27,"key":"FocusPotion"},{"floor":36,"key":"Poison Potion"},{"floor":44,"key":"Explosive Potion"},{"floor":45,"key":"Explosive Potion"},{"floor":48,"key":"Dexterity Potion"}],"is_trial":false}