{"gold_per_floor":[114,189,204,219,219,219,234,264,339,339,42,57,72,87,87,187,187,202,217,232,2,2,2,17,32,82,82,97,112,112,142,142,242,292,307,307,322,337,352,352,367,382,382,382,412,412,412,20,20,20],"floor_reached":50,"playtime":2914,"items_purged":["Dualcast","Strike_B","Strike_B"],"score":550,"play_id":"f038de78-a64f-4600-b3b9-f03e5723bef5","local_time":"20181204180417","daily_mods":["Heirloom","Uncertain Future","Binary"],"is_ascension_mode":false,"campfire_choices":[{"data":"Streamline","floor":6,"key":"SMITH"},{"data":"Streamline","floor":10,"key":"SMITH"},{"floor":15,"key":"REST"},{"data":"Hologram","floor":23,"key":"SMITH"},{"floor":30,"key":"REST"},{"floor":32,"key":"REST"},{"floor":40,"key":"REST"},{"data":"Apotheosis","floor":47,"key":"SMITH"},{"data":"Hologram","floor":49,"key":"SMITH"}],"neow_cost":"","seed_source_timestamp":0,"circlet_count":0,"master_deck":["Strike_B","Strike_B","Defend_B","Defend_B","Defend_B","Defend_B","Conserve Battery","Streamline+1","Sweeping Beam","Streamline+1","Gash+1","Hologram+1","Beam Cell","Auto Shields","Go for the Eyes","Reinforced Body+1","Rebound","Flash of Steel","Hologram+1","Rebound","Coolheaded+1","Core Surge","Apotheosis+1","Purity"],"special_seed":17870,"relics":["Gambling Chip","Kunai","Dodecahedron","Symbiotic Virus","PreservedInsect","Nuclear Battery","Nloth\u0027s Gift","Happy Flower","MutagenicStrength","Omamori","Tiny House","Pantograph","Smiling Mask","Oddly Smooth Stone"],"potions_floor_usage":[8,16,24,28,31,33,33,38,50,50,50],"damage_taken":[{"damage":6,"enemies":"2 Louse","floor":1,"turns":2},{"damage":3,"enemies":"Small Slimes","floor":3,"turns":3},{"damage":0,"enemies":"Jaw Worm","floor":4,"turns":3},{"damage":1,"enemies":"3 Louse","floor":7,"turns":3},{"damage":0,"enemies":"Gremlin Nob","floor":8,"turns":3},{"damage":1,"enemies":"Gremlin Gang","floor":12,"turns":4},{"damage":7,"enemies":"Blue Slaver","floor":13,"turns":2},{"damage":1,"enemies":"3 Louse","floor":14,"turns":3},{"damage":10,"enemies":"Hexaghost","floor":16,"turns":7},{"damage":0,"enemies":"Chosen","floor":18,"turns":3},{"damage":8,"enemies":"Spheric Guardian","floor":19,"turns":4},{"damage":9,"enemies":"Snecko","floor":20,"turns":4},{"damage":20,"enemies":"Sentry and Sphere","floor":24,"turns":6},{"damage":6,"enemies":"3 Cultists","floor":25,"turns":4},{"damage":14,"enemies":"Snake Plant","floor":28,"turns":4},{"damage":0,"enemies":"Snecko","floor":29,"turns":3},{"damage":0,"enemies":"Gremlin Leader","floor":31,"turns":4},{"damage":30,"enemies":"Collector","floor":33,"turns":8},{"damage":7,"enemies":"3 Shapes","floor":35,"turns":4},{"damage":9,"enemies":"3 Darklings","floor":37,"turns":6},{"damage":1,"enemies":"4 Shapes","floor":38,"turns":5},{"damage":31,"enemies":"Transient","floor":39,"turns":5},{"damage":9,"enemies":"Jaw Worm Horde","floor":41,"turns":4},{"damage":5,"enemies":"3 Darklings","floor":42,"turns":5},{"damage":31,"enemies":"Giant Head","floor":45,"turns":7},{"damage":74,"enemies":"Donu and Deca","floor":50,"turns":7}],"seed_played":"6234403270390555822","potions_obtained":[{"floor":3,"key":"AttackPotion"},{"floor":8,"key":"Poison Potion"},{"floor":14,"key":"Ancient Potion"},{"floor":16,"key":"Weak Potion"},{"floor":24,"key":"Ancient Potion"},{"floor":28,"key":"Strength Potion"},{"floor":29,"key":"Explosive Potion"},{"floor":31,"key":"Poison Potion"},{"floor":34,"key":"Swift Potion"},{"floor":35,"key":"Regen Potion"},{"floor":45,"key":"PowerPotion"}],"is_trial":false,"path_per_floor":["M","?","M","M","?","R","M","E","T","R","$","M","M","M","R","B",null,"M","M","M","$","?","R","M","M","T","?","M","M","R","E","R","B",null,"M","?","M","M","M","R","M","M","T","?","E","?","R","$","R","B"],"character_chosen":"DEFECT","items_purchased":["Gash","Hologram","PreservedInsect","Rebound","Flash of Steel","Oddly Smooth Stone","Strength Potion","Strength Potion","Purity"],"campfire_rested":4,"item_purchase_floors":[11,11,11,21,21,48,48,48,48],"current_hp_per_floor":[69,58,55,55,52,52,51,51,51,51,51,50,43,42,64,54,75,75,67,58,58,58,58,38,32,32,32,18,18,40,40,62,32,80,73,73,64,63,32,56,47,42,42,42,11,70,70,70,70,0],"gold":20,"neow_bonus":"","is_prod":false,"is_daily":true,"chose_seed":false,"campfire_upgraded":5,"win_rate":0,"timestamp":1543975457,"path_taken":["M","?","M","M","?","R","M","E","T","R","$","?","M","M","R","BOSS","M","M","M","$","?","R","?","M","T","?","M","M","R","E","R","BOSS","M","?","M","M","M","R","M","M","T","?","E","?","R","$","R","BOSS"],"build_version":"2018-11-15","purchased_purges":3,"victory":false,"max_hp_per_floor":[75,75,75,75,75,75,75,75,75,75,75,75,75,75,75,75,75,75,75,75,75,75,75,75,75,75,75,75,75,75,75,75,75,80,80,80,80,80,80,80,80,80,80,80,80,70,70,70,70,70],"card_choices":[{"not_picked":["Go for the Eyes"],"picked":"Conserve Battery","floor":1},{"not_picked":["Loop"],"picked":"Streamline","floor":3},{"not_picked":["Ball Lightning"],"picked":"Sweeping Beam","floor":4},{"not_picked":["Sunder"],"picked":"Streamline","floor":7},{"not_picked":["Fusion","Turbo"],"picked":"SKIP","floor":8},{"not_picked":["All For One"],"picked":"Beam Cell","floor":12},{"not_picked":["Glacier"],"picked":"Auto Shields","floor":13},{"not_picked":["Conserve Battery"],"picked":"Go for the Eyes","floor":14},{"not_picked":["Barrage","Turbo"],"picked":"SKIP","floor":18},{"not_picked":["Darkness"],"picked":"Reinforced Body+1","floor":19},{"not_picked":["Go for the Eyes","Reinforced Body"],"picked":"SKIP","floor":20},{"not_picked":["Chaos","Chill"],"picked":"SKIP","floor":24},{"not_picked":["Barrage+1","Leap+1"],"picked":"SKIP","floor":25},{"not_picked":["Leap","Rainbow"],"picked":"SKIP","floor":28},{"not_picked":["Gash"],"picked":"Hologram","floor":29},{"not_picked":["Go for the Eyes","Recycle"],"picked":"SKIP","floor":31},{"not_picked":["Steam+1"],"picked":"Rebound","floor":35},{"not_picked":["Heatsinks+1","Stack+1"],"picked":"SKIP","floor":37},{"not_picked":["Ball Lightning","Aggregate"],"picked":"SKIP","floor":38},{"not_picked":["Heatsinks+1","BootSequence"],"picked":"SKIP","floor":39},{"not_picked":["Steam Power+1"],"picked":"Coolheaded+1","floor":41},{"not_picked":["Auto Shields+1"],"picked":"Core Surge","floor":42},{"not_picked":["Discovery"],"picked":"Apotheosis","floor":44},{"not_picked":["Storm","Conserve Battery"],"picked":"SKIP","floor":45}],"player_experience":558127,"relics_obtained":[{"floor":8,"key":"Dodecahedron"},{"floor":9,"key":"Symbiotic Virus"},{"floor":26,"key":"Happy Flower"},{"floor":31,"key":"Omamori"},{"floor":43,"key":"Pantograph"},{"floor":45,"key":"Smiling Mask"}],"event_choices":[{"damage_healed":0,"gold_gain":75,"player_choice":"Gather Gold","damage_taken":11,"max_hp_gain":0,"max_hp_loss":0,"event_name":"World of Goop","floor":2,"gold_loss":0},{"damage_healed":0,"gold_gain":0,"player_choice":"Success","damage_taken":3,"relics_obtained":["Kunai"],"max_hp_gain":0,"max_hp_loss":0,"event_name":"Scrap Ooze","floor":5,"gold_loss":0},{"damage_healed":0,"gold_gain":0,"player_choice":"Traded Relic","damage_taken":0,"relics_obtained":["Nloth\u0027s Gift"],"max_hp_gain":0,"max_hp_loss":0,"event_name":"N\u0027loth","floor":22,"relics_lost":["Cracked Core"],"gold_loss":0},{"damage_healed":0,"gold_gain":0,"player_choice":"Inject Mutagens","damage_taken":0,"relics_obtained":["MutagenicStrength"],"max_hp_gain":0,"max_hp_loss":0,"event_name":"Drug Dealer","floor":27,"gold_loss":0},{"cards_removed":["Zap"],"damage_healed":0,"gold_gain":0,"player_choice":"Removed Skill","damage_taken":0,"max_hp_gain":0,"max_hp_loss":0,"event_name":"Falling","floor":36,"gold_loss":0},{"damage_healed":0,"gold_gain":0,"player_choice":"Memory 1","damage_taken":0,"max_hp_gain":0,"max_hp_loss":0,"event_name":"SensoryStone","floor":44,"gold_loss":0},{"damage_healed":70,"gold_gain":0,"player_choice":"Heal","damage_taken":0,"max_hp_gain":0,"max_hp_loss":10,"event_name":"The Moai Head","floor":46,"gold_loss":0}],"is_beta":false,"boss_relics":[{"not_picked":["Runic Dome","Coffee Dripper"],"picked":"Nuclear Battery"},{"not_picked":["Runic Pyramid","Orrery"],"picked":"Tiny House"}],"items_purged_floors":[11,21,48],"is_endless":false,"potions_floor_spawned":[3,8,14,16,24,28,29,31,35,37,45],"killed_by":"Donu and Deca","ascension_level":0}