{"path_per_floor":["M","T","M","M","M","M","R","M","T","M","R","?","R","?","R","B",null,"M","$","M","$","?","R","E","M","T","R","M","R","M","M","R","B",null,"M","?","$","M","M","R","E","R","T","M","M","M","R","M","R","B"],"character_chosen":"THE_SILENT","items_purchased":["Footwork","Bandage Up","Panache"],"gold_per_floor":[113,113,127,143,158,170,170,180,180,193,193,193,193,193,193,298,298,312,160,177,72,72,72,100,115,115,115,134,134,145,155,155,256,256,267,267,66,84,98,98,124,124,124,140,160,176,176,190,190,190],"floor_reached":51,"campfire_rested":1,"playtime":5095,"current_hp_per_floor":[65,79,79,75,69,69,75,70,70,69,75,75,81,81,84,83,84,63,63,57,57,57,65,31,24,24,59,63,73,79,73,83,61,84,84,84,84,84,77,84,84,84,84,69,69,75,84,67,81,72],"items_purged":["Strike_G"],"gold":190,"score":762,"play_id":"7b31993d-de88-4445-83fe-7fd0b2c69c98","local_time":"20180311171938","is_prod":false,"is_daily":false,"is_ascension_mode":true,"campfire_upgraded":11,"timestamp":1520813978,"path_taken":["M","?","M","M","M","M","R","M","T","M","R","?","R","?","R","BOSS","M","$","M","$","?","R","E","M","T","R","M","R","M","M","R","BOSS","M","?","$","M","?","R","E","R","T","?","M","M","R","M","R","BOSS"],"build_version":"2018-03-09","purchased_purges":2,"victory":true,"master_deck":["Defend_G","Defend_G","Defend_G","Defend_G","Defend_G","Strike_G+1","Strike_G","Strike_G","Strike_G","Survivor+1","Neutralize+1","Dash+1","Dagger Throw","A Thousand Cuts+1","Endless Agony","Backflip+1","Flying Knee","Infinite Blades","Dark Shackles","After Image+1","Deflect","Footwork+1","Cloak And Dagger+1","Bandage Up+1","Distraction+1","Quick Slash","Terror+1","Venomology","Dodge and Roll+1","Panache+1","A Thousand Cuts+1","Distraction+1","Writhe","Footwork+1","PiercingWail+1","Backflip+1","Expertise+1"],"max_hp_per_floor":[70,84,84,84,84,84,84,84,84,84,84,84,84,84,84,84,84,84,84,84,84,84,84,84,84,84,84,84,84,84,84,84,84,84,84,84,84,84,84,84,84,84,84,84,84,84,84,84,84,84],"relics":["Eternal Feather","Mango","Whetstone","White Beast Statue","Ornamental Fan","Thread and Needle","Cursed Key","Vajra","Anchor"],"card_choices":[{"not_picked":["Dagger Spray","Sucker Punch"],"picked":"Dash"},{"not_picked":["Dodge and Roll","Bane"],"picked":"Dagger Throw"},{"not_picked":["Acrobatics","Flying Knee"],"picked":"A Thousand Cuts"},{"not_picked":["Accuracy","Crippling Poison"],"picked":"Endless Agony"},{"not_picked":["Deflect","Dodge and Roll"],"picked":"Backflip"},{"not_picked":["Bouncing Flask","Acrobatics"],"picked":"Flying Knee"},{"not_picked":["Bane","Unload"],"picked":"Infinite Blades"},{"not_picked":["Night Terror","Storm of Steel"],"picked":"After Image"},{"not_picked":["Crippling Poison","Underhanded Strike"],"picked":"Deflect"},{"not_picked":["Quick Slash","Bane"],"picked":"Cloak And Dagger"},{"not_picked":["Deadly Poison","Deflect"],"picked":"Distraction"},{"not_picked":["Poisoned Stab","Crippling Poison"],"picked":"Quick Slash"},{"not_picked":["Reflex","Poisoned Stab"],"picked":"Terror"},{"not_picked":["Envenom","Night Terror"],"picked":"Venomology"},{"not_picked":["Sucker Punch","Acrobatics"],"picked":"Dodge and Roll"},{"not_picked":["Poisoned Stab","Dagger Throw"],"picked":"A Thousand Cuts"},{"not_picked":["Tactician","Catalyst"],"picked":"Distraction"},{"not_picked":["Backflip","Deadly Poison"],"picked":"Footwork"},{"not_picked":["Underhanded Strike","Slice"],"picked":"PiercingWail"},{"not_picked":["Quick Slash","Leg Sweep"],"picked":"Backflip"},{"not_picked":["Distraction","Poisoned Stab"],"picked":"Expertise"}],"player_experience":93696,"potions_floor_usage":[35,39,39,46,50,50,50,50],"damage_taken":[{"damage":5.0,"enemies":"Cultist","floor":1.0,"turns":5.0},{"damage":0.0,"enemies":"2 Louse","floor":3.0,"turns":3.0},{"damage":4.0,"enemies":"Small Slimes","floor":4.0,"turns":3.0},{"damage":6.0,"enemies":"Red Slaver","floor":5.0,"turns":3.0},{"damage":0.0,"enemies":"Large Slime","floor":6.0,"turns":7.0},{"damage":5.0,"enemies":"Lots of Slimes","floor":8.0,"turns":6.0},{"damage":1.0,"enemies":"Blue Slaver","floor":10.0,"turns":3.0},{"damage":1.0,"enemies":"Slime Boss","floor":16.0,"turns":7.0},{"damage":21.0,"enemies":"3 Byrds","floor":18.0,"turns":6.0},{"damage":6.0,"enemies":"Chosen","floor":20.0,"turns":7.0},{"damage":38.0,"enemies":"Gremlin Leader","floor":24.0,"turns":8.0},{"damage":11.0,"enemies":"3 Cultists","floor":25.0,"turns":9.0},{"damage":0.0,"enemies":"Centurion and Healer","floor":28.0,"turns":6.0},{"damage":0.0,"enemies":"Chosen and Byrds","floor":30.0,"turns":8.0},{"damage":11.0,"enemies":"Snecko","floor":31.0,"turns":6.0},{"damage":34.0,"enemies":"Automaton","floor":33.0,"turns":15.0},{"damage":0,"enemies":"Orb Walker","floor":35,"turns":5},{"damage":0,"enemies":"3 Shapes","floor":38,"turns":4},{"damage":19,"enemies":"3 Darklings","floor":39,"turns":5},{"damage":0,"enemies":"Nemesis","floor":41,"turns":7},{"damage":21,"enemies":"Sphere and 2 Shapes","floor":44,"turns":5},{"damage":0,"enemies":"4 Shapes","floor":45,"turns":3},{"damage":0,"enemies":"Maw","floor":46,"turns":9},{"damage":17,"enemies":"3 Darklings","floor":48,"turns":5},{"damage":15,"enemies":"Time Eater","floor":50,"turns":14}],"event_choices":[{"event_name":"Liars Game","player_choice":"disagreed","floor":12.0,"damage_taken":0.0},{"event_name":"Match and Keep!","player_choice":"1 cards matched","floor":14.0,"damage_taken":0.0},{"event_name":"Vampires","player_choice":"Ignored","floor":22.0,"damage_taken":0.0},{"event_name":"Tomb of Lord Red Mask","player_choice":"Ignored","floor":36,"damage_taken":0}],"boss_relics":[{"not_picked":["Sozu","Astrolabe"],"picked":"Cursed Key"}],"potions_floor_spawned":[4,8,10,18,20,24,25,28,30,31,33,35,38,39,41,44,45,46,48],"seed_played":"-5175370954828406737","ascension_level":2,"is_trial":false}