{"path_per_floor":["M","?","$","?","M","E","M","R","T","R","M","E","?","E","R"],"character_chosen":"THE_SILENT","items_purchased":["Accuracy"],"gold_per_floor":[114,114,45,45,57,89,109,109,109,109,126,156,107,141,141,141],"floor_reached":16,"campfire_rested":1,"playtime":672,"current_hp_per_floor":[63,63,63,63,63,63,63,63,63,63,58,36,36,13,34,0],"items_purged":[],"gold":141,"score":229,"play_id":"e85c75a1-2083-47a3-9403-83c6d43a2505","local_time":"20180512160003","is_prod":false,"is_daily":false,"chose_seed":false,"is_ascension_mode":true,"campfire_upgraded":2,"timestamp":1526166003,"path_taken":["M","?","$","?","M","E","M","R","T","R","?","E","?","E","R","BOSS"],"build_version":"2018-05-10","seed_source_timestamp":315569753560822,"purchased_purges":0,"victory":false,"master_deck":["Defend_G","Defend_G","Defend_G","Defend_G","Defend_G","Strike_G","Strike_G","Strike_G","Strike_G","Strike_G","Survivor","Neutralize+1","AscendersBane","Cloak And Dagger","Accuracy+1","Sucker Punch","Deflect","Sucker Punch","Dagger Throw","Backflip","Sucker Punch"],"max_hp_per_floor":[70,70,70,70,70,70,70,70,70,70,70,70,70,70,70,70],"relics":["Ring of the Snake","NeowsBlessing","Matryoshka","Omamori","Dream Catcher","Mercury Hourglass","Juzu Bracelet","Darkstone Periapt"],"card_choices":[{"not_picked":["Bane","Deflect"],"picked":"Cloak And Dagger","floor":1},{"not_picked":["Deflect","Heel Hook"],"picked":"Sucker Punch","floor":5},{"not_picked":["Finisher","Outmaneuver"],"picked":"Deflect","floor":6},{"not_picked":["Backflip","Acrobatics"],"picked":"Sucker Punch","floor":7},{"not_picked":["Choke","Eviscerate"],"picked":"Dagger Throw","floor":12},{"not_picked":["Outmaneuver","Underhanded Strike"],"picked":"Backflip","floor":14},{"not_picked":["Underhanded Strike","Outmaneuver"],"picked":"Sucker Punch","floor":15}],"player_experience":283264,"potions_floor_usage":[12,12,14,16],"damage_taken":[{"damage":0,"enemies":"Cultist","floor":1,"turns":1},{"damage":0,"enemies":"Jaw Worm","floor":5,"turns":1},{"damage":0,"enemies":"3 Sentries","floor":6,"turns":1},{"damage":0,"enemies":"2 Louse","floor":7,"turns":3},{"damage":5,"enemies":"Red Slaver","floor":11,"turns":5},{"damage":22,"enemies":"Gremlin Nob","floor":12,"turns":4},{"damage":23,"enemies":"Lagavulin","floor":14,"turns":8},{"damage":34,"enemies":"Hexaghost","floor":16,"turns":11}],"event_choices":[{"event_name":"Liars Game","player_choice":"disagreed","floor":2,"damage_taken":0},{"event_name":"Wheel of Change","player_choice":"Relic","floor":4,"damage_taken":0},{"event_name":"World of Goop","player_choice":"Left","floor":13,"damage_taken":0}],"boss_relics":[],"potions_floor_spawned":[5,6,11,14],"seed_played":"-6611950827970589582","killed_by":"Hexaghost","ascension_level":12,"is_trial":false}