{"gold_per_floor":[119,139,151,151,166,166,166,166,166,166,166,166,187,11,11,134,134,147,147,72,85,85,85,129,129,129,153,153,191,205,236,236,365,365,386,400,38,58,83,83,83,83,107,132,132,152,175,72,72,72],"floor_reached":50,"playtime":2542,"items_purged":["Injury","Concentrate+1"],"score":490,"play_id":"b0c71727-8894-41e0-80f8-504d6c5e2828","local_time":"20190213180043","is_ascension_mode":false,"campfire_choices":[{"data":"Accuracy","floor":6,"key":"SMITH"},{"data":"Neutralize","floor":8,"key":"SMITH"},{"data":"Cloak And Dagger","floor":10,"key":"SMITH"},{"data":"PiercingWail","floor":12,"key":"SMITH"},{"data":"Accuracy","floor":15,"key":"SMITH"},{"data":"Well Laid Plans","floor":23,"key":"SMITH"},{"floor":25,"key":"RECALL"},{"data":"Envenom","floor":28,"key":"SMITH"},{"floor":32,"key":"REST"},{"floor":40,"key":"REST"},{"data":"Jack Of All Trades","floor":42,"key":"SMITH"},{"floor":49,"key":"REST"}],"neow_cost":"TEN_PERCENT_HP_LOSS","seed_source_timestamp":18012280507740,"circlet_count":0,"master_deck":["Defend_G+1","Defend_G+1","Defend_G+1","Defend_G+1","Defend_G+1","Strike_G+1","Strike_G+1","Survivor+1","Neutralize+1","Accuracy+1","PiercingWail+1","Cloak And Dagger+1","Accuracy+1","PiercingWail","Well Laid Plans+1","Malaise","Terror+1","Corpse Explosion+1","PiercingWail","Envenom+1","Distraction+1","Die Die Die+1","Jack Of All Trades+1","Crippling Poison+1","Madness","Madness","Parasite"],"relics":["Ring of the Snake","Prayer Wheel","Golden Idol","Letter Opener","Astrolabe","Tingsha","Mummified Hand","StoneCalendar","Molten Egg 2","Ninja Scroll","Velvet Choker","Paper Crane","PreservedInsect"],"potions_floor_usage":[5,24,24,33,36,36,46,50,50,50],"damage_taken":[{"damage":0,"enemies":"2 Louse","floor":1,"turns":3},{"damage":2,"enemies":"Small Slimes","floor":2,"turns":4},{"damage":0,"enemies":"Jaw Worm","floor":3,"turns":6},{"damage":2,"enemies":"Large Slime","floor":5,"turns":7},{"damage":0,"enemies":"3 Louse","floor":13,"turns":4},{"damage":37,"enemies":"Hexaghost","floor":16,"turns":12},{"damage":10,"enemies":"Shell Parasite","floor":18,"turns":5},{"damage":3,"enemies":"Spheric Guardian","floor":21,"turns":7},{"damage":2,"enemies":"Book of Stabbing","floor":24,"turns":7},{"damage":8,"enemies":"Shelled Parasite and Fungi","floor":27,"turns":5},{"damage":31,"enemies":"Slavers","floor":29,"turns":6},{"damage":6,"enemies":"Cultist and Chosen","floor":30,"turns":7},{"damage":1,"enemies":"Gremlin Leader","floor":31,"turns":7},{"damage":3,"enemies":"Collector","floor":33,"turns":7},{"damage":0,"enemies":"3 Shapes","floor":35,"turns":2},{"damage":5,"enemies":"3 Darklings","floor":36,"turns":3},{"damage":12,"enemies":"Transient","floor":38,"turns":5},{"damage":4,"enemies":"Sphere and 2 Shapes","floor":44,"turns":5},{"damage":12,"enemies":"Writhing Mass","floor":46,"turns":7},{"damage":14,"enemies":"Jaw Worm Horde","floor":47,"turns":5},{"damage":50,"enemies":"Donu and Deca","floor":50,"turns":7}],"seed_played":"422989589361900758","potions_obtained":[{"floor":1,"key":"Swift Potion"},{"floor":18,"key":"Swift Potion"},{"floor":21,"key":"SpeedPotion"},{"floor":31,"key":"EssenceOfSteel"},{"floor":33,"key":"Poison Potion"},{"floor":35,"key":"Explosive Potion"},{"floor":44,"key":"SteroidPotion"},{"floor":47,"key":"Strength Potion"}],"is_trial":false,"path_per_floor":["M","M","M","?","M","R","?","R","T","R","?","R","M","$","R","B",null,"M","?","?","M","T","R","E","R","T","M","R","E","M","E","R","B",null,"M","M","$","M","T","R","?","R","T","M","?","M","M","$","R","B"],"character_chosen":"THE_SILENT","items_purchased":["PiercingWail","Well Laid Plans","Paper Crane","Block Potion","Weak Potion"],"campfire_rested":3,"item_purchase_floors":[14,14,37,48,48],"current_hp_per_floor":[63,61,61,48,46,46,46,46,46,46,46,46,46,46,46,9,63,53,53,53,50,50,50,48,48,48,40,40,9,3,2,20,17,63,63,58,58,46,46,63,63,63,63,59,51,39,25,25,43,0],"gold":72,"neow_bonus":"ONE_RARE_RELIC","is_prod":false,"is_daily":false,"chose_seed":false,"campfire_upgraded":8,"win_rate":0,"timestamp":1550098843,"path_taken":["M","M","M","?","M","R","?","R","T","R","?","R","?","$","R","BOSS","M","?","?","M","?","R","E","R","T","M","R","E","M","E","R","BOSS","M","M","$","M","?","R","?","R","T","M","?","M","M","$","R","BOSS"],"build_version":"2019-01-23","purchased_purges":2,"victory":false,"max_hp_per_floor":[63,63,63,63,63,63,63,63,63,63,63,63,63,63,63,63,63,63,63,63,63,63,63,63,63,63,63,63,63,63,63,63,63,63,63,63,63,63,63,63,63,63,63,63,63,63,63,63,63,63],"card_choices":[{"not_picked":["Eviscerate","Deflect","Sucker Punch"],"picked":"SKIP","floor":1},{"not_picked":["Backflip","Blur","Cloak And Dagger"],"picked":"SKIP","floor":1},{"not_picked":["Leg Sweep","Distraction"],"picked":"Accuracy","floor":2},{"not_picked":["Bane","Dagger Throw","Catalyst"],"picked":"SKIP","floor":2},{"not_picked":["Poisoned Stab","Acrobatics"],"picked":"PiercingWail","floor":3},{"not_picked":["All Out Attack","Calculated Gamble","Dodge and Roll"],"picked":"SKIP","floor":3},{"not_picked":["Backstab","Unload"],"picked":"Cloak And Dagger","floor":5},{"not_picked":["Tactician","Flying Knee","Skewer"],"picked":"SKIP","floor":5},{"not_picked":["Backstab","Well Laid Plans"],"picked":"Cloak And Dagger","floor":13},{"not_picked":["Acrobatics","Concentrate"],"picked":"Accuracy","floor":13},{"not_picked":["Glass Knife","Wraith Form v2"],"picked":"Malaise","floor":16},{"not_picked":["Slice","Backflip"],"picked":"PiercingWail","floor":18},{"not_picked":["Backflip+1","Poisoned Stab","Concentrate"],"picked":"SKIP","floor":18},{"not_picked":["Poisoned Stab","Bane","Leg Sweep"],"picked":"SKIP","floor":21},{"not_picked":["Crippling Poison","Quick Slash","PiercingWail"],"picked":"SKIP","floor":21},{"not_picked":["Concentrate","Poisoned Stab","Expertise"],"picked":"SKIP","floor":24},{"not_picked":["Deflect","Backflip"],"picked":"Envenom","floor":27},{"not_picked":["Blade Dance","Bouncing Flask","Reflex+1"],"picked":"SKIP","floor":27},{"not_picked":["Outmaneuver","Setup"],"picked":"Distraction+1","floor":29},{"not_picked":["Outmaneuver","Flying Knee+1","Finisher+1"],"picked":"SKIP","floor":30},{"not_picked":["Leg Sweep","Tactician","Deflect"],"picked":"SKIP","floor":30},{"not_picked":["Poisoned Stab+1","Deflect","Backflip"],"picked":"SKIP","floor":31},{"not_picked":["Bullet Time","Glass Knife+1"],"picked":"Die Die Die+1","floor":33},{"not_picked":["Dagger Spray+1","Dodge and Roll","Slice+1"],"picked":"SKIP","floor":35},{"not_picked":["Terror","Cloak And Dagger+1","Finisher+1"],"picked":"SKIP","floor":35},{"not_picked":["PiercingWail+1","Reflex","Bouncing Flask+1"],"picked":"SKIP","floor":36},{"not_picked":["Poisoned Stab+1","Underhanded Strike+1","Backstab+1"],"picked":"SKIP","floor":36},{"not_picked":["Deflect+1","Backstab+1","PiercingWail+1"],"picked":"SKIP","floor":38},{"not_picked":["Backflip","Predator+1","PiercingWail"],"picked":"SKIP","floor":38},{"not_picked":["Impatience","Discovery"],"picked":"Jack Of All Trades","floor":41},{"not_picked":["Prepared+1","Blur+1"],"picked":"Crippling Poison+1","floor":44},{"not_picked":["Eviscerate+1","Heel Hook+1","Leg Sweep+1"],"picked":"SKIP","floor":44},{"not_picked":["After Image","Blade Dance","Underhanded Strike+1"],"picked":"SKIP","floor":46},{"not_picked":["Poisoned Stab+1","Acrobatics+1","Underhanded Strike+1"],"picked":"SKIP","floor":46},{"not_picked":["Backflip+1","Prepared","Deflect+1"],"picked":"SKIP","floor":47},{"not_picked":["Calculated Gamble","Concentrate","Flechettes+1"],"picked":"SKIP","floor":47}],"player_experience":676247,"relics_obtained":[{"floor":9,"key":"Letter Opener"},{"floor":22,"key":"Tingsha"},{"floor":24,"key":"Mummified Hand"},{"floor":26,"key":"StoneCalendar"},{"floor":29,"key":"Molten Egg 2"},{"floor":31,"key":"Ninja Scroll"},{"floor":39,"key":"PreservedInsect"}],"event_choices":[{"damage_healed":0,"gold_gain":0,"player_choice":"Entered Light","damage_taken":13,"max_hp_gain":0,"max_hp_loss":0,"event_name":"Shining Light","floor":4,"gold_loss":0,"cards_upgraded":["Strike_G","Strike_G"]},{"damage_healed":0,"gold_gain":0,"player_choice":"Take Wound","damage_taken":0,"relics_obtained":["Golden Idol"],"max_hp_gain":0,"max_hp_loss":0,"event_name":"Golden Idol","floor":7,"gold_loss":0,"cards_obtained":["Injury"]},{"damage_healed":0,"gold_gain":0,"player_choice":"Grow","damage_taken":0,"max_hp_gain":0,"max_hp_loss":0,"event_name":"Living Wall","floor":11,"gold_loss":0,"cards_upgraded":["Survivor"]},{"damage_healed":0,"gold_gain":0,"player_choice":"Simplicity","damage_taken":0,"max_hp_gain":0,"max_hp_loss":0,"event_name":"Back to Basics","floor":19,"gold_loss":0,"cards_upgraded":["Defend_G","Defend_G","Defend_G","Defend_G","Defend_G"]},{"cards_removed":["Cloak And Dagger"],"damage_healed":0,"gold_gain":0,"player_choice":"Gave Gold","damage_taken":0,"max_hp_gain":0,"max_hp_loss":0,"event_name":"Beggar","floor":20,"gold_loss":75},{"damage_healed":0,"gold_gain":0,"player_choice":"Memory 1","damage_taken":0,"max_hp_gain":0,"max_hp_loss":0,"event_name":"SensoryStone","floor":41,"gold_loss":0},{"damage_healed":0,"gold_gain":0,"player_choice":"Embrace Madness","damage_taken":8,"max_hp_gain":0,"max_hp_loss":0,"event_name":"Winding Halls","floor":45,"gold_loss":0,"cards_obtained":["Madness","Madness"]}],"is_beta":false,"boss_relics":[{"not_picked":["Black Star","Philosopher\u0027s Stone"],"picked":"Astrolabe"},{"not_picked":["Cursed Key","Snecko Eye"],"picked":"Velvet Choker"}],"items_purged_floors":[14,37],"is_endless":false,"potions_floor_spawned":[1,18,21,31,33,35,44,47],"killed_by":"Donu and Deca","ascension_level":0}