{"gold_per_floor":[119,119,133,146,146,185,185,185,185,185,139,157,182,218,218,218],"floor_reached":16,"playtime":499,"items_purged":[],"score":176,"play_id":"1aa65b5e-7ae1-4973-a17f-c0eb53664d0a","local_time":"20190212122709","is_ascension_mode":true,"campfire_choices":[{"floor":7,"key":"REST"},{"floor":10,"key":"REST"},{"floor":15,"key":"REST"}],"neow_cost":"NONE","seed_source_timestamp":797215512714,"circlet_count":0,"master_deck":["AscendersBane","Strike_B","Strike_B","Strike_B","Defend_B","Defend_B","Defend_B","Defend_B","Zap","Dualcast","Blizzard","Rebound","Gash","Gash","Go for the Eyes"],"relics":["Cracked Core","Golden Idol","WingedGreaves","Cables","Anchor"],"potions_floor_usage":[16],"damage_taken":[{"damage":7,"enemies":"Jaw Worm","floor":1,"turns":3},{"damage":1,"enemies":"2 Louse","floor":3,"turns":3},{"damage":9,"enemies":"Small Slimes","floor":4,"turns":4},{"damage":60,"enemies":"3 Sentries","floor":6,"turns":9},{"damage":1,"enemies":"2 Fungi Beasts","floor":12,"turns":2},{"damage":6,"enemies":"Blue Slaver","floor":13,"turns":3},{"damage":25,"enemies":"Lagavulin","floor":14,"turns":6},{"damage":54,"enemies":"Slime Boss","floor":16,"turns":6}],"seed_played":"-6556337350204177829","potions_obtained":[{"floor":3,"key":"Poison Potion"},{"floor":6,"key":"FearPotion"}],"is_trial":false,"path_per_floor":["M","?","M","M","?","E","R","?","T","R","?","M","M","E","R","B"],"character_chosen":"DEFECT","items_purchased":[],"campfire_rested":3,"item_purchase_floors":[],"current_hp_per_floor":[68,73,72,63,63,3,27,27,27,51,51,50,44,19,43,0],"gold":218,"neow_bonus":"TEN_PERCENT_HP_BONUS","is_prod":false,"is_daily":false,"chose_seed":false,"campfire_upgraded":0,"win_rate":0,"timestamp":1550003229,"path_taken":["M","?","M","M","?","E","R","?","T","R","?","M","M","E","R","BOSS"],"build_version":"2019-01-23","purchased_purges":0,"victory":false,"max_hp_per_floor":[82,87,87,87,81,81,81,81,81,81,81,81,81,81,81,81],"card_choices":[{"not_picked":["Leap","Blizzard","BootSequence"],"picked":"SKIP","floor":1},{"not_picked":["Leap","BootSequence"],"picked":"Blizzard","floor":1},{"not_picked":["Leap","Steam"],"picked":"Rebound","floor":3},{"not_picked":["Compile Driver","Skim","Redo"],"picked":"SKIP","floor":4},{"not_picked":["Sweeping Beam","Compile Driver"],"picked":"Gash","floor":6},{"not_picked":["Compile Driver","Stack"],"picked":"Gash","floor":12},{"not_picked":["Darkness","Double Energy","Redo"],"picked":"SKIP","floor":13},{"not_picked":["FTL","Compile Driver"],"picked":"Go for the Eyes","floor":14}],"player_experience":634957,"relics_obtained":[{"floor":6,"key":"WingedGreaves"},{"floor":9,"key":"Cables"},{"floor":14,"key":"Anchor"}],"event_choices":[{"damage_healed":0,"gold_gain":0,"player_choice":"Donut","damage_taken":0,"max_hp_gain":5,"max_hp_loss":0,"event_name":"Big Fish","floor":2,"gold_loss":0},{"damage_healed":0,"gold_gain":0,"player_choice":"Lose Max HP","damage_taken":0,"relics_obtained":["Golden Idol"],"max_hp_gain":0,"max_hp_loss":6,"event_name":"Golden Idol","floor":5,"gold_loss":0},{"cards_removed":["Strike_B"],"damage_healed":0,"gold_gain":0,"player_choice":"Forget","damage_taken":0,"max_hp_gain":0,"max_hp_loss":0,"event_name":"Living Wall","floor":8,"gold_loss":0},{"damage_healed":0,"gold_gain":0,"player_choice":"Left Gold","damage_taken":0,"max_hp_gain":0,"max_hp_loss":0,"event_name":"World of Goop","floor":11,"gold_loss":46}],"is_beta":false,"boss_relics":[],"items_purged_floors":[],"is_endless":false,"potions_floor_spawned":[3,6,13],"killed_by":"Slime Boss","ascension_level":12}