{"gold_per_floor":[111,111,111,37,57,82,94,94,117,131,166,166,198,211,211,211],"floor_reached":16,"playtime":805,"items_purged":[],"score":192,"play_id":"5ed3d72b-b1b4-42f3-8d54-1a51b632fce9","local_time":"20180625202626","is_ascension_mode":true,"campfire_choices":[{"floor":8,"key":"REST"},{"floor":12,"key":"REST"},{"data":"Envenom","floor":15,"key":"SMITH"}],"neow_cost":"CURSE","seed_source_timestamp":203136921173801,"circlet_count":0,"master_deck":["Defend_G","Defend_G","Defend_G","Defend_G","Defend_G","Strike_G","Strike_G","Strike_G","Strike_G","Survivor","Neutralize","AscendersBane","Sucker Punch","Envenom+1","Heel Hook","Dodge and Roll","Riddle With Holes","Quick Slash","Deflect","Die Die Die+1","Cloak And Dagger"],"relics":["Ring of the Snake","Ginger","Regal Pillow","Juzu Bracelet","Molten Egg 2","Lantern"],"potions_floor_usage":[6,11,13],"damage_taken":[{"damage":7,"enemies":"Small Slimes","floor":1,"turns":5},{"damage":6,"enemies":"Jaw Worm","floor":5,"turns":6},{"damage":25,"enemies":"3 Sentries","floor":6,"turns":9},{"damage":0,"enemies":"2 Louse","floor":7,"turns":4},{"damage":4,"enemies":"Blue Slaver","floor":10,"turns":4},{"damage":13,"enemies":"Lagavulin","floor":11,"turns":7},{"damage":24,"enemies":"Gremlin Nob","floor":13,"turns":4},{"damage":1,"enemies":"Lots of Slimes","floor":14,"turns":3},{"damage":47,"enemies":"Slime Boss","floor":16,"turns":9}],"seed_played":"-2139259542281486488","potions_obtained":[{"floor":1,"key":"GamblersBrew"},{"floor":5,"key":"PowerPotion"},{"floor":6,"key":"Energy Potion"},{"floor":7,"key":"Block Potion"}],"is_trial":false,"path_per_floor":["M","?","?","$","M","E","M","R","T","M","E","R","E","M","R"],"character_chosen":"THE_SILENT","items_purchased":["Envenom"],"campfire_rested":2,"item_purchase_floors":[4],"current_hp_per_floor":[56,56,49,49,43,18,18,54,54,50,37,70,46,45,45,0],"gold":211,"neow_bonus":"ONE_RARE_RELIC","is_prod":false,"is_daily":false,"chose_seed":false,"campfire_upgraded":1,"win_rate":0,"timestamp":1529983586,"path_taken":["M","?","?","?","M","E","M","R","T","M","E","R","E","M","R","BOSS"],"build_version":"2018-06-21v2","purchased_purges":0,"victory":false,"max_hp_per_floor":[70,70,70,70,70,70,70,70,70,70,70,70,70,70,70,70],"card_choices":[{"not_picked":["Masterful Stab","Acrobatics"],"picked":"Sucker Punch","floor":1},{"not_picked":["Expertise","Backflip"],"picked":"Heel Hook","floor":5},{"not_picked":["Prepared","Finisher"],"picked":"Dodge and Roll","floor":6},{"not_picked":["Deadly Poison","Underhanded Strike"],"picked":"Riddle With Holes","floor":7},{"not_picked":["Deadly Poison","Outmaneuver"],"picked":"Quick Slash","floor":10},{"not_picked":["Slice","Acrobatics"],"picked":"Deflect","floor":11},{"not_picked":["Blade Dance","Endless Agony+1"],"picked":"Die Die Die+1","floor":13},{"not_picked":["Deadly Poison","Poisoned Stab+1"],"picked":"Cloak And Dagger","floor":14}],"player_experience":325921,"relics_obtained":[{"floor":6,"key":"Regal Pillow"},{"floor":9,"key":"Juzu Bracelet"},{"floor":11,"key":"Molten Egg 2"},{"floor":13,"key":"Lantern"}],"event_choices":[{"event_name":"Living Wall","player_choice":"Forget","floor":2,"damage_taken":0},{"event_name":"Golden Wing","player_choice":"Card Removal","floor":3,"damage_taken":0}],"boss_relics":[],"items_purged_floors":[],"is_endless":false,"potions_floor_spawned":[1,5,6,7],"killed_by":"Slime Boss","ascension_level":12}