{"gold_per_floor":[115,18,18,32,47,78,78,112,178,211,239,286,254,22,22,111,111,134,153,166,91,141,141,179,204,229,229,260,218,232,252,252,252],"floor_reached":33,"playtime":1763,"items_purged":["Strike_R"],"score":553,"play_id":"2a4ae678-c293-4805-b224-0b9344649449","local_time":"20190319100502","is_ascension_mode":true,"campfire_choices":[{"data":"Uppercut","floor":7,"key":"SMITH"},{"floor":15,"key":"REST"},{"data":"Flame Barrier","floor":23,"key":"SMITH"},{"floor":27,"key":"REST"},{"floor":32,"key":"REST"}],"neow_cost":"NONE","seed_source_timestamp":105303697245080,"circlet_count":0,"master_deck":["AscendersBane","Strike_R","Strike_R","Strike_R","Defend_R","Defend_R","Defend_R","Defend_R","Bash","Anger","Rampage","True Grit","Carnage","Uppercut+1","Flame Barrier+1","Battle Trance","Double Tap","Armaments","Metallicize","Shrug It Off","Immolate","Offering","Disarm","Impervious"],"relics":["Burning Blood","Golden Idol","Letter Opener","MawBank","Bronze Scales","Dodecahedron","Sozu","Unceasing Top","Vajra","Kunai"],"potions_floor_usage":[6,8,33],"damage_taken":[{"damage":9,"enemies":"2 Louse","floor":1,"turns":3},{"damage":0,"enemies":"Jaw Worm","floor":4,"turns":4},{"damage":1,"enemies":"Cultist","floor":5,"turns":3},{"damage":25,"enemies":"3 Sentries","floor":6,"turns":8},{"damage":6,"enemies":"Gremlin Nob","floor":8,"turns":3},{"damage":8,"enemies":"Large Slime","floor":10,"turns":5},{"damage":10,"enemies":"2 Fungi Beasts","floor":11,"turns":3},{"damage":15,"enemies":"Lagavulin","floor":12,"turns":6},{"damage":42,"enemies":"Slime Boss","floor":16,"turns":16},{"damage":9,"enemies":"Shell Parasite","floor":18,"turns":3},{"damage":1,"enemies":"3 Byrds","floor":19,"turns":3},{"damage":19,"enemies":"Sentry and Sphere","floor":20,"turns":5},{"damage":20,"enemies":"Gremlin Leader","floor":24,"turns":6},{"damage":18,"enemies":"Snake Plant","floor":25,"turns":4},{"damage":20,"enemies":"Book of Stabbing","floor":28,"turns":4},{"damage":0,"enemies":"Snecko","floor":30,"turns":4},{"damage":13,"enemies":"Centurion and Healer","floor":31,"turns":5},{"damage":65,"enemies":"Automaton","floor":33,"turns":6}],"seed_played":"7708919597134730789","potions_obtained":[{"floor":4,"key":"Regen Potion"},{"floor":5,"key":"Strength Potion"},{"floor":10,"key":"LiquidBronze"},{"floor":12,"key":"Energy Potion"}],"is_trial":false,"path_per_floor":["M","$","?","M","M","E","R","E","T","M","M","E","?","$","R","B",null,"M","M","M","?","?","R","E","M","T","R","E","$","M","M","R","B"],"character_chosen":"IRONCLAD","items_purchased":["Rampage","True Grit","Armaments","Metallicize","Shrug It Off","Disarm"],"campfire_rested":3,"item_purchase_floors":[2,2,14,14,14,29],"current_hp_per_floor":[72,72,44,50,55,51,51,51,51,49,45,36,36,36,60,24,68,65,70,57,57,57,57,43,31,31,55,41,41,47,40,64,0],"gold":252,"neow_bonus":"TEN_PERCENT_HP_BONUS","is_prod":false,"is_daily":false,"chose_seed":false,"campfire_upgraded":2,"win_rate":0,"timestamp":1553007902,"path_taken":["M","$","?","M","M","E","R","E","T","M","M","E","?","$","R","BOSS","M","M","M","?","?","R","E","M","T","R","E","?","M","M","R","BOSS"],"build_version":"2019-01-23","purchased_purges":1,"victory":false,"max_hp_per_floor":[82,82,82,82,82,82,82,82,82,82,82,82,82,82,82,82,82,82,82,82,82,82,82,82,82,82,82,82,82,82,82,82,82],"card_choices":[{"not_picked":["True Grit","Iron Wave"],"picked":"Anger","floor":1},{"not_picked":["Sword Boomerang","Clash","Pommel Strike"],"picked":"SKIP","floor":4},{"not_picked":["Iron Wave","Wild Strike"],"picked":"Carnage","floor":5},{"not_picked":["Exhume","Corruption"],"picked":"Uppercut","floor":6},{"not_picked":["Warcry","Perfected Strike"],"picked":"Flame Barrier","floor":8},{"not_picked":["True Grit","Headbutt"],"picked":"Battle Trance","floor":10},{"not_picked":["Burning Pact","Pommel Strike","Sword Boomerang"],"picked":"SKIP","floor":11},{"not_picked":["Anger","Body Slam"],"picked":"Double Tap","floor":12},{"not_picked":["Fiend Fire","Brutality"],"picked":"Immolate","floor":16},{"not_picked":["Perfected Strike+1","Clothesline","Sword Boomerang"],"picked":"SKIP","floor":18},{"not_picked":["Reckless Charge","Clash+1","Pommel Strike"],"picked":"SKIP","floor":19},{"not_picked":["Cleave","Armaments"],"picked":"Offering","floor":20},{"not_picked":["Bloodletting","Power Through","Body Slam"],"picked":"SKIP","floor":24},{"not_picked":["Havoc","Anger+1","Thunderclap"],"picked":"SKIP","floor":25},{"not_picked":["Clash","Burning Pact","Heavy Blade"],"picked":"SKIP","floor":28},{"not_picked":["Ghostly Armor","Clash","Sword Boomerang"],"picked":"SKIP","floor":30},{"not_picked":["True Grit","Sword Boomerang"],"picked":"Impervious","floor":31}],"player_experience":618989,"relics_obtained":[{"floor":6,"key":"Letter Opener"},{"floor":8,"key":"MawBank"},{"floor":9,"key":"Bronze Scales"},{"floor":12,"key":"Dodecahedron"},{"floor":24,"key":"Unceasing Top"},{"floor":26,"key":"Vajra"},{"floor":28,"key":"Kunai"}],"event_choices":[{"damage_healed":0,"gold_gain":0,"player_choice":"Take Damage","damage_taken":28,"relics_obtained":["Golden Idol"],"max_hp_gain":0,"max_hp_loss":0,"event_name":"Golden Idol","floor":3,"gold_loss":0},{"damage_healed":0,"gold_gain":0,"player_choice":"Left Gold","damage_taken":0,"max_hp_gain":0,"max_hp_loss":0,"event_name":"World of Goop","floor":13,"gold_loss":44},{"cards_removed":["Strike_R"],"damage_healed":0,"gold_gain":0,"player_choice":"Gave Gold","damage_taken":0,"max_hp_gain":0,"max_hp_loss":0,"event_name":"Beggar","floor":21,"gold_loss":75},{"damage_healed":0,"gold_gain":50,"player_choice":"Stole From Cult","damage_taken":0,"max_hp_gain":0,"max_hp_loss":0,"event_name":"Nest","floor":22,"gold_loss":0}],"is_beta":false,"boss_relics":[{"not_picked":["Runic Dome","Pandora\u0027s Box"],"picked":"Sozu"}],"items_purged_floors":[14],"is_endless":false,"potions_floor_spawned":[4,5,10,12,18,24,25,28],"killed_by":"Automaton","ascension_level":16}