{"path_per_floor":["M","M","$","?","M","R","?","E","T","M","M","R","E","M","R","B",null,"M","?","$","M","$","E","M","R","T","E","M","T"],"character_chosen":"DEFECT","items_purchased":["Bag of Preparation","Ball Lightning"],"gold_per_floor":[115,134,59,59,69,69,19,51,97,110,123,123,151,162,162,261,291,310,310,60,79,55,90,110,110,136,167,184,184,184],"floor_reached":30,"campfire_rested":2,"playtime":1651,"current_hp_per_floor":[74,69,69,74,68,68,68,53,53,48,47,47,46,48,72,52,85,80,80,80,62,62,14,16,41,41,18,4,4,0],"items_purged":["Strike_B","Strike_B"],"gold":184,"score":280,"play_id":"88f80f25-ee4a-4823-ac7f-7d3005df0de5","local_time":"20180514204700","is_prod":false,"is_daily":false,"chose_seed":false,"is_ascension_mode":false,"campfire_upgraded":2,"timestamp":1526356020,"path_taken":["M","M","$","?","M","R","?","E","T","M","?","R","E","M","R","BOSS","M","?","$","M","$","E","M","R","T","E","M","?","?"],"build_version":"2018-05-12v2","seed_source_timestamp":89791036354846,"purchased_purges":2,"victory":false,"master_deck":["Strike_B","Defend_B","Defend_B","Defend_B","Defend_B","Zap+1","Dualcast","Beam Cell","Cold Snap","Machine Learning","Ball Lightning","Capacitor+1","Coolheaded","Amplify+1","Ball Lightning","Echo Form","Steam","FTL+1","Ball Lightning","Storm+1","Capacitor","Cold Snap","Sweeping Beam+1"],"max_hp_per_floor":[75,75,75,80,80,80,80,80,80,80,80,80,80,80,80,80,85,85,85,85,85,85,85,85,85,85,85,85,85,85],"relics":["Cracked Core","Blood Vial","Anchor","Mercury Hourglass","Tiny House","Bag of Preparation","Pen Nib","Bronze Scales","Toolbox","Dream Catcher"],"card_choices":[{"not_picked":["Scrape","Rebound"],"picked":"Beam Cell","floor":1},{"not_picked":["Go for the Eyes","Hologram"],"picked":"Cold Snap","floor":2},{"not_picked":["Leap","Reinforced Body"],"picked":"Machine Learning","floor":5},{"not_picked":["Creative AI","Leap"],"picked":"Ball Lightning","floor":8},{"not_picked":["Streamline","Conserve Battery"],"picked":"Capacitor","floor":10},{"not_picked":["Undo","Steam"],"picked":"Coolheaded","floor":11},{"not_picked":["Blizzard","All For One"],"picked":"Amplify","floor":13},{"not_picked":["Cold Snap","Stack"],"picked":"Ball Lightning","floor":14},{"not_picked":["Amplify","Reboot"],"picked":"Echo Form","floor":16},{"not_picked":["BootSequence","Skim"],"picked":"Steam","floor":17},{"not_picked":["Streamline","Go for the Eyes","Scrape+1"],"picked":"SKIP","floor":18},{"not_picked":["Leap","Steam"],"picked":"FTL+1","floor":21},{"not_picked":["Steam","Rebound"],"picked":"Storm+1","floor":23},{"not_picked":["Stack","Blizzard"],"picked":"Capacitor","floor":24},{"not_picked":["Conserve Battery","Capacitor"],"picked":"Cold Snap","floor":27},{"not_picked":["Creative AI","Doom and Gloom"],"picked":"Sweeping Beam+1","floor":28}],"player_experience":83402,"potions_floor_usage":[13,18,23,28],"damage_taken":[{"damage":1,"enemies":"2 Louse","floor":1,"turns":3},{"damage":5,"enemies":"Small Slimes","floor":2,"turns":3},{"damage":6,"enemies":"Jaw Worm","floor":5,"turns":3},{"damage":15,"enemies":"Lagavulin","floor":8,"turns":6},{"damage":7,"enemies":"Lots of Slimes","floor":10,"turns":3},{"damage":3,"enemies":"Looter","floor":11,"turns":3},{"damage":3,"enemies":"3 Sentries","floor":13,"turns":5},{"damage":0,"enemies":"2 Fungi Beasts","floor":14,"turns":2},{"damage":22,"enemies":"The Guardian","floor":16,"turns":9},{"damage":5,"enemies":"3 Byrds","floor":18,"turns":2},{"damage":20,"enemies":"Chosen","floor":21,"turns":5},{"damage":50,"enemies":"Book of Stabbing","floor":23,"turns":6},{"damage":0,"enemies":"Sentry and Sphere","floor":24,"turns":3},{"damage":25,"enemies":"Gremlin Leader","floor":27,"turns":5},{"damage":16,"enemies":"Cultist and Chosen","floor":28,"turns":4},{"damage":9,"enemies":"Snake Plant","floor":30,"turns":2}],"event_choices":[{"event_name":"Big Fish","player_choice":"Donut","floor":4,"damage_taken":0},{"event_name":"The Cleric","player_choice":"Card Removal","floor":7,"damage_taken":0},{"event_name":"Drug Dealer","player_choice":"Ignored","floor":19,"damage_taken":0}],"boss_relics":[{"not_picked":["Ectoplasm","Runic Dome"],"picked":"Tiny House"}],"potions_floor_spawned":[1,11,13,14,18,21,24,28],"seed_played":"-5234298601173666483","killed_by":"Snake Plant","ascension_level":0,"is_trial":false}