{"gold_per_floor":[116,130,130,130,130,159,179,179,179,129,156,156,174,202,202,306,306,276,191,191],"floor_reached":20,"playtime":883,"items_purged":[],"score":344,"play_id":"91e6190c-1206-4f12-922f-5df46548dd6e","local_time":"20180625204120","is_ascension_mode":true,"campfire_choices":[{"data":"Neutralize","floor":8,"key":"SMITH"},{"floor":12,"key":"REST"},{"data":"A Thousand Cuts","floor":15,"key":"SMITH"}],"neow_cost":"NONE","seed_source_timestamp":203954465818380,"circlet_count":0,"master_deck":["Defend_G","Defend_G","Defend_G","Defend_G+1","Defend_G","Strike_G","Strike_G","Strike_G+1","Strike_G","Survivor","Neutralize+1","AscendersBane","Caltrops","Cloak And Dagger","Backflip","Dagger Throw","A Thousand Cuts+1","Slice","Storm of Steel","Cloak And Dagger"],"relics":["Ring of the Snake","NeowsBlessing","Sundial","Tough Bandages","Blue Candle","Gambling Chip","Pen Nib","Ectoplasm","Dead Branch"],"potions_floor_usage":[11,14,16],"damage_taken":[{"damage":0,"enemies":"2 Louse","floor":1,"turns":1},{"damage":0,"enemies":"Cultist","floor":2,"turns":1},{"damage":0,"enemies":"Lagavulin","floor":6,"turns":1},{"damage":0,"enemies":"Small Slimes","floor":7,"turns":5},{"damage":12,"enemies":"3 Sentries","floor":11,"turns":8},{"damage":5,"enemies":"Exordium Wildlife","floor":13,"turns":5},{"damage":8,"enemies":"Gremlin Nob","floor":14,"turns":5},{"damage":12,"enemies":"Hexaghost","floor":16,"turns":10},{"damage":0,"enemies":"2 Thieves","floor":18,"turns":2}],"seed_played":"-1115753520495824038","potions_obtained":[{"floor":1,"key":"PowerPotion"},{"floor":2,"key":"Poison Potion"},{"floor":13,"key":"GhostInAJar"},{"floor":16,"key":"SpeedPotion"}],"is_trial":false,"path_per_floor":["M","M","?","?","?","E","M","R","T","$","E","R","M","E","R","B",null,"M","?"],"character_chosen":"THE_SILENT","items_purchased":["Dagger Throw"],"campfire_rested":1,"item_purchase_floors":[10],"current_hp_per_floor":[63,63,63,56,42,42,42,42,42,42,30,51,46,38,38,26,59,59,59,59],"gold":191,"neow_bonus":"THREE_ENEMY_KILL","is_prod":false,"is_daily":false,"chose_seed":false,"campfire_upgraded":2,"win_rate":0,"timestamp":1529984480,"path_taken":["M","M","?","?","?","E","M","R","T","?","E","R","M","E","R","BOSS","M","?","?"],"build_version":"2018-06-21v2","purchased_purges":0,"victory":false,"max_hp_per_floor":[70,70,70,70,70,70,70,70,70,70,70,70,70,70,70,70,70,70,70,70],"card_choices":[{"not_picked":["Predator","Bane"],"picked":"Caltrops","floor":1},{"not_picked":["Slice","Outmaneuver","PiercingWail"],"picked":"SKIP","floor":2},{"not_picked":["Slice","Outmaneuver","PiercingWail"],"picked":"SKIP","floor":2},{"not_picked":["Slice","Caltrops"],"picked":"Cloak And Dagger","floor":6},{"not_picked":["Acrobatics","Blur"],"picked":"Backflip","floor":7},{"not_picked":["Riddle With Holes","Infinite Blades"],"picked":"A Thousand Cuts","floor":11},{"not_picked":["Choke","Poisoned Stab","Skewer"],"picked":"SKIP","floor":13},{"not_picked":["Underhanded Strike","Corpse Explosion"],"picked":"Slice","floor":14},{"not_picked":["Die Die Die","Bullet Time"],"picked":"Storm of Steel","floor":16},{"not_picked":["Blur","Flying Knee"],"picked":"Cloak And Dagger","floor":18}],"player_experience":326726,"relics_obtained":[{"floor":6,"key":"Tough Bandages"},{"floor":9,"key":"Blue Candle"},{"floor":11,"key":"Gambling Chip"},{"floor":14,"key":"Pen Nib"}],"event_choices":[{"event_name":"Wheel of Change","player_choice":"Relic","floor":3,"damage_taken":0},{"event_name":"Golden Wing","player_choice":"Card Removal","floor":4,"damage_taken":0},{"event_name":"Shining Light","player_choice":"Entered Light","floor":5,"damage_taken":0},{"event_name":"Addict","player_choice":"Obtained Relic","floor":19,"damage_taken":0}],"boss_relics":[{"not_picked":["Orrery","Lizard Tail"],"picked":"Ectoplasm"}],"items_purged_floors":[],"is_endless":false,"potions_floor_spawned":[1,2,13,16],"ascension_level":12}