{"gold_per_floor":[109,109,129,94,110,110,110,159,235,235,263,263,319,39,39,139,139,152,152,171,239,239],"floor_reached":22,"playtime":629,"items_purged":["Strike_B"],"score":276,"play_id":"eb2b4107-e152-441f-9d58-388a16fd0e3e","local_time":"20190102011331","is_ascension_mode":true,"campfire_choices":[{"data":"Sunder","floor":6,"key":"SMITH"},{"data":"Chill","floor":10,"key":"SMITH"},{"data":"Blizzard","floor":12,"key":"SMITH"},{"floor":15,"key":"REST"}],"neow_cost":"NONE","seed_source_timestamp":987058643060989,"circlet_count":0,"master_deck":["Strike_B","Strike_B","Strike_B","Defend_B","Defend_B","Defend_B","Defend_B","Zap+1","Dualcast","Sweeping Beam","Cold Snap","Sunder+1","Chill+1","Blizzard+1","Glacier","Cold Snap","Seek","Leap"],"relics":["Cracked Core","NeowsBlessing","Nunchaku","Blood Vial","Singing Bowl","FossilizedHelix","Tiny Chest","Regal Pillow","Nuclear Battery","Cables"],"potions_floor_usage":[16,22],"damage_taken":[{"damage":0,"enemies":"2 Louse","floor":1,"turns":1},{"damage":0,"enemies":"Cultist","floor":3,"turns":1},{"damage":0,"enemies":"Jaw Worm","floor":5,"turns":1},{"damage":9,"enemies":"3 Sentries","floor":11,"turns":6},{"damage":18,"enemies":"Gremlin Nob","floor":13,"turns":4},{"damage":26,"enemies":"Hexaghost","floor":16,"turns":12},{"damage":2,"enemies":"Shell Parasite","floor":18,"turns":7},{"damage":0,"enemies":"2 Thieves","floor":20,"turns":4},{"damage":0,"enemies":"Colosseum Slavers","floor":22,"turns":3},{"damage":76,"enemies":"Colosseum Nobs","floor":22,"turns":6}],"seed_played":"-7578131061144516129","potions_obtained":[{"floor":1,"key":"Strength Potion"},{"floor":13,"key":"Weak Potion"},{"floor":18,"key":"Regen Potion"}],"is_trial":false,"path_per_floor":["M","?","M","$","M","R","?","T","T","R","E","R","E","$","R","B",null,"M","?","M","T","?"],"character_chosen":"DEFECT","items_purchased":["Sunder","Cold Snap","Regal Pillow"],"campfire_rested":1,"item_purchase_floors":[4,14,14],"current_hp_per_floor":[68,68,68,68,68,68,68,68,68,68,61,61,45,45,75,49,69,69,69,73,73,10],"gold":239,"neow_bonus":"THREE_ENEMY_KILL","is_prod":false,"is_daily":false,"chose_seed":false,"campfire_upgraded":3,"win_rate":0,"timestamp":1546388011,"path_taken":["M","?","M","?","M","R","?","?","T","R","E","R","E","$","R","BOSS","M","?","M","?","?"],"build_version":"2018-12-20","purchased_purges":1,"victory":false,"max_hp_per_floor":[75,75,75,75,75,75,75,75,75,75,75,75,75,75,75,75,75,75,75,77,77,77],"card_choices":[{"not_picked":["Reprogram","Fusion"],"picked":"Sweeping Beam","floor":1},{"not_picked":["Fusion","Stack"],"picked":"Cold Snap","floor":3},{"not_picked":["Force Field","Sweeping Beam"],"picked":"Chill","floor":5},{"not_picked":["Beam Cell","Double Energy"],"picked":"Blizzard","floor":11},{"not_picked":["Compile Driver","Blizzard"],"picked":"Glacier","floor":13},{"not_picked":["Machine Learning","Biased Cognition"],"picked":"Seek","floor":16},{"not_picked":["Loop","Undo"],"picked":"Leap","floor":18},{"not_picked":["Storm+1","Reinforced Body","Static Discharge"],"picked":"Singing Bowl","floor":20}],"player_experience":493497,"relics_obtained":[{"floor":8,"key":"Blood Vial"},{"floor":9,"key":"Singing Bowl"},{"floor":11,"key":"FossilizedHelix"},{"floor":13,"key":"Tiny Chest"},{"floor":21,"key":"Cables"}],"event_choices":[{"damage_healed":0,"gold_gain":0,"player_choice":"Gave Potion","damage_taken":0,"relics_obtained":["Nunchaku"],"max_hp_gain":0,"max_hp_loss":0,"event_name":"WeMeetAgain","floor":2,"gold_loss":0},{"damage_healed":0,"gold_gain":0,"player_choice":"Grow","damage_taken":0,"max_hp_gain":0,"max_hp_loss":0,"event_name":"Living Wall","floor":7,"gold_loss":0,"cards_upgraded":["Zap"]},{"damage_healed":0,"gold_gain":0,"player_choice":"Ignored","damage_taken":0,"max_hp_gain":0,"max_hp_loss":0,"event_name":"Ghosts","floor":19,"gold_loss":0},{"damage_healed":0,"gold_gain":0,"player_choice":"Fight","damage_taken":0,"max_hp_gain":0,"max_hp_loss":0,"event_name":"Colosseum","floor":22,"gold_loss":0},{"damage_healed":0,"gold_gain":0,"player_choice":"Fought Nobs","damage_taken":0,"max_hp_gain":0,"max_hp_loss":0,"event_name":"Colosseum","floor":22,"gold_loss":0}],"is_beta":false,"boss_relics":[{"not_picked":["Philosopher\u0027s Stone","Cursed Key"],"picked":"Nuclear Battery"}],"items_purged_floors":[14],"is_endless":false,"potions_floor_spawned":[1,13,18,22],"killed_by":"Colosseum Nobs","ascension_level":9}