{"gold_per_floor":[18,18,35,35,35,35,69,69,69,79,79,4,4,39,39,140,140,158,158,174,174],"floor_reached":21,"playtime":879,"items_purged":["Strike_B"],"score":241,"play_id":"a047a8e3-1d9f-4c3d-b301-d23251935da0","local_time":"20180916160518","is_ascension_mode":true,"campfire_choices":[{"floor":6,"key":"REST"},{"floor":8,"key":"REST"},{"floor":13,"key":"REST"},{"floor":15,"key":"REST"}],"neow_cost":"NO_GOLD","seed_source_timestamp":98146551321951,"circlet_count":0,"master_deck":["Strike_B","Strike_B","Defend_B","Zap","Dualcast","Gash","Rebound","All For One","Beam Cell+1","Capacitor+1","Blizzard+1","FTL+1","Steam"],"relics":["Cracked Core","Pocketwatch","Singing Bowl","StoneCalendar","Bronze Scales","Shovel","Astrolabe"],"potions_floor_usage":[7,19,21],"damage_taken":[{"damage":8,"enemies":"Small Slimes","floor":1,"turns":3},{"damage":4,"enemies":"Jaw Worm","floor":3,"turns":4},{"damage":55,"enemies":"3 Sentries","floor":7,"turns":8},{"damage":0,"enemies":"2 Louse","floor":10,"turns":2},{"damage":34,"enemies":"Gremlin Nob","floor":14,"turns":4},{"damage":44,"enemies":"Hexaghost","floor":16,"turns":8},{"damage":10,"enemies":"3 Byrds","floor":18,"turns":3},{"damage":29,"enemies":"Colosseum Slavers","floor":19,"turns":4},{"damage":7,"enemies":"Chosen","floor":20,"turns":3},{"damage":21,"enemies":"Snake Plant","floor":21,"turns":2}],"seed_played":"-5113793317147714966","potions_obtained":[{"floor":1,"key":"Swift Potion"},{"floor":16,"key":"Dexterity Potion"},{"floor":20,"key":"Swift Potion"}],"is_trial":false,"path_per_floor":["M","?","M","$","?","R","E","R","T","M","?","$","R","E","R","B",null,"M","?","M"],"character_chosen":"DEFECT","items_purchased":[],"campfire_rested":4,"item_purchase_floors":[],"current_hp_per_floor":[60,60,56,56,49,71,18,41,41,43,36,36,59,27,51,7,63,53,24,17,0],"gold":174,"neow_bonus":"ONE_RARE_RELIC","is_prod":false,"is_daily":false,"chose_seed":false,"campfire_upgraded":0,"win_rate":0,"timestamp":1537106718,"path_taken":["M","?","M","$","?","R","E","R","T","?","?","?","R","E","R","BOSS","M","?","?","M"],"build_version":"2018-09-06","purchased_purges":1,"victory":false,"max_hp_per_floor":[75,75,75,75,75,75,77,77,77,79,79,79,79,81,81,81,81,81,81,81,81],"card_choices":[{"not_picked":["Scrape","Compile Driver"],"picked":"Gash","floor":1},{"not_picked":["Barrage","Cold Snap"],"picked":"Rebound","floor":3},{"not_picked":["Blizzard","Chill","Leap"],"picked":"Singing Bowl","floor":7},{"not_picked":["Ball Lightning","Turbo","Sunder"],"picked":"Singing Bowl","floor":10},{"not_picked":["Fusion","Double Energy","Capacitor"],"picked":"Singing Bowl","floor":14},{"not_picked":["Core Surge","Machine Learning"],"picked":"All For One","floor":16},{"not_picked":["Chaos","Streamline"],"picked":"FTL+1","floor":18},{"not_picked":["Compile Driver","Doom and Gloom"],"picked":"Steam","floor":20}],"player_experience":234705,"relics_obtained":[{"floor":7,"key":"Singing Bowl"},{"floor":9,"key":"StoneCalendar"},{"floor":14,"key":"Shovel"}],"event_choices":[{"event_name":"The Cleric","player_choice":"Leave","floor":2,"damage_taken":0},{"event_name":"Golden Wing","player_choice":"Card Removal","floor":5,"damage_taken":0},{"event_name":"Scrap Ooze","player_choice":"success","floor":11,"damage_taken":7},{"event_name":"Colosseum","player_choice":"Fight","floor":19,"damage_taken":0},{"event_name":"Colosseum","player_choice":"Fled From Nobs","floor":19,"damage_taken":0}],"is_beta":false,"boss_relics":[{"not_picked":["Runic Pyramid","Snecko Eye"],"picked":"Astrolabe"}],"items_purged_floors":[12],"is_endless":false,"potions_floor_spawned":[1,16,19,20],"killed_by":"Snake Plant","ascension_level":6}