{"path_per_floor":["M","$","?","?","M","E","R","E","T","R","M","$","E","M","R","B",null,"M","M","$","M","$","E","?","R","T","E","?"],"character_chosen":"IRONCLAD","items_purchased":["Armaments","Weak Potion","Evolve","Battle Trance"],"gold_per_floor":[211,58,58,58,74,99,99,127,205,205,221,39,71,84,84,186,186,206,221,15,34,34,65,65,65,92,123,123,123],"floor_reached":29,"campfire_rested":1,"playtime":1013,"current_hp_per_floor":[80,80,64,69,75,29,29,23,23,48,50,50,44,41,41,24,90,64,66,66,60,60,47,47,47,54,44,44,0],"items_purged":["Strike_R","Defend_R","Strike_R"],"gold":123,"score":371,"play_id":"5716e698-75c8-4f4b-b746-ef60e8a27b97","local_time":"20180514095211","is_prod":false,"is_daily":false,"chose_seed":false,"is_ascension_mode":true,"campfire_upgraded":3,"timestamp":1526284331,"path_taken":["M","$","?","?","M","E","R","E","T","R","M","$","E","M","R","BOSS","M","M","$","M","$","E","?","R","T","E","?","E"],"build_version":"2018-05-12v2","seed_source_timestamp":345075674081749,"purchased_purges":4,"victory":false,"master_deck":["Strike_R+1","Strike_R+1","Defend_R","Defend_R","Defend_R","Bash","Twin Strike","Armaments+1","Offering+1","True Grit+1","Evolve+1","Whirlwind","Immolate","Combust+1","Hemokinesis+1","Battle Trance","Flame Barrier+1","Feed"],"max_hp_per_floor":[80,80,80,85,85,85,85,85,85,85,85,85,90,90,90,90,90,90,90,90,90,90,90,90,90,97,111,111,111],"relics":["Burning Blood","Pen Nib","Frozen Egg 2","Mercury Hourglass","Shuriken","Black Star","Ornamental Fan","Nloth\u0027s Gift","Strawberry","Mango","Red Skull"],"card_choices":[{"not_picked":["Perfected Strike","Thunderclap"],"picked":"Twin Strike","floor":1},{"not_picked":["Body Slam","Entrench","Anger"],"picked":"SKIP","floor":5},{"not_picked":["Searing Blow","Sword Boomerang"],"picked":"Offering","floor":6},{"not_picked":["Armaments","Cleave","Heavy Blade"],"picked":"SKIP","floor":8},{"not_picked":["Heavy Blade","Rupture+1"],"picked":"True Grit","floor":11},{"not_picked":["Anger","Body Slam"],"picked":"Whirlwind","floor":13},{"not_picked":["Dual Wield","Clash","Perfected Strike"],"picked":"SKIP","floor":14},{"not_picked":["Impervious","Juggernaut+1"],"picked":"Immolate","floor":16},{"not_picked":["Flex","Iron Wave"],"picked":"Combust+1","floor":18},{"not_picked":["Perfected Strike","Clash"],"picked":"Hemokinesis+1","floor":19},{"not_picked":["Heavy Blade+1","Headbutt","Clash"],"picked":"SKIP","floor":21},{"not_picked":["Entrench","Ghostly Armor"],"picked":"Flame Barrier+1","floor":23},{"not_picked":["Thunderclap","Warcry"],"picked":"Feed","floor":27}],"player_experience":75215,"potions_floor_usage":[13,23,23,23],"damage_taken":[{"damage":0,"enemies":"2 Louse","floor":1,"turns":3},{"damage":0,"enemies":"Small Slimes","floor":5,"turns":3},{"damage":52,"enemies":"Lagavulin","floor":6,"turns":7},{"damage":12,"enemies":"Gremlin Nob","floor":8,"turns":3},{"damage":4,"enemies":"Cultist","floor":11,"turns":2},{"damage":17,"enemies":"3 Sentries","floor":13,"turns":5},{"damage":9,"enemies":"Gremlin Gang","floor":14,"turns":3},{"damage":23,"enemies":"Slime Boss","floor":16,"turns":7},{"damage":32,"enemies":"Shell Parasite","floor":18,"turns":6},{"damage":4,"enemies":"3 Byrds","floor":19,"turns":3},{"damage":12,"enemies":"Cultist and Chosen","floor":21,"turns":2},{"damage":19,"enemies":"Book of Stabbing","floor":23,"turns":4},{"damage":30,"enemies":"Gremlin Leader","floor":27,"turns":5},{"damage":59,"enemies":"Book of Stabbing","floor":29,"turns":6}],"event_choices":[{"event_name":"Shining Light","player_choice":"Entered Light","floor":3,"damage_taken":0},{"event_name":"Big Fish","player_choice":"Donut","floor":4,"damage_taken":0},{"event_name":"N\u0027loth","player_choice":"Traded a Dodecahedron","floor":24,"damage_taken":0},{"event_name":"Purifier","player_choice":"One Purge","floor":28,"damage_taken":0}],"boss_relics":[{"not_picked":["Tiny House","Orrery"],"picked":"Black Star"}],"potions_floor_spawned":[11,13,14,16,21],"seed_played":"324201917896415139","killed_by":"Book of Stabbing","ascension_level":3,"is_trial":false}