{"gold_per_floor":[111,111,128,128,66,66,81,108,108,122,122,122,122,137,137,214,214,230,230,48,59,71,71,88,106,130,130,130,141,166,196,208,220],"floor_reached":33,"playtime":1942,"items_purged":[],"score":636,"play_id":"7bf91e14-0b43-472b-97c8-28801aefdbab","local_time":"20180923233654","is_ascension_mode":true,"campfire_choices":[{"floor":6,"key":"REST"},{"floor":11,"key":"REST"},{"data":"Dualcast","floor":13,"key":"SMITH"},{"data":"Echo Form","floor":15,"key":"SMITH"},{"floor":23,"key":"REST"},{"floor":27,"key":"REST"},{"floor":32,"key":"REST"}],"neow_cost":"PERCENT_DAMAGE","seed_source_timestamp":728984245340216,"circlet_count":0,"master_deck":["Strike_B","Strike_B","Strike_B","Strike_B","Defend_B","Defend_B","Defend_B","Defend_B+1","Zap+1","Dualcast+1","AscendersBane","Buffer+1","Ball Lightning","Ball Lightning","Go for the Eyes","Conserve Battery","Echo Form+1","Cold Snap","Buffer+1","Cold Snap","Core Surge"],"relics":["Cracked Core","StoneCalendar","The Courier","DataDisk","Velvet Choker","Nilry\u0027s Codex","DollysMirror","Ancient Tea Set","MawBank"],"potions_floor_usage":[8,21,25,25,28,33],"damage_taken":[{"damage":0,"enemies":"Small Slimes","floor":1,"turns":4},{"damage":0,"enemies":"2 Louse","floor":3,"turns":3},{"damage":0,"enemies":"Cultist","floor":7,"turns":3},{"damage":0,"enemies":"Lagavulin","floor":8,"turns":5},{"damage":6,"enemies":"Looter","floor":10,"turns":3},{"damage":0,"enemies":"Large Slime","floor":14,"turns":4},{"damage":0,"enemies":"Slime Boss","floor":16,"turns":7},{"damage":0,"enemies":"Spheric Guardian","floor":18,"turns":3},{"damage":0,"enemies":"Shell Parasite","floor":21,"turns":5},{"damage":19,"enemies":"Centurion and Healer","floor":22,"turns":7},{"damage":0,"enemies":"Snecko","floor":24,"turns":6},{"damage":1,"enemies":"Shelled Parasite and Fungi","floor":25,"turns":5},{"damage":0,"enemies":"Colosseum Slavers","floor":28,"turns":4},{"damage":16,"enemies":"Snake Plant","floor":29,"turns":5},{"damage":43,"enemies":"Slavers","floor":30,"turns":6},{"damage":0,"enemies":"Snecko","floor":31,"turns":5},{"damage":44,"enemies":"Automaton","floor":33,"turns":6}],"seed_played":"-613782562901096916","potions_obtained":[{"floor":1,"key":"Fire Potion"},{"floor":10,"key":"SkillPotion"},{"floor":16,"key":"Explosive Potion"},{"floor":22,"key":"Ancient Potion"},{"floor":24,"key":"Block Potion"},{"floor":25,"key":"GamblersBrew"},{"floor":30,"key":"Fire Potion"}],"is_trial":false,"path_per_floor":["M","?","M","?","$","R","M","E","T","M","R","?","R","M","R","B",null,"M","?","$","M","M","R","M","M","T","R","?","M","E","M","R"],"character_chosen":"DEFECT","items_purchased":["Ball Lightning","DollysMirror"],"campfire_rested":5,"item_purchase_floors":[5,20],"current_hp_per_floor":[46,25,25,25,25,46,46,46,46,40,61,50,50,50,50,50,66,66,45,45,45,26,47,54,53,53,71,71,55,12,12,33,0],"gold":220,"neow_bonus":"THREE_RARE_CARDS","is_prod":false,"is_daily":false,"chose_seed":false,"campfire_upgraded":2,"win_rate":0,"timestamp":1537738614,"path_taken":["M","?","M","?","$","R","M","E","T","M","R","?","R","?","R","BOSS","M","?","$","M","M","R","M","M","T","R","?","M","E","M","R","BOSS"],"build_version":"2018-09-20","purchased_purges":0,"victory":false,"max_hp_per_floor":[71,71,71,71,71,71,71,71,71,71,71,71,71,71,71,71,71,71,71,71,71,71,71,71,71,71,71,71,71,71,71,71,71],"card_choices":[{"not_picked":["Fission","Seek"],"picked":"Buffer","floor":0},{"not_picked":["Streamline","Barrage","Leap"],"picked":"SKIP","floor":1},{"not_picked":["Redo","Hello World"],"picked":"Ball Lightning","floor":3},{"not_picked":["Blizzard","Redo"],"picked":"Go for the Eyes","floor":7},{"not_picked":["Double Energy","Redo","Leap"],"picked":"SKIP","floor":8},{"not_picked":["Barrage","Hologram"],"picked":"Conserve Battery","floor":10},{"not_picked":["Barrage","Cold Snap"],"picked":"Echo Form","floor":14},{"not_picked":["Turbo","Conserve Battery"],"picked":"Cold Snap","floor":18},{"not_picked":["Go for the Eyes","Double Energy"],"picked":"Cold Snap","floor":21},{"not_picked":["Conserve Battery","Doom and Gloom"],"picked":"Core Surge","floor":22},{"not_picked":["Redo","Leap","Streamline+1"],"picked":"SKIP","floor":24},{"not_picked":["Streamline","Fusion","Ball Lightning"],"picked":"SKIP","floor":25},{"not_picked":["Ball Lightning+1","Core Surge","Reprogram"],"picked":"SKIP","floor":29},{"not_picked":["Leap","Rebound","Barrage+1"],"picked":"SKIP","floor":30},{"not_picked":["Streamline","Barrage","Recycle+1"],"picked":"SKIP","floor":31}],"player_experience":599796,"relics_obtained":[{"floor":8,"key":"StoneCalendar"},{"floor":9,"key":"The Courier"},{"floor":19,"key":"Nilry\u0027s Codex"},{"floor":26,"key":"Ancient Tea Set"},{"floor":30,"key":"MawBank"}],"event_choices":[{"event_name":"Shining Light","player_choice":"Entered Light","floor":2,"damage_taken":0},{"event_name":"Living Wall","player_choice":"Grow","floor":4,"damage_taken":0},{"event_name":"Scrap Ooze","player_choice":"success","floor":12,"damage_taken":11},{"event_name":"Cursed Tome","player_choice":"Obtained Book","floor":19,"damage_taken":0},{"event_name":"Colosseum","player_choice":"Fight","floor":28,"damage_taken":0},{"event_name":"Colosseum","player_choice":"Fled From Nobs","floor":28,"damage_taken":0}],"is_beta":false,"boss_relics":[{"not_picked":["Philosopher\u0027s Stone","Orrery"],"picked":"Velvet Choker"}],"items_purged_floors":[],"is_endless":false,"potions_floor_spawned":[1,10,16,22,24,25,30],"killed_by":"Automaton","ascension_level":17}