{"gold_per_floor":[119,134,148,158,158,189,18,18,44,44,69,169,169,187,187,306,306,326,349,367,367,367],"floor_reached":22,"playtime":812,"items_purged":[],"score":188,"play_id":"a7322f0e-c13e-4c40-8005-3cc34b01cc14","local_time":"20190222015229","is_ascension_mode":false,"campfire_choices":[{"data":"Rampage","floor":10,"key":"SMITH"},{"data":"Armaments","floor":13,"key":"SMITH"},{"data":"True Grit","floor":15,"key":"SMITH"}],"neow_cost":"TEN_PERCENT_HP_LOSS","seed_source_timestamp":33429772438787,"circlet_count":0,"master_deck":["Strike_R","Strike_R","Strike_R","Strike_R","Strike_R","Defend_R","Defend_R","Defend_R","Defend_R","Bash","Inflame","True Grit+1","Inflame","Rampage+1","Ghostly Armor","Armaments+1","Parasite","Inflame","Dark Embrace","True Grit"],"relics":["Burning Blood","Magic Flower","Golden Idol","Bag of Preparation","Blood Vial","Mark of Pain","Nilry\u0027s Codex"],"potions_floor_usage":[6,6,11],"damage_taken":[{"damage":6,"enemies":"2 Louse","floor":1,"turns":2},{"damage":2,"enemies":"Small Slimes","floor":2,"turns":4},{"damage":6,"enemies":"Cultist","floor":3,"turns":3},{"damage":10,"enemies":"Looter","floor":4,"turns":4},{"damage":38,"enemies":"Lagavulin","floor":6,"turns":6},{"damage":11,"enemies":"Exordium Wildlife","floor":11,"turns":6},{"damage":16,"enemies":"3 Louse","floor":14,"turns":5},{"damage":47,"enemies":"Hexaghost","floor":16,"turns":13},{"damage":21,"enemies":"Spheric Guardian","floor":18,"turns":5},{"damage":16,"enemies":"Chosen","floor":19,"turns":7},{"damage":39,"enemies":"Shelled Parasite and Fungi","floor":20,"turns":11},{"damage":22,"enemies":"Snake Plant","floor":22,"turns":4}],"seed_played":"-1863611279857426461","potions_obtained":[{"floor":3,"key":"PowerPotion"},{"floor":4,"key":"PowerPotion"},{"floor":6,"key":"BloodPotion"}],"is_trial":false,"path_per_floor":["M","M","M","M","?","E","$","?","T","R","M","?","R","M","R","B",null,"M","M","M","?","M"],"character_chosen":"IRONCLAD","items_purchased":["Blood Vial","Armaments"],"campfire_rested":0,"item_purchase_floors":[7,7],"current_hp_per_floor":[72,72,72,71,53,24,24,42,42,42,54,54,54,50,50,15,72,60,56,29,13,0],"gold":367,"neow_bonus":"ONE_RARE_RELIC","is_prod":false,"is_daily":false,"chose_seed":false,"campfire_upgraded":3,"win_rate":0,"timestamp":1550818349,"path_taken":["M","M","M","M","?","E","$","?","T","R","M","?","R","M","R","BOSS","M","M","?","?","M"],"build_version":"2019-01-23","purchased_purges":0,"victory":false,"max_hp_per_floor":[72,72,72,72,72,72,72,72,72,72,72,72,72,72,72,72,72,72,72,72,72,72],"card_choices":[{"not_picked":["Thunderclap","Shockwave"],"picked":"Inflame","floor":1},{"not_picked":["Entrench","Iron Wave"],"picked":"True Grit","floor":2},{"not_picked":["Shrug It Off","Flex"],"picked":"Inflame","floor":3},{"not_picked":["Wild Strike","Armaments"],"picked":"Rampage","floor":4},{"not_picked":["Headbutt","Heavy Blade"],"picked":"Ghostly Armor","floor":6},{"not_picked":["Sword Boomerang","Power Through","Perfected Strike"],"picked":"SKIP","floor":11},{"not_picked":["Havoc","Wild Strike"],"picked":"Inflame","floor":14},{"not_picked":["Barricade","Juggernaut"],"picked":"Dark Embrace","floor":16},{"not_picked":["Thunderclap","Second Wind+1"],"picked":"True Grit","floor":18},{"not_picked":["Heavy Blade","Anger","Warcry"],"picked":"SKIP","floor":19},{"not_picked":["Twin Strike","Pommel Strike+1","Anger"],"picked":"SKIP","floor":20}],"player_experience":722273,"relics_obtained":[{"floor":6,"key":"Bag of Preparation"},{"floor":21,"key":"Nilry\u0027s Codex"}],"event_choices":[{"damage_healed":0,"gold_gain":0,"player_choice":"Take Damage","damage_taken":18,"relics_obtained":["Golden Idol"],"max_hp_gain":0,"max_hp_loss":0,"event_name":"Golden Idol","floor":5,"gold_loss":0},{"damage_healed":18,"gold_gain":0,"player_choice":"Healed and dodged fight","damage_taken":0,"max_hp_gain":0,"max_hp_loss":0,"event_name":"Mushrooms","floor":8,"gold_loss":0,"cards_obtained":["Parasite"]},{"damage_healed":0,"gold_gain":100,"player_choice":"Gold","damage_taken":0,"max_hp_gain":0,"max_hp_loss":0,"event_name":"Wheel of Change","floor":12,"gold_loss":0},{"damage_healed":0,"gold_gain":0,"player_choice":"Obtained Book","damage_taken":16,"max_hp_gain":0,"max_hp_loss":0,"event_name":"Cursed Tome","floor":21,"gold_loss":0}],"is_beta":false,"boss_relics":[{"not_picked":["Runic Dome","Calling Bell"],"picked":"Mark of Pain"}],"items_purged_floors":[],"is_endless":false,"potions_floor_spawned":[3,4,6],"killed_by":"Snake Plant","ascension_level":0}