{"gold_per_floor":[117,137,212,52,68,68,96,110,136,146,159,159,71,85,85,190,190,206,172,190,16,33,33,33,33,59,94,94,20,0,0,0,0],"floor_reached":33,"playtime":2595,"items_purged":["Strike_R","Strike_R"],"score":452,"play_id":"5c381e28-0274-40ac-952e-4dfec7694f64","local_time":"20190103205021","is_ascension_mode":true,"campfire_choices":[{"data":"Bash","floor":6.0,"key":"SMITH"},{"floor":12.0,"key":"REST"},{"floor":15.0,"key":"REST"},{"floor":23,"key":"REST"},{"data":"Inflame","floor":25,"key":"SMITH"},{"floor":28,"key":"REST"},{"data":"Pommel Strike","floor":32,"key":"SMITH"}],"neow_cost":"NONE","seed_source_timestamp":0,"circlet_count":0,"master_deck":["AscendersBane","Defend_R","Defend_R","Defend_R","Defend_R","Bash+1","Impervious","Armaments","Cleave","Metallicize","Shrug It Off","Pommel Strike","Burning Pact","Inflame+1","True Grit","Pommel Strike+1","Impervious","Shockwave","Havoc+1","Battle Trance","Immolate","Ghostly Armor+1","Bite","Bite","Bite","Bite","Bite","Whirlwind","Pommel Strike","Disarm"],"special_seed":0,"relics":["Burning Blood","Boot","Sozu","Dream Catcher","MutagenicStrength"],"potions_floor_usage":[],"damage_taken":[{"damage":6.0,"enemies":"Cultist","floor":1.0,"turns":4.0},{"damage":16.0,"enemies":"Jaw Worm","floor":2.0,"turns":5.0},{"damage":1.0,"enemies":"2 Louse","floor":5.0,"turns":2.0},{"damage":41.0,"enemies":"3 Sentries","floor":7.0,"turns":21.0},{"damage":13.0,"enemies":"Blue Slaver","floor":8.0,"turns":5.0},{"damage":10.0,"enemies":"Large Slime","floor":10.0,"turns":4.0},{"damage":10.0,"enemies":"Gremlin Gang","floor":11.0,"turns":6.0},{"damage":0.0,"enemies":"Looter","floor":14.0,"turns":4.0},{"damage":69.0,"enemies":"Slime Boss","floor":16.0,"turns":14.0},{"damage":14,"enemies":"Shell Parasite","floor":18,"turns":5},{"damage":19,"enemies":"2 Thieves","floor":19,"turns":5},{"damage":17,"enemies":"Snecko","floor":20,"turns":7},{"damage":16,"enemies":"Centurion and Healer","floor":22,"turns":7},{"damage":44,"enemies":"Book of Stabbing","floor":27,"turns":8},{"damage":90,"enemies":"Champ","floor":33,"turns":13}],"seed_played":"282082772458131848","potions_obtained":[{"floor":2.0,"key":"Strength Potion"},{"floor":8.0,"key":"AttackPotion"},{"floor":10.0,"key":"Poison Potion"},{"floor":11.0,"key":"Weak Potion"}],"is_trial":false,"path_per_floor":["M","M","?","$","M","R","E","M","T","M","M","R","$","M","R","B",null,"M","M","M","$","M","R","?","R","T","E","R","$","?","?","R","B"],"character_chosen":"IRONCLAD","items_purchased":["Metallicize","Shrug It Off","Inflame","True Grit","Immolate","Disarm"],"campfire_rested":4,"item_purchase_floors":[4,4,13,13,21,29],"current_hp_per_floor":[72,62,54,54,59,59,24,19,19,17,15,39,39,47,71,10,63,57,46,37,37,29,53,53,53,53,29,53,53,53,53,53,0],"gold":0,"neow_bonus":"TRANSFORM_CARD","is_prod":false,"is_daily":false,"chose_seed":false,"campfire_upgraded":3,"win_rate":0,"timestamp":1546570221,"path_taken":["M","M","?","?","M","R","E","M","T","M","?","R","$","M","R","BOSS","M","M","M","$","M","R","?","R","T","E","R","$","?","?","R","BOSS"],"build_version":"2019-01-03","purchased_purges":2,"victory":false,"max_hp_per_floor":[80,80,80,80,80,80,80,80,80,80,80,80,80,80,80,80,80,80,80,80,80,80,80,80,80,80,80,80,80,80,80,80,80],"card_choices":[{"not_picked":["Warcry","Bloodletting"],"picked":"Armaments","floor":1.0},{"not_picked":["Armaments","Flex"],"picked":"Cleave","floor":2.0},{"not_picked":["Rupture","Flex","Cleave"],"picked":"SKIP","floor":5.0},{"not_picked":["Double Tap","Armaments"],"picked":"Pommel Strike","floor":7.0},{"not_picked":["Cleave","Perfected Strike","Warcry"],"picked":"SKIP","floor":8.0},{"not_picked":["Bloodletting","Perfected Strike"],"picked":"Burning Pact","floor":10.0},{"not_picked":["Clash","Dual Wield","Body Slam"],"picked":"SKIP","floor":11.0},{"not_picked":["Sentinel","Body Slam"],"picked":"Pommel Strike","floor":14.0},{"not_picked":["Brutality","Double Tap"],"picked":"Impervious","floor":16.0},{"not_picked":["True Grit","Clash"],"picked":"Shockwave","floor":18},{"not_picked":["Twin Strike","Warcry"],"picked":"Havoc+1","floor":19},{"not_picked":["Fire Breathing","Armaments"],"picked":"Battle Trance","floor":20},{"not_picked":["Heavy Blade","Sword Boomerang"],"picked":"Ghostly Armor+1","floor":22},{"not_picked":["Rampage+1","Clothesline"],"picked":"Whirlwind","floor":27},{"not_picked":["Brutality","Heavy Blade"],"picked":"Pommel Strike","floor":28}],"player_experience":385364,"relics_obtained":[{"floor":7.0,"key":"Blood Vial"},{"floor":9.0,"key":"Boot"},{"floor":27,"key":"Dream Catcher"}],"event_choices":[{"damage_healed":0.0,"max_hp_gain":0.0,"max_hp_loss":0.0,"gold_gain":75.0,"event_name":"FaceTrader","player_choice":"Touch","floor":3.0,"gold_loss":0.0,"damage_taken":8.0},{"damage_healed":0,"gold_gain":0,"player_choice":"Became a vampire (Vial)","damage_taken":0,"max_hp_gain":0,"max_hp_loss":0,"event_name":"Vampires","floor":24,"relics_lost":["Blood Vial"],"gold_loss":0,"cards_obtained":["Bite","Bite","Bite","Bite","Bite"]},{"damage_healed":0,"gold_gain":0,"player_choice":"Paid Fearfully","damage_taken":0,"max_hp_gain":0,"max_hp_loss":0,"event_name":"Masked Bandits","floor":30,"gold_loss":20},{"damage_healed":0,"gold_gain":0,"player_choice":"Inject Mutagens","damage_taken":0,"relics_obtained":["MutagenicStrength"],"max_hp_gain":0,"max_hp_loss":0,"event_name":"Drug Dealer","floor":31,"gold_loss":0}],"is_beta":false,"boss_relics":[{"not_picked":["Calling Bell","Lizard Tail"],"picked":"Sozu"}],"items_purged_floors":[4,21],"is_endless":false,"potions_floor_spawned":[2,8,10,11,14,20,22],"killed_by":"Champ","ascension_level":12}