{"path_per_floor":["M","?","?","M","M","E","R","?","T","M","$","M","E","M","R","B",null,"M","M","M","?"],"character_chosen":"THE_SILENT","items_purchased":["Strawberry","Noxious Fumes","Ancient Tea Set"],"gold_per_floor":[119,119,269,283,303,337,337,387,387,456,22,33,67,83,83,178,208,221,289,308,390,440],"floor_reached":22,"campfire_rested":0,"playtime":1066,"item_purchase_floors":[11,11,11],"current_hp_per_floor":[66,66,66,66,66,18,18,6,6,6,13,13,11,11,11,7,72,47,47,35,1,0],"items_purged":["Defend_G"],"gold":440,"score":273,"play_id":"24ff64d1-de9f-4fe4-a949-a5646b11cc17","local_time":"20180625020223","is_prod":false,"is_daily":false,"chose_seed":false,"is_ascension_mode":true,"campfire_upgraded":2,"win_rate":0,"timestamp":1529906543,"campfire_choices":[{"data":"Neutralize","floor":7,"key":"SMITH"},{"data":"Noxious Fumes","floor":15,"key":"SMITH"}],"path_taken":["M","?","?","M","M","E","R","?","T","?","$","M","E","M","R","BOSS","M","?","M","?","?"],"build_version":"2018-06-21","seed_source_timestamp":49290288234125,"purchased_purges":1,"circlet_count":0,"victory":false,"master_deck":["Defend_G","Defend_G","Defend_G","Defend_G","Strike_G","Strike_G+1","Strike_G","Strike_G","Survivor","Neutralize+1","Poisoned Stab","Leg Sweep","Backstab","Noxious Fumes+1","Crippling Poison","Bane","Deadly Poison","Tactician","Quick Slash","Dagger Throw+1","Heel Hook+1","Footwork"],"max_hp_per_floor":[70,70,70,70,70,70,70,70,70,70,77,77,87,87,87,87,92,92,92,92,92,92],"relics":["Ring of the Snake","SsserpentHead","Letter Opener","Ornamental Fan","Strawberry","Ancient Tea Set","Pear","Tiny House","Red Mask"],"card_choices":[{"not_picked":["Prepared","Deflect"],"picked":"Poisoned Stab","floor":1},{"not_picked":["Underhanded Strike","Prepared","Riddle With Holes"],"picked":"SKIP","floor":4},{"not_picked":["Dagger Throw","Infinite Blades"],"picked":"Leg Sweep","floor":5},{"not_picked":["Dagger Spray","Bane"],"picked":"Backstab","floor":6},{"not_picked":["Blade Dance","Poisoned Stab","Backflip"],"picked":"SKIP","floor":10},{"not_picked":["Dodge and Roll","Doppelganger"],"picked":"Crippling Poison","floor":12},{"not_picked":["Dash","Bullet Time"],"picked":"Bane","floor":13},{"not_picked":["Prepared","Poisoned Stab"],"picked":"Deadly Poison","floor":14},{"not_picked":["Envenom","Phantasmal Killer"],"picked":"Tactician","floor":16},{"not_picked":["Slice","Deflect"],"picked":"Quick Slash","floor":17},{"not_picked":["Slice","Expertise"],"picked":"Dagger Throw+1","floor":18},{"not_picked":["Predator+1","Cloak And Dagger"],"picked":"Heel Hook+1","floor":19},{"not_picked":["All Out Attack","Slice","Masterful Stab+1"],"picked":"SKIP","floor":20},{"not_picked":["Deadly Poison","Riddle With Holes+1"],"picked":"Footwork","floor":21}],"player_experience":314152,"potions_floor_usage":[6,16,16,21,21],"damage_taken":[{"damage":4,"enemies":"Small Slimes","floor":1,"turns":7},{"damage":0,"enemies":"Cultist","floor":4,"turns":4},{"damage":0,"enemies":"2 Louse","floor":5,"turns":2},{"damage":48,"enemies":"Lagavulin","floor":6,"turns":15},{"damage":0,"enemies":"Looter","floor":10,"turns":4},{"damage":0,"enemies":"Large Slime","floor":12,"turns":5},{"damage":12,"enemies":"Gremlin Nob","floor":13,"turns":5},{"damage":0,"enemies":"Exordium Wildlife","floor":14,"turns":5},{"damage":4,"enemies":"Slime Boss","floor":16,"turns":5},{"damage":25,"enemies":"Shell Parasite","floor":18,"turns":6},{"damage":0,"enemies":"3 Byrds","floor":19,"turns":4},{"damage":12,"enemies":"Centurion and Healer","floor":20,"turns":5},{"damage":34,"floor":21,"turns":6}],"relics_obtained":[{"floor":6,"key":"Letter Opener"},{"floor":9,"key":"Ornamental Fan"},{"floor":13,"key":"Pear"},{"floor":21,"key":"Red Mask"}],"event_choices":[{"event_name":"FaceTrader","player_choice":"Took Mask Of The Ssserpant","floor":2,"damage_taken":0},{"event_name":"Golden Shrine","player_choice":"Pray","floor":3,"damage_taken":0},{"event_name":"Scrap Ooze","player_choice":"unsuccessful","floor":8,"damage_taken":12},{"event_name":"Masked Bandits","player_choice":"Fought over 358 gold","floor":21,"damage_taken":0}],"boss_relics":[{"not_picked":["Lizard Tail","Runic Pyramid"],"picked":"Tiny House"}],"items_purged_floors":[11],"is_endless":false,"potions_floor_spawned":[5,13,14,18,21],"seed_played":"-8589548913638318539","ascension_level":5,"potions_obtained":[{"floor":5,"key":"SpeedPotion"},{"floor":13,"key":"AttackPotion"},{"floor":14,"key":"Weak Potion"},{"floor":17,"key":"PowerPotion"},{"floor":18,"key":"PowerPotion"},{"floor":21,"key":"FearPotion"}],"is_trial":false}