{"gold_per_floor":[361,436,436,450,415,415,5,23,23,43,66,86,86,106,106,106],"floor_reached":16,"playtime":810,"items_purged":["Regret"],"score":122,"play_id":"3cf1b896-b592-448a-859e-8b71f842d8a2","local_time":"20180915045842","is_ascension_mode":true,"campfire_choices":[{"floor":6,"key":"REST"},{"floor":13,"key":"REST"},{"floor":15,"key":"REST"}],"neow_cost":"CURSE","seed_source_timestamp":52157041899510,"circlet_count":0,"master_deck":["Strike_B","Strike_B","Strike_B","Strike_B","Defend_B","Defend_B","Defend_B","Defend_B","Zap","Dualcast","Chill","Sweeping Beam","Panache","Conserve Battery","Rebound","Creative AI","Sweeping Beam"],"relics":["Cracked Core","Golden Idol","Strawberry","Bottled Lightning"],"potions_floor_usage":[11,11,12,14,16],"damage_taken":[{"damage":11,"enemies":"Jaw Worm","floor":1,"turns":4},{"damage":11,"enemies":"Small Slimes","floor":4,"turns":3},{"damage":4,"enemies":"Cultist","floor":8,"turns":3},{"damage":15,"enemies":"Looter","floor":10,"turns":4},{"damage":6,"enemies":"Blue Slaver","floor":11,"turns":2},{"damage":26,"enemies":"Large Slime","floor":12,"turns":6},{"damage":8,"enemies":"Gremlin Gang","floor":14,"turns":5},{"damage":55,"enemies":"The Guardian","floor":16,"turns":12}],"seed_played":"-921114213432799095","potions_obtained":[{"floor":4,"key":"Dexterity Potion"},{"floor":8,"key":"AttackPotion"},{"floor":11,"key":"PowerPotion"},{"floor":12,"key":"AttackPotion"},{"floor":14,"key":"Explosive Potion"}],"is_trial":false,"path_per_floor":["M","?","?","M","?","R","$","M","T","M","M","M","R","M","R"],"character_chosen":"DEFECT","items_purchased":["Panache","Strawberry"],"campfire_rested":3,"item_purchase_floors":[7,7],"current_hp_per_floor":[57,46,28,17,35,57,64,60,60,45,39,13,37,29,53,0],"gold":106,"neow_bonus":"TWO_FIFTY_GOLD","is_prod":false,"is_daily":false,"chose_seed":false,"campfire_upgraded":0,"win_rate":0,"timestamp":1536980322,"path_taken":["M","?","?","?","?","R","$","M","T","M","M","M","R","M","R","BOSS"],"build_version":"2018-09-06","purchased_purges":1,"victory":false,"max_hp_per_floor":[75,75,75,75,75,75,82,82,82,82,82,82,82,82,82,82],"card_choices":[{"not_picked":["Stack","Melter"],"picked":"Chill","floor":1},{"not_picked":["Ball Lightning","Compile Driver"],"picked":"Sweeping Beam","floor":4},{"not_picked":["Fusion","Recycle"],"picked":"Conserve Battery","floor":8},{"not_picked":["Turbo","Beam Cell"],"picked":"Rebound","floor":10},{"not_picked":["Chaos","Coolheaded"],"picked":"Creative AI","floor":11},{"not_picked":["Turbo","Redo","Ball Lightning"],"picked":"SKIP","floor":12},{"not_picked":["Undo","Gash"],"picked":"Sweeping Beam","floor":14}],"player_experience":176292,"relics_obtained":[{"floor":9,"key":"Bottled Lightning"}],"event_choices":[{"event_name":"World of Goop","player_choice":"Gather Gold","floor":2,"damage_taken":0},{"event_name":"Golden Idol","player_choice":"Take Damage","floor":3,"damage_taken":0},{"event_name":"The Cleric","player_choice":"Healed","floor":5,"damage_taken":0}],"is_beta":false,"boss_relics":[],"items_purged_floors":[7],"is_endless":false,"potions_floor_spawned":[4,8,11,12,14],"killed_by":"The Guardian","ascension_level":6}