{"gold_per_floor":[115,65,118,218,234,261,8,22,46,46,46,46,46,76,26,140,140,167,167,190,213,213,163,179,104,153,153,184,134,136],"floor_reached":30,"playtime":1971,"items_purged":["Slimebound:Icky"],"score":253,"play_id":"c83129e4-34de-4356-b463-295faae3a48a","local_time":"20190321164431","is_ascension_mode":false,"campfire_choices":[{"data":"Slimebound:Split","floor":12,"key":"SMITH"},{"data":"Slimebound:PressTheAttack","floor":15,"key":"SMITH"},{"data":"Slimebound:CheckThePlaybook","floor":23,"key":"PURGE"},{"data":"Slimebound:MassFeed","floor":29,"key":"PURGE"}],"neow_cost":"NONE","seed_source_timestamp":86136318967936,"circlet_count":0,"master_deck":["Slimebound:Strike_Slimebound","Slimebound:Strike_Slimebound","Slimebound:Strike_Slimebound","Slimebound:Defend_Slimebound","Slimebound:Defend_Slimebound","Slimebound:Defend_Slimebound","Slimebound:Defend_Slimebound","Slimebound:Split+1","Slimebound:CorrosiveSpit","EpicFetus","Slimebound:PressTheAttack+1","Slimebound:Replication+1","Slimebound:StudyTheSpire","CommonCold","Neutralize","Bandage Up","infinitespire:DeathsTouch","Slimebound:SplitMire","RitualDagger"],"relics":["Slimebound:AbsorbEndCombat","HushsDoor","KeepersGift","NeowsBlessing","PreservedInsect","Juzu Bracelet","DeathBook","Bandana","Slimebound:ScrapOozeRelic","Slimebound:GreedOozeRelic","ReplayTheSpireMod:SealedPack","Enchiridion","hubris:DisguiseKit"],"potions_floor_usage":[14,16,21,26,28,30],"damage_taken":[{"damage":3,"enemies":"2 Louse","floor":1,"turns":1},{"damage":3,"enemies":"Jaw Worm","floor":5,"turns":1},{"damage":6,"enemies":"Lagavulin","floor":6,"turns":2},{"damage":11,"enemies":"Small Slimes","floor":8,"turns":3},{"damage":31,"enemies":"Gremlin Gang","floor":14,"turns":4},{"damage":14,"enemies":"Slime Boss","floor":16,"turns":6},{"damage":52,"enemies":"3 Byrds","floor":18,"turns":4},{"damage":11,"enemies":"Spheric Guardian","floor":20,"turns":3},{"damage":10,"enemies":"Centurion and Healer","floor":21,"turns":6},{"damage":8,"enemies":"Chosen and Byrds","floor":24,"turns":3},{"damage":6,"enemies":"3 Cultists","floor":26,"turns":4},{"damage":48,"enemies":"3 Cultists","floor":28,"turns":5},{"damage":17,"enemies":"Book of Stabbing","floor":30,"turns":1}],"seed_played":"-332824564490731190","potions_obtained":[{"floor":1,"key":"AttackPotion"},{"floor":6,"key":"Fire Potion"},{"floor":16,"key":"Weak Potion"},{"floor":20,"key":"Elixir"},{"floor":21,"key":"Languid Potion"},{"floor":24,"key":"Cursed Concoction"}],"is_trial":false,"path_per_floor":["M","?","T","?","M","E","$","M","T","?","?","R","?","M","R","B",null,"M","?","M","M","?","R","M","$","MIM","?","M","R","E"],"character_chosen":"SLIMEBOUND","items_purchased":["DeathBook"],"campfire_rested":0,"item_purchase_floors":[7],"current_hp_per_floor":[70,70,70,70,70,70,70,62,62,62,62,62,62,40,40,47,70,28,12,14,32,32,32,34,34,51,45,4,4,0],"gold":136,"neow_bonus":"THREE_ENEMY_KILL","is_prod":false,"is_daily":false,"chose_seed":false,"campfire_upgraded":2,"win_rate":0,"timestamp":1553201071,"path_taken":["M","?","?","?","M","E","$","M","T","?","?","R","?","M","R","BOSS","M","?","M","M","?","R","M","$","MIM","?","M","R","E"],"build_version":"2019-01-23","purchased_purges":1,"victory":false,"max_hp_per_floor":[70,70,70,70,70,70,70,70,70,70,70,70,70,70,70,70,70,70,70,70,70,70,70,70,70,70,70,70,70,70],"card_choices":[{"not_picked":[],"picked":"EpicFetus","floor":0},{"not_picked":["Slimebound:SplitBruiser","Slimebound:VenomTackle","Slimebound:LeechingTouch"],"picked":"SKIP","floor":1},{"not_picked":["Slimebound:LeechEnergy","Slimebound:SplitLeeching"],"picked":"Slimebound:PressTheAttack","floor":4},{"not_picked":["Slimebound:ComboTackle","Slimebound:ItLooksTasty","Slimebound:SplitLeeching"],"picked":"SKIP","floor":5},{"not_picked":["Slimebound:Overexert","Slimebound:ServeAndProtect"],"picked":"Slimebound:Replication","floor":6},{"not_picked":["Slimebound:LivingWall","Slimebound:GoopSpray","Slimebound:FormOfPuddle"],"picked":"SKIP","floor":8},{"not_picked":["Slimebound:VenomTackle","Slimebound:FlameTackle","Slimebound:SuperSplit"],"picked":"SKIP","floor":14},{"not_picked":["Slimebound:PrepareCrush","Slimebound:DuplicatedForm"],"picked":"Slimebound:StudyTheSpire","floor":16},{"not_picked":["Slimebound:CorrosiveSpit","Bash"],"picked":"Neutralize","floor":17},{"not_picked":["Slimebound:DuplicatedForm","Slimebound:SuperSplit"],"picked":"Slimebound:MassFeed","floor":17},{"not_picked":["PlatinumSkin","Enlightenment"],"picked":"Bandage Up","floor":17},{"not_picked":["hubris:InfiniteBlow","ReplayTheSpireMod:Echoes of Time"],"picked":"infinitespire:DeathsTouch","floor":17},{"not_picked":["Slimebound:FinishingTackle","Slimebound:SlimeSpikes","Slimebound:SoulSicken"],"picked":"SKIP","floor":18},{"not_picked":["Slimebound:DivideAndConquer","Slimebound:SelfFormingGoo","Slimebound:Prepare"],"picked":"SKIP","floor":20},{"not_picked":["Slimebound:GrowthPunch","Slimebound:ItLooksTasty","Slimebound:MassFeed"],"picked":"SKIP","floor":21},{"not_picked":["Slimebound:GoopSpray+1","Slimebound:Gluttony"],"picked":"Slimebound:SplitMire","floor":24},{"not_picked":["Slimebound:ServeAndProtect","Slimebound:DivideAndConquer","Slimebound:LevelUp","Outmaneuver"],"picked":"SKIP","floor":28}],"player_experience":791533,"relics_obtained":[{"floor":3,"key":"PreservedInsect"},{"floor":6,"key":"Juzu Bracelet"},{"floor":9,"key":"Bandana"},{"floor":19,"key":"Enchiridion"},{"floor":26,"key":"hubris:DisguiseKit"}],"event_choices":[{"cards_removed":["Slimebound:Tackle"],"damage_healed":0,"gold_gain":0,"player_choice":"Card Removal","damage_taken":0,"max_hp_gain":0,"max_hp_loss":0,"event_name":"The Cleric","floor":2,"gold_loss":50},{"damage_healed":0,"gold_gain":0,"player_choice":"Obtained Book","damage_taken":16,"max_hp_gain":0,"max_hp_loss":0,"event_name":"Cursed Tome","floor":19,"gold_loss":0},{"damage_healed":0,"gold_gain":0,"player_choice":"Joined the Cult","damage_taken":6,"max_hp_gain":0,"max_hp_loss":0,"event_name":"Nest","floor":27,"gold_loss":0,"cards_obtained":["RitualDagger"]}],"is_beta":false,"boss_relics":[{"not_picked":["Replay:Grab Bag","infinitespire:Cupcake"],"picked":"ReplayTheSpireMod:SealedPack"},{"not_picked":[]}],"items_purged_floors":[25],"is_endless":false,"potions_floor_spawned":[1,6,16,20,21,24],"killed_by":"Book of Stabbing","ascension_level":0}