{"gold_per_floor":[116,116,134,19,38,70,30,57,57,57,77,77,94,112,112,208,208,220,208,133,146,146,146],"floor_reached":23,"playtime":2858,"items_purged":["Strike_G"],"score":203,"play_id":"2b2f8310-e4da-47ab-bca5-42bf0866cd01","local_time":"20181003155426","is_ascension_mode":false,"campfire_choices":[{"floor":10,"key":"REST"},{"data":"Flechettes","floor":12,"key":"SMITH"},{"floor":15,"key":"REST"}],"neow_cost":"","seed_source_timestamp":622680716374689,"circlet_count":0,"master_deck":["Defend_G","Defend_G","Defend_G","Defend_G","Strike_G","Strike_G","Strike_G","Strike_G","Survivor","Neutralize","Deflect","Skewer","Well Laid Plans","Dash","Slice","Outmaneuver","Predator","Flechettes+1","Dodge and Roll","Dagger Throw","Dash","Die Die Die","Underhanded Strike","Underhanded Strike+1","Acrobatics+1","Blade Dance"],"relics":["Ring of the Serpent","Mummified Hand","Bottled Tornado","Bottled Lightning"],"potions_floor_usage":[],"damage_taken":[{"damage":2,"enemies":"Small Slimes","floor":1,"turns":5},{"damage":2,"enemies":"Jaw Worm","floor":3,"turns":3},{"damage":0,"enemies":"Cultist","floor":5,"turns":3},{"damage":30,"enemies":"Lagavulin","floor":6,"turns":8},{"damage":12,"enemies":"Gremlin Nob","floor":8,"turns":4},{"damage":12,"enemies":"Gremlin Gang","floor":11,"turns":4},{"damage":9,"enemies":"Exordium Wildlife","floor":13,"turns":3},{"damage":0,"enemies":"3 Louse","floor":14,"turns":2},{"damage":60,"enemies":"The Guardian","floor":16,"turns":12},{"damage":14,"enemies":"Spheric Guardian","floor":18,"turns":4},{"damage":21,"enemies":"2 Thieves","floor":19,"turns":4},{"damage":11,"enemies":"Snecko","floor":21,"turns":5},{"damage":26,"enemies":"Gremlin Leader","floor":23,"turns":5}],"seed_played":"825813031644910822","potions_obtained":[{"floor":5,"key":"FairyPotion"},{"floor":11,"key":"FairyPotion"},{"floor":14,"key":"SkillPotion"},{"floor":16,"key":"SpeedPotion"},{"floor":19,"key":"GhostInAJar"}],"is_trial":false,"path_per_floor":["M","?","M","$","M","E","$","E","T","R","M","R","M","M","R","B",null,"M","M","$","M","?"],"character_chosen":"THE_SILENT","items_purchased":["Well Laid Plans","Dash","Predator"],"campfire_rested":2,"item_purchase_floors":[4,4,7],"current_hp_per_floor":[68,68,66,66,66,36,36,24,24,45,33,33,24,24,45,7,70,56,35,35,24,24,0],"gold":146,"neow_bonus":"","is_prod":false,"is_daily":false,"chose_seed":false,"campfire_upgraded":1,"win_rate":0.0,"timestamp":1538596466,"path_taken":["M","?","M","$","M","E","$","E","T","R","M","R","M","?","R","BOSS","M","M","$","M","?","E"],"build_version":"2018-09-27","purchased_purges":1,"victory":false,"max_hp_per_floor":[70,70,70,70,70,70,70,70,70,70,70,70,70,70,70,70,70,70,70,70,70,70,70],"card_choices":[{"not_picked":["Deadly Poison","Blur"],"picked":"Deflect","floor":1},{"not_picked":["Slice","Well Laid Plans"],"picked":"Skewer","floor":3},{"not_picked":["Endless Agony","Blur"],"picked":"Slice","floor":5},{"not_picked":["Dagger Spray","Poisoned Stab"],"picked":"Outmaneuver","floor":6},{"not_picked":["Malaise","Escape Plan"],"picked":"Flechettes","floor":8},{"not_picked":["Poisoned Stab","Masterful Stab"],"picked":"Dodge and Roll","floor":11},{"not_picked":["Masterful Stab","Deadly Poison"],"picked":"Dagger Throw","floor":13},{"not_picked":["Footwork","Heel Hook"],"picked":"Dash","floor":14},{"not_picked":["Tools of the Trade","Unload"],"picked":"Die Die Die","floor":16},{"not_picked":["Blade Dance","Slice"],"picked":"Underhanded Strike","floor":18},{"not_picked":["Flying Knee+1","Sucker Punch"],"picked":"Underhanded Strike+1","floor":19},{"not_picked":["Masterful Stab+1","Underhanded Strike"],"picked":"Acrobatics+1","floor":21}],"player_experience":10481,"relics_obtained":[{"floor":6,"key":"Mummified Hand"},{"floor":8,"key":"Bottled Tornado"},{"floor":9,"key":"Bottled Lightning"}],"event_choices":[{"event_name":"Living Wall","player_choice":"Change","floor":2,"damage_taken":0},{"event_name":"Transmorgrifier","player_choice":"Transform","floor":22,"damage_taken":0}],"is_beta":false,"boss_relics":[{"not_picked":["Coffee Dripper","White Beast Statue"],"picked":"Ring of the Serpent"}],"items_purged_floors":[20],"is_endless":false,"potions_floor_spawned":[5,11,14,16,19,21],"killed_by":"Gremlin Leader","ascension_level":0}