{"path_per_floor":["M","M","?","?","M","E","M","M","T","?","$","R","M","?","R","B",null,"M","?","?","M","M","E","?","?","T","?","M","M","$","M","R","B",null,"M","?","T","?","$"],"character_chosen":"IRONCLAD","items_purchased":["Shrug It Off","Flash of Steel","Anchor","Apotheosis"],"gold_per_floor":[10,25,25,25,39,67,82,100,100,175,27,27,45,45,45,148,148,168,168,168,187,200,235,235,235,261,176,195,214,69,85,85,180,210,229,229,254,254,64],"floor_reached":40,"campfire_rested":1,"playtime":2985,"current_hp_per_floor":[80,80,80,73,66,55,56,62,62,51,51,51,55,55,55,18,80,80,80,56,56,47,40,25,25,25,25,27,29,29,35,53,61,66,59,59,59,49,49],"items_purged":[],"gold":64,"play_id":"f80822b0-4c0d-4754-8593-55de1ba3609d","is_prod":false,"is_daily":false,"is_ascension_mode":false,"campfire_upgraded":2,"path_taken":["M","M","?","?","M","E","?","M","T","?","?","R","M","?","R","BOSS","M","?","?","M","M","E","?","?","T","?","M","M","?","M","R","BOSS","M","?","?","?","$","E"],"build_version":"2018-02-01-PROD3","purchased_purges":0,"victory":false,"master_deck":["Defend_R+1","Defend_R+1","Defend_R+1","Defend_R+1","Bash","Flex+1","Thunderclap","Twin Strike","Seeing Red+1","Limit Break","Pommel Strike","Shrug It Off","Flash of Steel","Exhume","Finesse","Reaper","Flex","Bite","Bite","Bite","Bite","Bite","Headbutt+1","Pummel","Shrug It Off","Writhe","Spot Weakness","Intimidate","Reaper","Armaments","Warcry","Injury","Madness","Madness","Apotheosis"],"max_hp_per_floor":[80,80,80,80,80,80,80,80,80,80,80,80,80,80,80,80,80,80,80,56,56,56,56,61,61,61,61,61,61,61,61,61,61,66,66,66,66,66,66],"relics":["Burning Blood","Art of War","Vajra","Cursed Key","Oddly Smooth Stone","Juzu Bracelet","Blood Vial","Anchor","Tiny House","Lantern"],"card_choices":[{"not_picked":["Burning Pact","Second Wind"],"picked":"Flex"},{"not_picked":["True Grit","Flex"],"picked":"Thunderclap"},{"not_picked":["Wild Strike","Rupture"],"picked":"Twin Strike"},{"not_picked":["Shockwave","Thunderclap"],"picked":"Seeing Red"},{"not_picked":["Cleave","Headbutt"],"picked":"Limit Break"},{"not_picked":["Body Slam","Havoc"],"picked":"Pommel Strike"},{"not_picked":["Warcry","Feel No Pain"],"picked":"Exhume"},{"not_picked":["Fiend Fire","Brutality"],"picked":"Reaper"},{"not_picked":["Clothesline","Headbutt"],"picked":"Flex"},{"not_picked":["Anger","Bloodletting"],"picked":"Headbutt"},{"not_picked":["Bloodletting","Cleave"],"picked":"Pummel"},{"not_picked":["Juggernaut","Perfected Strike"],"picked":"Shrug It Off"},{"not_picked":["Flex","Intimidate"],"picked":"Spot Weakness"},{"not_picked":["Wild Strike","Havoc"],"picked":"Intimidate"},{"not_picked":["Immolate","Berserk"],"picked":"Reaper"},{"not_picked":["Cleave","Wild Strike"],"picked":"Armaments"},{"not_picked":["Power Through","True Grit"],"picked":"Warcry"}],"player_experience":124974,"potions_floor_usage":[6,16,29,29,33,35,35,40],"damage_taken":[{"damage":5,"enemies":"Cultist","floor":1,"turns":4},{"damage":1,"enemies":"2 Louse","floor":2,"turns":3},{"damage":13,"enemies":"Blue Slaver","floor":5,"turns":6},{"damage":17,"enemies":"3 Sentries","floor":6,"turns":6},{"damage":5,"enemies":"Looter","floor":7,"turns":3},{"damage":0,"enemies":"2 Fungi Beasts","floor":8,"turns":3},{"damage":2,"enemies":"3 Louse","floor":13,"turns":2},{"damage":43,"enemies":"The Guardian","floor":16,"turns":12},{"damage":3,"enemies":"Chosen","floor":18,"turns":4},{"damage":10,"enemies":"Shell Parasite","floor":21,"turns":4},{"damage":21,"enemies":"3 Cultists","floor":22,"turns":4},{"damage":19,"enemies":"Book of Stabbing","floor":23,"turns":4},{"damage":30,"enemies":"Cultist and Chosen","floor":28,"turns":7},{"damage":13,"enemies":"Snecko","floor":29,"turns":4},{"damage":14,"enemies":"Snake Plant","floor":31,"turns":4},{"damage":6,"enemies":"Collector","floor":33,"turns":6},{"damage":17,"enemies":"3 Darklings","floor":35,"turns":5},{"damage":114,"enemies":"Giant Head","floor":40,"turns":9}],"event_choices":[{"event_name":"Liars Game","player_choice":"disagreed","floor":3,"damage_taken":0},{"event_name":"Golden Wing","player_choice":"Card Removal","floor":4,"damage_taken":0},{"event_name":"World of Goop","player_choice":"Gather Gold","floor":10,"damage_taken":0},{"event_name":"Match and Keep!","player_choice":"1 cards matched","floor":14,"damage_taken":0},{"event_name":"Back to Basics","player_choice":"Simplicity","floor":19,"damage_taken":0},{"event_name":"Vampires","player_choice":"Became a vampire","floor":20,"damage_taken":0},{"event_name":"Forgotten Altar","player_choice":"Shed Blood","floor":24,"damage_taken":0},{"event_name":"The Lab","player_choice":"Got Potions","floor":25,"damage_taken":0},{"event_name":"Addict","player_choice":"Obtained Relic","floor":27,"damage_taken":0},{"event_name":"Tomb of Lord Red Mask","player_choice":"Ignored","floor":36,"damage_taken":0},{"event_name":"Winding Halls","player_choice":"Embrace Madness","floor":38,"damage_taken":0}],"boss_relics":[{"not_picked":["Philosopher\u0027s Stone","Runic Dome"],"picked":"Cursed Key"},{"not_picked":["Velvet Choker","Mark of Pain"],"picked":"Tiny House"}],"potions_floor_spawned":[1,5,6,22,29,31],"seed_played":"6511134028634386615","killed_by":"Giant Head","ascension_level":0,"is_trial":false}