{"gold_per_floor":[114,129,129,144,219,219,234,264,264,264,279,309,324,90,90,190,190,205,220,235,310,325,325,340,340,415,430,36,66,66,81,81,181,181,196,211,88,103,117,117,132,147,197,227,242,267,267,267,267,267],"floor_reached":51,"playtime":3622,"items_purged":["Strike_R","Strike_G","Defend_G"],"score":903,"play_id":"b7e9b2d1-521d-4aec-9eb4-4a5d10f2f7ad","local_time":"20190208212223","daily_mods":["Chimera","Uncertain Future","Binary"],"is_ascension_mode":false,"campfire_choices":[{"data":"Zap","floor":6,"key":"SMITH"},{"data":"Coolheaded","floor":10,"key":"SMITH"},{"data":"Defragment","floor":15,"key":"SMITH"},{"data":"Beam Cell","floor":23,"key":"SMITH"},{"data":"Defragment","floor":30,"key":"SMITH"},{"data":"Capacitor","floor":32,"key":"SMITH"},{"floor":40,"key":"REST"},{"data":"Echo Form","floor":47,"key":"SMITH"},{"data":"Buffer","floor":49,"key":"SMITH"}],"neow_cost":"","seed_source_timestamp":0,"circlet_count":0,"master_deck":["Bash","Survivor","Zap+1","Strike_B+1","Defend_B","Gash","Coolheaded+1","Gash+1","Beam Cell+1","Defragment+1","Go for the Eyes","Conserve Battery","Coolheaded+1","Gash+1","Buffer+1","Capacitor+1","Defragment+1","Bandage Up","Skim","Echo Form+1","Hologram","Hologram"],"special_seed":17936,"relics":["FrozenCore","Omamori","The Courier","Lantern","Whetstone","Gremlin Horn","Membership Card","Strawberry","Juzu Bracelet","Cursed Key","Anchor","Nunchaku","Vajra","Bronze Scales","Art of War"],"potions_floor_usage":[8,16,27,29,36,39,50],"damage_taken":[{"damage":0,"enemies":"Small Slimes","floor":1,"turns":3},{"damage":2,"enemies":"2 Louse","floor":2,"turns":3},{"damage":0,"enemies":"Cultist","floor":4,"turns":3},{"damage":6,"enemies":"2 Fungi Beasts","floor":7,"turns":3},{"damage":14,"enemies":"Gremlin Nob","floor":8,"turns":3},{"damage":0,"enemies":"Looter","floor":11,"turns":3},{"damage":2,"enemies":"Exordium Thugs","floor":13,"turns":3},{"damage":0,"enemies":"The Guardian","floor":16,"turns":9},{"damage":0,"enemies":"Chosen","floor":18,"turns":4},{"damage":0,"enemies":"3 Byrds","floor":19,"turns":5},{"damage":8,"enemies":"Sentry and Sphere","floor":20,"turns":5},{"damage":3,"enemies":"Cultist and Chosen","floor":22,"turns":6},{"damage":3,"enemies":"3 Cultists","floor":24,"turns":6},{"damage":11,"enemies":"Snake Plant","floor":27,"turns":4},{"damage":0,"enemies":"Book of Stabbing","floor":29,"turns":6},{"damage":0,"enemies":"Chosen and Byrds","floor":31,"turns":6},{"damage":0,"enemies":"Champ","floor":33,"turns":9},{"damage":12,"enemies":"3 Darklings","floor":35,"turns":6},{"damage":0,"enemies":"3 Shapes","floor":36,"turns":6},{"damage":0,"enemies":"Maw","floor":38,"turns":6},{"damage":28,"enemies":"2 Orb Walkers","floor":39,"turns":6},{"damage":0,"enemies":"Writhing Mass","floor":41,"turns":6},{"damage":10,"enemies":"3 Darklings","floor":42,"turns":5},{"damage":0,"enemies":"Nemesis","floor":44,"turns":7},{"damage":0,"enemies":"4 Shapes","floor":45,"turns":5},{"damage":0,"enemies":"Time Eater","floor":50,"turns":11}],"seed_played":"-7331181694979665872","potions_obtained":[{"floor":1,"key":"SneckoOil"},{"floor":2,"key":"Poison Potion"},{"floor":13,"key":"LiquidBronze"},{"floor":16,"key":"FocusPotion"},{"floor":24,"key":"SkillPotion"},{"floor":27,"key":"Energy Potion"},{"floor":29,"key":"AttackPotion"},{"floor":41,"key":"Strength Potion"},{"floor":42,"key":"SteroidPotion"},{"floor":44,"key":"Fire Potion"}],"is_trial":false,"path_per_floor":["M","M","?","M","?","R","M","E","T","R","M","?","M","$","R","B",null,"M","M","M","?","M","R","M","?","T","M","$","E","R","M","R","B",null,"M","M","$","M","?","R","M","M","T","E","M","T","R","?","R","B",null],"character_chosen":"DEFECT","items_purchased":["Whetstone","Defragment","Membership Card","Buffer","Capacitor","Defragment","Strawberry","Bandage Up","Anchor"],"campfire_rested":1,"item_purchase_floors":[14,14,28,28,28,28,28,28,37],"current_hp_per_floor":[75,73,73,73,62,62,56,42,42,42,42,42,40,40,40,40,75,75,75,67,60,57,57,54,54,54,43,50,54,54,58,58,62,82,74,82,82,82,54,78,82,76,76,80,82,82,82,78,78,78],"gold":267,"neow_bonus":"","is_prod":false,"is_daily":true,"chose_seed":false,"campfire_upgraded":8,"win_rate":0,"timestamp":1549689743,"path_taken":["M","M","?","M","?","R","M","E","T","R","M","?","M","$","R","BOSS","M","M","M","?","?","R","M","?","T","M","$","E","R","M","R","BOSS","M","M","$","M","?","R","M","M","T","E","M","?","R","?","R","BOSS"],"build_version":"2019-01-23","purchased_purges":3,"victory":true,"max_hp_per_floor":[75,75,75,75,75,75,75,75,75,75,75,75,75,75,75,75,75,75,75,75,75,75,75,75,75,75,75,82,82,82,82,82,82,82,82,82,82,82,82,82,82,82,82,82,82,82,82,78,78,78],"card_choices":[{"not_picked":["Melter"],"picked":"Gash","floor":1},{"not_picked":["Hello World","Tempest"],"picked":"SKIP","floor":2},{"not_picked":["Streamline","Steam"],"picked":"SKIP","floor":4},{"not_picked":["Auto Shields"],"picked":"Coolheaded","floor":7},{"not_picked":["Streamline","Scrape"],"picked":"SKIP","floor":8},{"not_picked":["Rebound"],"picked":"Gash","floor":11},{"not_picked":["Skim"],"picked":"Beam Cell","floor":13},{"not_picked":["Tempest+1"],"picked":"Go for the Eyes","floor":18},{"not_picked":["Steam","Ball Lightning+1"],"picked":"SKIP","floor":19},{"not_picked":["Go for the Eyes"],"picked":"Conserve Battery","floor":20},{"not_picked":["Undo","Stack"],"picked":"SKIP","floor":22},{"not_picked":["Ball Lightning"],"picked":"Coolheaded+1","floor":24},{"not_picked":["FTL"],"picked":"Gash+1","floor":27},{"not_picked":["Aggregate"],"picked":"Skim","floor":29},{"not_picked":["Hello World","Beam Cell"],"picked":"SKIP","floor":31},{"not_picked":["Buffer"],"picked":"Echo Form","floor":33},{"not_picked":["Turbo","Ball Lightning"],"picked":"SKIP","floor":35},{"not_picked":["Ball Lightning"],"picked":"Hologram","floor":36},{"not_picked":["Scrape","Ball Lightning+1"],"picked":"SKIP","floor":38},{"not_picked":["BootSequence+1"],"picked":"Hologram","floor":39},{"not_picked":["Turbo","Ball Lightning"],"picked":"SKIP","floor":41},{"not_picked":["Ball Lightning+1","Turbo"],"picked":"SKIP","floor":42},{"not_picked":["Steam+1","BootSequence"],"picked":"SKIP","floor":44},{"not_picked":["Tempest+1","Chill"],"picked":"SKIP","floor":45}],"player_experience":627821,"relics_obtained":[{"floor":8,"key":"Omamori"},{"floor":9,"key":"The Courier"},{"floor":26,"key":"Gremlin Horn"},{"floor":29,"key":"Juzu Bracelet"},{"floor":39,"key":"Nunchaku"},{"floor":43,"key":"Vajra"},{"floor":44,"key":"Bronze Scales"},{"floor":46,"key":"Art of War"}],"event_choices":[{"cards_removed":["Defend_R"],"damage_healed":0,"gold_gain":0,"player_choice":"Forget","damage_taken":0,"max_hp_gain":0,"max_hp_loss":0,"event_name":"Living Wall","floor":3,"gold_loss":0},{"damage_healed":0,"gold_gain":75,"player_choice":"Gather Gold","damage_taken":11,"max_hp_gain":0,"max_hp_loss":0,"event_name":"World of Goop","floor":5,"gold_loss":0},{"damage_healed":0,"gold_gain":30,"player_choice":"Searched \u00272\u0027 times","damage_taken":0,"relics_obtained":["Lantern"],"max_hp_gain":0,"max_hp_loss":0,"event_name":"Dead Adventurer","floor":12,"gold_loss":0},{"damage_healed":0,"gold_gain":75,"player_choice":"Touch","damage_taken":7,"max_hp_gain":0,"max_hp_loss":0,"event_name":"FaceTrader","floor":21,"gold_loss":0},{"damage_healed":0,"gold_gain":0,"player_choice":"Ignored","damage_taken":0,"max_hp_gain":0,"max_hp_loss":0,"event_name":"Cursed Tome","floor":25,"gold_loss":0},{"damage_healed":0,"gold_gain":0,"player_choice":"Fight","damage_taken":0,"max_hp_gain":0,"max_hp_loss":0,"event_name":"Mysterious Sphere","floor":39,"gold_loss":0},{"damage_healed":0,"gold_gain":0,"player_choice":"Max HP","damage_taken":0,"max_hp_gain":0,"max_hp_loss":4,"event_name":"Winding Halls","floor":48,"gold_loss":0}],"is_beta":false,"boss_relics":[{"not_picked":["Philosopher\u0027s Stone","Nuclear Battery"],"picked":"FrozenCore"},{"not_picked":["Black Star","Velvet Choker"],"picked":"Cursed Key"}],"items_purged_floors":[14,28,37],"is_endless":false,"potions_floor_spawned":[1,2,13,16,24,27,29,41,42,44],"ascension_level":0}