{"gold_per_floor":[115,125,125,125,50,50,75,75,75,87,110,139,167,191,203,320,332,361,373,385],"floor_reached":20,"playtime":1304,"items_purged":["Regret"],"score":226,"play_id":"7a88786b-408d-4a57-bb23-bfab84b367e4","local_time":"20180916000924","is_ascension_mode":true,"campfire_choices":[{"data":"Fission","floor":6,"key":"PURGE"},{"floor":8,"key":"REST"},{"data":"Storm","floor":10,"key":"SMITH"},{"floor":15,"key":"REST"}],"neow_cost":"NONE","seed_source_timestamp":40366104514216,"circlet_count":0,"master_deck":["Strike_B","Strike_B","Strike_B","Strike_B","Defend_B","Defend_B","Defend_B","Defend_B","Zap","Dualcast","Storm+1","Steam","Seek","Hologram","White Noise","Sweeping Beam"],"relics":["Cracked Core","Peace Pipe","Singing Bowl","Orichalcum","MawBank","Cursed Key"],"potions_floor_usage":[7,13,18,19],"damage_taken":[{"damage":0,"enemies":"Small Slimes","floor":1,"turns":2},{"damage":3,"enemies":"Jaw Worm","floor":2,"turns":5},{"damage":19,"enemies":"3 Sentries","floor":7,"turns":6},{"damage":4,"enemies":"Cultist","floor":11,"turns":4},{"damage":11,"enemies":"Large Slime","floor":12,"turns":7},{"damage":0,"enemies":"2 Fungi Beasts","floor":13,"turns":4},{"damage":15,"enemies":"Exordium Wildlife","floor":14,"turns":4},{"damage":44,"enemies":"Hexaghost","floor":16,"turns":10},{"damage":31,"enemies":"2 Thieves","floor":18,"turns":5},{"damage":28,"enemies":"Colosseum Slavers","floor":19,"turns":4},{"damage":3,"enemies":"Spheric Guardian","floor":20,"turns":2}],"seed_played":"8301938178957704049","potions_obtained":[{"floor":1,"key":"PowerPotion"},{"floor":12,"key":"Swift Potion"},{"floor":16,"key":"Poison Potion"},{"floor":18,"key":"FocusPotion"}],"is_trial":false,"path_per_floor":["M","M","?","?","$","R","E","R","T","R","M","M","M","M","R","B",null,"M","?"],"character_chosen":"DEFECT","items_purchased":[],"campfire_rested":2,"item_purchase_floors":[],"current_hp_per_floor":[68,65,47,47,47,47,30,53,53,53,51,40,40,25,48,6,62,31,3,0],"gold":385,"neow_bonus":"ONE_RANDOM_RARE_CARD","is_prod":false,"is_daily":false,"chose_seed":false,"campfire_upgraded":1,"win_rate":0,"timestamp":1537049364,"path_taken":["M","M","?","?","$","R","E","R","T","R","M","M","M","M","R","BOSS","M","?","M"],"build_version":"2018-09-06","purchased_purges":1,"victory":false,"max_hp_per_floor":[75,75,75,75,75,75,77,77,77,77,79,79,79,79,79,81,81,81,81,81],"card_choices":[{"not_picked":["Barrage","Stack"],"picked":"Storm","floor":1},{"not_picked":["Steam Power","Ball Lightning"],"picked":"Steam","floor":2},{"not_picked":["Rebound","Hello World","Tempest"],"picked":"Singing Bowl","floor":7},{"not_picked":["Double Energy","Melter","Coolheaded"],"picked":"Singing Bowl","floor":11},{"not_picked":["Compile Driver","Doom and Gloom"],"picked":"Seek","floor":12},{"not_picked":["Ball Lightning","Redo"],"picked":"Hologram","floor":13},{"not_picked":["Compile Driver","Chill"],"picked":"White Noise","floor":14},{"not_picked":["Fission","Rainbow","Multi-Cast"],"picked":"Singing Bowl","floor":16},{"not_picked":["Chill","Beam Cell"],"picked":"Sweeping Beam","floor":18}],"player_experience":205609,"relics_obtained":[{"floor":7,"key":"Orichalcum"},{"floor":9,"key":"MawBank"}],"event_choices":[{"event_name":"Scrap Ooze","player_choice":"success","floor":3,"damage_taken":18},{"event_name":"Big Fish","player_choice":"Box","floor":4,"damage_taken":0},{"event_name":"Colosseum","player_choice":"Fight","floor":19,"damage_taken":0},{"event_name":"Colosseum","player_choice":"Fled From Nobs","floor":19,"damage_taken":0}],"is_beta":false,"boss_relics":[{"not_picked":["Coffee Dripper","White Beast Statue"],"picked":"Cursed Key"}],"items_purged_floors":[5],"is_endless":false,"potions_floor_spawned":[1,12,16,18],"killed_by":"Spheric Guardian","ascension_level":6}