{"gold_per_floor":[115,15,34,50,60,85,95,95,143,58,58,73,73],"floor_reached":13,"playtime":668,"items_purged":[],"score":112,"play_id":"557701a4-a9b4-4c85-9fc1-05b427fa239e","local_time":"20190315012919","is_ascension_mode":false,"campfire_choices":[{"data":"Auto_colorless+1","floor":8,"key":"SMITH"},{"data":"Ghostly","floor":11,"key":"SMITH"}],"neow_cost":"","seed_source_timestamp":114205763030730,"circlet_count":0,"master_deck":["Slimebound:PressTheAttack","Slimebound:Strike_Slimebound","Slimebound:Strike_Slimebound","Slimebound:Strike_Slimebound","Slimebound:Tackle","Slimebound:SpikyOuterGoop","Ghostly+1","Slimebound:CorrosiveSpit","Slimebound:Defend_Slimebound","Slimebound:Defend_Slimebound","Slimebound:Defend_Slimebound","Slimebound:Defend_Slimebound","hubris:DuctTapeCard","Slimebound:PoisonLick","Sharp Hide","Slimebound:Split","Auto_colorless+2","Jack Of All Trades"],"relics":["Slimebound:AbsorbEndCombat","HushsDoor","EnchantBook_Base","Baka","hubris:DuctTape","BFFS"],"potions_floor_usage":[6,13],"damage_taken":[{"damage":11,"enemies":"2 Louse","floor":1,"turns":3},{"damage":13,"enemies":"Jaw Worm","floor":3,"turns":4},{"damage":16,"enemies":"Cultist","floor":4,"turns":4},{"damage":20,"enemies":"Red Slaver","floor":5,"turns":3},{"damage":18,"enemies":"Lagavulin","floor":6,"turns":3},{"damage":23,"enemies":"Exordium Wildlife","floor":7,"turns":4},{"damage":3,"enemies":"3 Louse","floor":12,"turns":3},{"damage":68,"enemies":"3 Sentries","floor":13,"turns":5}],"seed_played":"389536869402949877","potions_obtained":[{"floor":4,"key":"Poison Potion"},{"floor":5,"key":"Death Potion"},{"floor":12,"key":"Strength Potion"}],"is_trial":false,"path_per_floor":["M","?","M","M","M","E","M","R","T","$","R","M","E"],"character_chosen":"SLIMEBOUND","items_purchased":["Sharp Hide","Slimebound:PressTheAttack","Jack Of All Trades"],"campfire_rested":0,"item_purchase_floors":[0,0,10],"current_hp_per_floor":[70,70,69,66,58,52,44,44,44,44,44,58,0],"gold":73,"neow_bonus":"","is_prod":false,"is_daily":false,"chose_seed":false,"campfire_upgraded":2,"win_rate":0,"timestamp":1552627759,"path_taken":["M","?","M","M","M","E","M","R","T","$","R","M","E"],"build_version":"2019-01-23","purchased_purges":0,"victory":false,"max_hp_per_floor":[70,70,70,70,70,70,70,70,70,70,70,78,78],"card_choices":[{"not_picked":[],"picked":"Bomb","floor":0},{"not_picked":["Slimebound:LevelUp","Slimebound:PressTheAttack"],"picked":"Slimebound:PoisonLick","floor":1},{"not_picked":["Slimebound:LeechingTouch","Slimebound:SplitMire"],"picked":"Slimebound:PoisonLick","floor":3},{"not_picked":["Slimebound:ServeAndProtect","Slimebound:ItLooksTasty"],"picked":"Slimebound:SpikyOuterGoop","floor":4},{"not_picked":["Slimebound:TendrilStrike","Slimebound:ViciousTackle"],"picked":"Slimebound:PoisonLick","floor":5},{"not_picked":["Sharpness_colorless+1","Protection_colorless+1"],"picked":"Auto_colorless+1","floor":6},{"not_picked":["Slimebound:SplitBruiser","Slimebound:RollThrough","Slimebound:Chomp"],"picked":"SKIP","floor":6},{"not_picked":["Slimebound:Gluttony","Slimebound:MassFeed","Slimebound:ComboTackle"],"picked":"SKIP","floor":7},{"not_picked":["Slimebound:SplitLeeching","Slimebound:ComboTackle","Slimebound:PressTheAttack"],"picked":"SKIP","floor":12}],"player_experience":779885,"relics_obtained":[{"floor":1,"key":"Baka"},{"floor":6,"key":"hubris:DuctTape"}],"event_choices":[{"damage_healed":0,"gold_gain":0,"player_choice":"Argue","damage_taken":0,"max_hp_gain":0,"max_hp_loss":0,"event_name":"conspire:LoneGhost","floor":2,"gold_loss":0}],"is_beta":false,"boss_relics":[],"items_purged_floors":[],"is_endless":false,"potions_floor_spawned":[4,5,12],"killed_by":"3 Sentries","ascension_level":0}