{"path_per_floor":["M","M","?","M","?","R","E","$","T","M","$","M","M","M","R","B",null,"M","M","M","M","?","R","E"],"character_chosen":"THE_SILENT","items_purchased":["Glass Knife","Whetstone","Noxious Fumes","Masterful Stab"],"gold_per_floor":[110,125,425,444,444,444,473,16,69,80,40,58,72,91,91,189,189,209,227,245,260,260,260,293,293],"floor_reached":25,"campfire_rested":1,"playtime":1087,"current_hp_per_floor":[70,70,70,69,69,69,55,55,55,55,55,51,45,45,45,1,70,54,54,53,32,32,53,10,0],"items_purged":["Regret"],"gold":293,"score":227,"play_id":"2ae5c3cc-eb06-4b77-aa34-7f83761f7cd7","local_time":"20180414171100","is_prod":false,"is_daily":false,"chose_seed":false,"is_ascension_mode":false,"campfire_upgraded":2,"timestamp":1523718660,"path_taken":["M","M","?","M","?","R","E","$","T","M","?","?","M","M","R","BOSS","M","M","M","M","?","R","E","M"],"build_version":"2018-04-12","seed_source_timestamp":22532507585098,"purchased_purges":1,"victory":false,"master_deck":["Defend_G","Defend_G","Defend_G","Defend_G","Defend_G","Strike_G","Strike_G","Strike_G+1","Strike_G","Strike_G","Survivor","Neutralize+1","PiercingWail","Sucker Punch+1","Skewer","PiercingWail","Glass Knife+1","Noxious Fumes","Blade Dance","Masterful Stab","Adrenaline","Infinite Blades","After Image","Masterful Stab","Slice","Footwork","Adrenaline","Well Laid Plans","Cloak And Dagger","Finisher","Infinite Blades","Infinite Blades"],"max_hp_per_floor":[70,70,70,70,70,70,70,70,70,70,70,70,70,70,70,70,70,70,70,70,70,70,70,70,70],"relics":["Philosopher\u0027s Stone","Old Coin","Omamori","Whetstone","Lantern","Orrery","Blood Vial"],"card_choices":[{"not_picked":["Acrobatics","Underhanded Strike"],"picked":"PiercingWail","floor":1},{"not_picked":["Caltrops","PiercingWail"],"picked":"Sucker Punch","floor":2},{"not_picked":["Bane","Blade Dance"],"picked":"Skewer","floor":4},{"not_picked":["Dodge and Roll","Bane"],"picked":"PiercingWail","floor":7},{"not_picked":["Riddle With Holes","PiercingWail"],"picked":"Blade Dance","floor":10},{"not_picked":["Dash","Underhanded Strike"],"picked":"Adrenaline","floor":12},{"not_picked":["All Out Attack","Dodge and Roll"],"picked":"Infinite Blades","floor":14},{"not_picked":["Phantasmal Killer","Storm of Steel"],"picked":"After Image","floor":16},{"not_picked":["Backflip","Leg Sweep"],"picked":"Masterful Stab","floor":17},{"not_picked":["Underhanded Strike","Dagger Spray"],"picked":"Slice","floor":17},{"not_picked":["Bouncing Flask","Dodge and Roll"],"picked":"Footwork","floor":17},{"not_picked":["Backflip","Poisoned Stab"],"picked":"Adrenaline","floor":17},{"not_picked":["Poisoned Stab","Slice"],"picked":"Well Laid Plans","floor":17},{"not_picked":["Escape Plan","Sucker Punch"],"picked":"Cloak And Dagger","floor":18},{"not_picked":["Reflex","Backflip"],"picked":"Finisher","floor":20},{"not_picked":["PiercingWail","Bane"],"picked":"Infinite Blades","floor":21},{"not_picked":["Sucker Punch","Finisher"],"picked":"Infinite Blades","floor":24}],"player_experience":310487,"potions_floor_usage":[19,21,24],"damage_taken":[{"damage":0,"enemies":"2 Louse","floor":1,"turns":3},{"damage":0,"enemies":"Small Slimes","floor":2,"turns":4},{"damage":1,"enemies":"Cultist","floor":4,"turns":4},{"damage":14,"enemies":"3 Sentries","floor":7,"turns":10},{"damage":0,"enemies":"Red Slaver","floor":10,"turns":3},{"damage":4,"enemies":"Exordium Wildlife","floor":12,"turns":3},{"damage":6,"enemies":"Exordium Thugs","floor":13,"turns":3},{"damage":0,"enemies":"Looter","floor":14,"turns":2},{"damage":44,"enemies":"The Guardian","floor":16,"turns":12},{"damage":16,"enemies":"2 Thieves","floor":18,"turns":5},{"damage":0,"enemies":"Chosen","floor":19,"turns":6},{"damage":1,"enemies":"Snake Plant","floor":20,"turns":6},{"damage":36,"enemies":"Slaver and Parasite","floor":21,"turns":8},{"damage":43,"enemies":"Slavers","floor":24,"turns":5},{"damage":13,"enemies":"3 Cultists","floor":25,"turns":4}],"event_choices":[{"event_name":"Big Fish","player_choice":"Box","floor":3,"damage_taken":0},{"event_name":"Match and Keep!","player_choice":"0 cards matched","floor":5,"damage_taken":0},{"event_name":"Forgotten Altar","player_choice":"Smashed Altar","floor":22,"damage_taken":0}],"boss_relics":[{"not_picked":["Sozu","Runic Dome"],"picked":"Orrery"}],"potions_floor_spawned":[2,4,13,16,18,21],"seed_played":"-8679119174238120898","killed_by":"3 Cultists","ascension_level":0,"is_trial":false}