{"path_per_floor":["M","M","?","$","M","R","M","R","T","E","R","M","R","E","R"],"character_chosen":"DEFECT","items_purchased":["Sunder"],"gold_per_floor":[118,128,98,29,43,43,60,60,60,89,89,102,102,135,135,135],"floor_reached":16,"campfire_rested":0,"playtime":476,"item_purchase_floors":[4],"current_hp_per_floor":[73,72,72,72,72,72,72,72,72,57,57,51,51,33,33,0],"items_purged":[],"gold":135,"score":132,"play_id":"5fc8dd75-6dba-4d46-a9f0-d128a6d00627","local_time":"20180606114114","is_prod":false,"is_daily":false,"chose_seed":false,"is_ascension_mode":true,"campfire_upgraded":5,"win_rate":0,"timestamp":1528278074,"campfire_choices":[{"data":"Zap","floor":6,"key":"SMITH"},{"data":"Sunder","floor":8,"key":"SMITH"},{"data":"Seek","floor":11,"key":"SMITH"},{"data":"Steam Power","floor":13,"key":"SMITH"},{"data":"Dualcast","floor":15,"key":"SMITH"}],"path_taken":["M","M","?","$","M","R","M","R","T","E","R","M","R","E","R","BOSS"],"build_version":"2018-05-31","seed_source_timestamp":269573868737089,"purchased_purges":0,"victory":false,"master_deck":["Strike_B","Strike_B","Strike_B","Strike_B","Defend_B","Defend_B","Defend_B","Defend_B","Zap+1","Dualcast+1","Compile Driver","FTL","Sunder+1","Steam Power+1","Seek+1","Cold Snap","Auto Shields"],"max_hp_per_floor":[75,75,75,75,75,75,75,75,75,75,75,75,75,75,75,75],"relics":["Cracked Core","Omamori","Darkstone Periapt","Pantograph"],"card_choices":[{"not_picked":["Beam Cell","Steam Power"],"picked":"Compile Driver","floor":1},{"not_picked":["Tempest","Stack"],"picked":"FTL","floor":2},{"not_picked":["Beam Cell","Hello World"],"picked":"Steam Power","floor":5},{"not_picked":["Redo","Barrage","White Noise"],"picked":"SKIP","floor":7},{"not_picked":["Hello World","Self Repair"],"picked":"Seek","floor":10},{"not_picked":["Sweeping Beam","White Noise"],"picked":"Cold Snap","floor":12},{"not_picked":["Streamline","Conserve Battery"],"picked":"Auto Shields","floor":14}],"player_experience":351165,"potions_floor_usage":[10,10,16,16],"damage_taken":[{"damage":2,"enemies":"Jaw Worm","floor":1,"turns":4},{"damage":1,"enemies":"Cultist","floor":2,"turns":3},{"damage":0,"enemies":"2 Louse","floor":5,"turns":2},{"damage":0,"enemies":"Large Slime","floor":7,"turns":4},{"damage":15,"enemies":"Lagavulin","floor":10,"turns":5},{"damage":6,"enemies":"Looter","floor":12,"turns":2},{"damage":18,"enemies":"Gremlin Nob","floor":14,"turns":3},{"damage":64,"enemies":"Hexaghost","floor":16,"turns":10}],"relics_obtained":[{"floor":9,"key":"Omamori"},{"floor":10,"key":"Darkstone Periapt"},{"floor":14,"key":"Pantograph"}],"event_choices":[{"event_name":"The Woman in Blue","player_choice":"Bought 2 Potions","floor":3,"damage_taken":0}],"boss_relics":[],"items_purged_floors":[],"potions_floor_spawned":[2,12,14],"seed_played":"6308221517205545032","killed_by":"Hexaghost","ascension_level":4,"potions_obtained":[{"floor":2,"key":"EssenceOfSteel"},{"floor":3,"key":"SteroidPotion"},{"floor":3,"key":"Strength Potion"},{"floor":12,"key":"Weak Potion"},{"floor":14,"key":"Regen Potion"}],"is_trial":false}