{"path_per_floor":["M","M","M","?","M","R","M","R","T","R","M","R","M","E","R","B",null,"M","$","M","?","M","R","M","R","T","M","M"],"character_chosen":"THE_SILENT","items_purchased":["Catalyst","Bandage Up"],"gold_per_floor":[15,30,46,46,67,67,81,81,81,81,101,101,124,160,160,290,290,309,98,112,112,137,137,155,155,226,245,270],"floor_reached":29,"campfire_rested":2,"playtime":2892,"current_hp_per_floor":[70,67,67,50,49,49,48,48,48,48,48,48,48,48,69,53,70,70,70,56,62,43,43,25,47,47,20,7],"items_purged":["Masterful Stab"],"gold":270,"score":256,"play_id":"2fb3f036-6ccc-4e7e-ac01-0d18d986f76e","local_time":"20180318153643","is_prod":false,"is_daily":false,"is_ascension_mode":false,"campfire_upgraded":5,"timestamp":1521412603,"path_taken":["M","M","M","?","M","R","M","R","T","R","M","R","M","E","R","BOSS","M","$","M","?","M","R","M","R","T","M","M","M"],"build_version":"2018-03-15v3","purchased_purges":1,"victory":false,"master_deck":["Survivor","Neutralize+1","Bouncing Flask+1","Poisoned Stab","Doppelganger+1","Backflip+1","PiercingWail","Cloak And Dagger","Deadly Poison","Bane","Unload","Dodge and Roll","Acrobatics","Poisoned Stab","Slice","Dash","All Out Attack","Dagger Spray","Cloak And Dagger","Catalyst","Bandage Up","Well Laid Plans","Decay","Outmaneuver+1","Leg Sweep","Infinite Blades","Dodge and Roll"],"max_hp_per_floor":[70,70,70,70,70,70,70,70,70,70,70,70,70,70,70,70,70,70,70,70,76,76,76,76,76,76,76,76],"relics":["Ring of the Snake","Golden Idol","Calipers","Darkstone Periapt","Pandora\u0027s Box","Ornamental Fan"],"card_choices":[{"not_picked":["Outmaneuver","Underhanded Strike"],"picked":"Bouncing Flask"},{"not_picked":["Slice","Deadly Poison"],"picked":"Poisoned Stab"},{"not_picked":["Acrobatics","Poisoned Stab"],"picked":"Doppelganger"},{"not_picked":["Riddle With Holes","Slice"],"picked":"Backflip"},{"not_picked":["Dagger Spray","Infinite Blades"],"picked":"PiercingWail"},{"not_picked":["Endless Agony","Bane"],"picked":"Cloak And Dagger"},{"not_picked":["Underhanded Strike","Skewer"],"picked":"Deadly Poison"},{"not_picked":["Sucker Punch","Predator"],"picked":"Bane"},{"not_picked":["Tactician","Wraith Form"],"picked":"Unload"},{"not_picked":["Flying Knee","Sucker Punch"],"picked":"Cloak And Dagger"},{"not_picked":["Acrobatics","Reflex"],"picked":"Well Laid Plans"},{"not_picked":["Finisher","Quick Slash"],"picked":"Outmaneuver"},{"not_picked":["Underhanded Strike","Dash"],"picked":"Leg Sweep"},{"not_picked":["Outmaneuver","Choke"],"picked":"Infinite Blades"},{"not_picked":["Distraction","Poisoned Stab"],"picked":"Dodge and Roll"}],"player_experience":105427,"potions_floor_usage":[24,29],"damage_taken":[{"damage":0,"enemies":"2 Louse","floor":1,"turns":4},{"damage":3,"enemies":"Jaw Worm","floor":2,"turns":4},{"damage":0,"enemies":"Cultist","floor":3,"turns":3},{"damage":1,"enemies":"Large Slime","floor":5,"turns":9},{"damage":1,"enemies":"3 Louse","floor":7,"turns":7},{"damage":0,"enemies":"Looter","floor":11,"turns":4},{"damage":0,"enemies":"Large Slime","floor":13,"turns":6},{"damage":0,"enemies":"Gremlin Nob","floor":14,"turns":4},{"damage":16,"enemies":"The Guardian","floor":16,"turns":8},{"damage":0,"enemies":"3 Byrds","floor":18,"turns":4},{"damage":14,"enemies":"Spheric Guardian","floor":20,"turns":5},{"damage":23,"enemies":"Snake Plant","floor":22,"turns":5},{"damage":22,"enemies":"Slaver and Parasite","floor":24,"turns":7},{"damage":31,"enemies":"3 Cultists","floor":27,"turns":5},{"damage":17,"enemies":"Snake Plant","floor":28,"turns":4},{"damage":16,"enemies":"Sentry and Sphere","floor":29,"turns":3}],"event_choices":[{"event_name":"Golden Idol","player_choice":"Take Damage","floor":4,"damage_taken":0},{"event_name":"Wheel of Change","player_choice":"Curse","floor":21,"damage_taken":0}],"boss_relics":[{"not_picked":["Eternal Feather","Lizard Tail"],"picked":"Pandora\u0027s Box"}],"potions_floor_spawned":[1,7,13,14,16,24,28],"seed_played":"-5284183057087586962","killed_by":"Sentry and Sphere","ascension_level":0,"is_trial":false}