{"gold_per_floor":[144,189,114,159,80,170,170,120,120,210,255,255,5,50,50,350,350,395,120,120,165,210,210,300,300,325,370,370,370,415,505,505,805,805,850,895,895,69,114,114,159,159,234,279,324,414,489,579,579,579],"floor_reached":51,"playtime":2107,"items_purged":["Strike_R","Strike_R","Defend_R","Strike_R"],"score":1082,"play_id":"4c14247a-0210-439a-8d89-b9a6a8b7463a","local_time":"20181009215706","daily_mods":["Cursed Run","Colorless Cards","Midas"],"is_ascension_mode":false,"campfire_choices":[{"floor":12,"key":"DIG"},{"floor":15,"key":"DIG"},{"floor":23,"key":"DIG"},{"floor":25,"key":"DIG"},{"floor":29,"key":"DIG"},{"floor":32,"key":"DIG"},{"floor":40,"key":"DIG"},{"floor":49,"key":"DIG"}],"neow_cost":"","seed_source_timestamp":1037337063422525,"circlet_count":0,"master_deck":["Strike_R","Defend_R","Defend_R+1","Defend_R","Bash","Armaments+1","Pommel Strike","Feed","Doubt","Iron Wave","Regret","Apotheosis","Bandage Up+1","RitualDagger","Heavy Blade+1","Bandage Up+1","Parasite","Bludgeon","Burning Pact","Offering","Panache+1","Parasite","Shame","Clothesline","Pommel Strike","Magnetism+1","Blind+1","Rupture+1","Decay","Panacea+1","Injury","Doubt"],"special_seed":17814,"relics":["Cursed Key","Darkstone Periapt","Du-Vu Doll","Centennial Puzzle","Lantern","Shovel","Strawberry","Vajra","Ancient Tea Set","Fusion Hammer","Bag of Marbles","Frozen Egg 2","Thread and Needle","Mango","Omamori","Ice Cream","War Paint","StoneCalendar","Toxic Egg 2","Calling Bell","Potion Belt","Paper Frog","Bird Faced Urn","Peace Pipe","Oddly Smooth Stone","Bag of Preparation","Frozen Eye","Letter Opener","Boot","Meat on the Bone","Turnip","Blood Vial"],"potions_floor_usage":[24,44,50,50,50],"damage_taken":[{"damage":0,"enemies":"Cultist","floor":1,"turns":4},{"damage":0,"enemies":"2 Louse","floor":2,"turns":4},{"damage":0,"enemies":"Jaw Worm","floor":4,"turns":3},{"damage":17,"enemies":"3 Sentries","floor":6,"turns":8},{"damage":15,"enemies":"Lagavulin","floor":10,"turns":5},{"damage":3,"enemies":"2 Fungi Beasts","floor":11,"turns":4},{"damage":0,"enemies":"3 Louse","floor":14,"turns":2},{"damage":69,"enemies":"Hexaghost","floor":16,"turns":11},{"damage":20,"enemies":"2 Thieves","floor":18,"turns":4},{"damage":0,"enemies":"Shell Parasite","floor":21,"turns":2},{"damage":2,"enemies":"Centurion and Healer","floor":22,"turns":3},{"damage":11,"enemies":"Book of Stabbing","floor":24,"turns":4},{"damage":8,"enemies":"Chosen and Byrds","floor":27,"turns":5},{"damage":8,"enemies":"Cultist and Chosen","floor":30,"turns":4},{"damage":11,"enemies":"Slavers","floor":31,"turns":3},{"damage":39,"enemies":"Collector","floor":33,"turns":7},{"damage":4,"enemies":"3 Shapes","floor":35,"turns":3},{"damage":0,"enemies":"Orb Walker","floor":36,"turns":1},{"damage":57,"enemies":"Mind Bloom Boss Battle","floor":37,"turns":3},{"damage":9,"enemies":"Maw","floor":39,"turns":3},{"damage":12,"enemies":"4 Shapes","floor":41,"turns":3},{"damage":6,"enemies":"3 Darklings","floor":44,"turns":1},{"damage":18,"enemies":"Reptomancer","floor":45,"turns":3},{"damage":6,"enemies":"Nemesis","floor":46,"turns":3},{"damage":0,"enemies":"2 Orb Walkers","floor":48,"turns":1},{"damage":29,"enemies":"Time Eater","floor":50,"turns":5}],"seed_played":"2650368186018201532","potions_obtained":[{"floor":10,"key":"Dexterity Potion"},{"floor":14,"key":"Block Potion"},{"floor":16,"key":"Block Potion"},{"floor":18,"key":"Energy Potion"},{"floor":27,"key":"Strength Potion"},{"floor":39,"key":"Dexterity Potion"},{"floor":45,"key":"Fire Potion"},{"floor":46,"key":"SteroidPotion"}],"is_trial":false,"path_per_floor":["M","M","$","M","$","E","?","?","T","E","M","R","$","M","R","B",null,"M","$","?","M","M","R","E","R","T","M","?","R","M","E","R","B",null,"M","M","?","$","M","R","M","?","T","M","M","E","T","E","R","B"],"character_chosen":"IRONCLAD","items_purchased":["Feed","Vajra","Bag of Marbles","Magnetism+1","Oddly Smooth Stone","Bag of Preparation","Frozen Eye"],"campfire_rested":0,"item_purchase_floors":[5,13,19,38,38,38,38],"current_hp_per_floor":[80,80,80,80,80,66,66,66,72,61,62,69,69,72,72,9,113,97,97,91,97,105,105,100,114,120,122,122,122,126,121,121,94,153,156,157,111,111,120,120,125,125,131,137,131,143,149,158,158,155],"gold":579,"neow_bonus":"","is_prod":false,"is_daily":true,"chose_seed":false,"campfire_upgraded":0,"win_rate":0,"timestamp":1539147426,"path_taken":["M","M","?","?","$","E","?","?","T","E","M","R","$","?","R","BOSS","M","$","?","M","M","R","E","R","T","?","?","R","M","E","R","BOSS","M","M","?","?","M","R","?","?","T","M","M","E","?","E","R","BOSS"],"build_version":"2018-10-04v2","purchased_purges":4,"victory":true,"max_hp_per_floor":[80,80,80,80,80,83,83,83,89,93,97,104,104,107,107,113,113,117,117,117,117,121,121,121,135,141,141,141,141,141,141,141,141,153,157,157,161,161,161,161,164,164,170,174,174,174,180,183,183,189],"card_choices":[{"not_picked":["Twin Strike","True Grit"],"picked":"Armaments","floor":1},{"not_picked":["Twin Strike","Shrug It Off"],"picked":"Pommel Strike","floor":2},{"not_picked":["Finesse","Flex","Shrug It Off"],"picked":"SKIP","floor":4},{"not_picked":["Headbutt","Secret Technique"],"picked":"Sadistic Nature","floor":6},{"not_picked":["Twin Strike","Perfected Strike"],"picked":"Iron Wave","floor":10},{"not_picked":["Spot Weakness","Impatience","Warcry"],"picked":"SKIP","floor":11},{"not_picked":["Flame Barrier","Seeing Red","Clash"],"picked":"SKIP","floor":14},{"not_picked":["HandOfGreed","Secret Weapon"],"picked":"Apotheosis","floor":16},{"not_picked":["Mind Blast","Pommel Strike"],"picked":"Bandage Up+1","floor":18},{"not_picked":["Headbutt+1","Flash of Steel"],"picked":"Heavy Blade+1","floor":21},{"not_picked":["Armaments","Flex","Dramatic Entrance"],"picked":"SKIP","floor":22},{"not_picked":["Madness+1","Body Slam"],"picked":"Bandage Up","floor":24},{"not_picked":["Discovery","Headbutt"],"picked":"Bludgeon","floor":27},{"not_picked":["Disarm","Havoc"],"picked":"Burning Pact","floor":30},{"not_picked":["Clash+1","Carnage"],"picked":"Offering","floor":31},{"not_picked":["HandOfGreed","Thinking Ahead+1"],"picked":"Panache+1","floor":33},{"not_picked":["Wild Strike+1","Headbutt","Anger+1"],"picked":"SKIP","floor":35},{"not_picked":["Twin Strike","Secret Weapon+1"],"picked":"Clothesline","floor":36},{"not_picked":["Thunderclap","Clothesline"],"picked":"Pommel Strike","floor":37},{"not_picked":["Anger","Havoc+1"],"picked":"Blind+1","floor":39},{"not_picked":["Purity+1","Twin Strike"],"picked":"Rupture+1","floor":41},{"not_picked":["Cleave","Perfected Strike+1"],"picked":"Panacea+1","floor":44},{"not_picked":["Clash","Havoc+1","Perfected Strike"],"picked":"SKIP","floor":45},{"not_picked":["Perfected Strike","Armaments+1","PanicButton+1"],"picked":"SKIP","floor":46},{"not_picked":["Cleave+1","Evolve+1","Shrug It Off+1"],"picked":"SKIP","floor":48}],"player_experience":496671,"relics_obtained":[{"floor":6,"key":"Centennial Puzzle"},{"floor":9,"key":"Lantern"},{"floor":10,"key":"Shovel"},{"floor":12,"key":"Strawberry"},{"floor":15,"key":"Ancient Tea Set"},{"floor":23,"key":"Frozen Egg 2"},{"floor":24,"key":"Thread and Needle"},{"floor":25,"key":"Mango"},{"floor":26,"key":"Omamori"},{"floor":28,"key":"Ice Cream"},{"floor":29,"key":"War Paint"},{"floor":31,"key":"StoneCalendar"},{"floor":32,"key":"Toxic Egg 2"},{"floor":34,"key":"Potion Belt"},{"floor":34,"key":"Paper Frog"},{"floor":34,"key":"Bird Faced Urn"},{"floor":37,"key":"Peace Pipe"},{"floor":43,"key":"Letter Opener"},{"floor":46,"key":"Boot"},{"floor":47,"key":"Meat on the Bone"},{"floor":48,"key":"Turnip"},{"floor":49,"key":"Blood Vial"}],"event_choices":[{"event_name":"Living Wall","player_choice":"Grow","floor":7,"damage_taken":0},{"event_name":"The Cleric","player_choice":"Card Removal","floor":8,"damage_taken":0},{"event_name":"Nest","player_choice":"Joined the Cult","floor":20,"damage_taken":0},{"event_name":"Wheel of Change","player_choice":"Relic","floor":28,"damage_taken":0},{"event_name":"MindBloom","player_choice":"Fight","floor":37,"damage_taken":0},{"event_name":"Falling","player_choice":"Removed Power","floor":42,"damage_taken":0}],"is_beta":false,"boss_relics":[{"not_picked":["Philosopher\u0027s Stone","Runic Cube"],"picked":"Fusion Hammer"},{"not_picked":["Lizard Tail","Tiny House"],"picked":"Calling Bell"}],"items_purged_floors":[3,13,19,38],"is_endless":false,"potions_floor_spawned":[10,14,16,18,22,27,30,39,45,46],"ascension_level":0}