{"path_per_floor":["M","M","M","?","M","R","E","M","T","E"],"character_chosen":"DEFECT","items_purchased":[],"gold_per_floor":[112,125,141,216,229,229,257,275,275,310,310],"floor_reached":11,"campfire_rested":1,"playtime":389,"item_purchase_floors":[],"current_hp_per_floor":[75,75,69,58,22,44,18,17,17,2,0],"items_purged":[],"gold":310,"score":98,"play_id":"857daff0-c2c5-4bbd-b6aa-e16399175c1f","local_time":"20180530235341","is_prod":false,"is_daily":false,"chose_seed":false,"is_ascension_mode":true,"campfire_upgraded":0,"win_rate":0,"timestamp":1527738821,"campfire_choices":[{"floor":6,"key":"REST"}],"path_taken":["M","M","M","?","M","R","E","M","T","E","M"],"build_version":"2018-05-30","seed_source_timestamp":210116151131350,"purchased_purges":0,"victory":false,"master_deck":["Strike_B","Strike_B","Strike_B","Strike_B","Defend_B","Defend_B","Defend_B","Defend_B","Zap","Dualcast","Buffer","White Noise","Double Energy","Loop","Capacitor","BootSequence+1"],"max_hp_per_floor":[75,75,75,75,75,75,75,75,75,75,75],"relics":["Cracked Core","DataDisk","Bottled Flame","Toxic Egg 2"],"card_choices":[{"not_picked":["Beam Cell","Coolheaded"],"picked":"White Noise","floor":1},{"not_picked":["Hologram","Rebound","Turbo"],"picked":"SKIP","floor":2},{"not_picked":["Blizzard","Beam Cell"],"picked":"Double Energy","floor":3},{"not_picked":["Redo","Reinforced Body","Glacier"],"picked":"SKIP","floor":5},{"not_picked":["Reinforced Body","Thunder Strike"],"picked":"Loop","floor":7},{"not_picked":["Steam","Compile Driver"],"picked":"Capacitor","floor":8},{"not_picked":["Darkness","Steam"],"picked":"BootSequence","floor":10}],"player_experience":219392,"potions_floor_usage":[7,10],"damage_taken":[{"damage":0,"enemies":"Small Slimes","floor":1,"turns":3},{"damage":7,"enemies":"Jaw Worm","floor":2,"turns":4},{"damage":6,"enemies":"Cultist","floor":3,"turns":4},{"damage":36,"enemies":"3 Louse","floor":5,"turns":4},{"damage":26,"enemies":"3 Sentries","floor":7,"turns":7},{"damage":1,"enemies":"Looter","floor":8,"turns":3},{"damage":15,"enemies":"Lagavulin","floor":10,"turns":5},{"damage":2,"enemies":"Gremlin Gang","floor":11,"turns":1}],"relics_obtained":[{"floor":7,"key":"DataDisk"},{"floor":9,"key":"Bottled Flame"},{"floor":10,"key":"Toxic Egg 2"}],"event_choices":[{"event_name":"World of Goop","player_choice":"Gather Gold","floor":4,"damage_taken":0}],"boss_relics":[],"items_purged_floors":[],"potions_floor_spawned":[1,5,10],"seed_played":"-573825300950334114","killed_by":"Gremlin Gang","ascension_level":3,"potions_obtained":[{"floor":1,"key":"Fire Potion"},{"floor":5,"key":"Poison Potion"},{"floor":10,"key":"EntropicBrew"}],"is_trial":false}