{"path_per_floor":["M","M","M","M","$","R","E","R","T","R","M","M","M","M","R"],"character_chosen":"THE_SILENT","items_purchased":["Catalyst","Dagger Spray"],"gold_per_floor":[139,154,167,181,56,56,87,87,168,168,181,196,208,223,223,223],"floor_reached":16,"campfire_rested":2,"playtime":587,"current_hp_per_floor":[64,61,53,48,48,48,19,19,19,41,33,27,17,17,39,0],"items_purged":[],"gold":223,"score":164,"play_id":"9d5f76ec-ff36-46ef-aa4e-5a522601447c","local_time":"20180414165231","is_prod":false,"is_daily":false,"chose_seed":false,"is_ascension_mode":true,"campfire_upgraded":2,"timestamp":1523717551,"path_taken":["M","M","M","M","$","R","E","R","T","R","M","M","M","M","R","BOSS"],"build_version":"2018-04-12","seed_source_timestamp":21927126991974,"purchased_purges":0,"victory":false,"master_deck":["Defend_G","Defend_G","Defend_G","Defend_G","Defend_G","Strike_G","Strike_G","Strike_G","Strike_G","Strike_G","Survivor+1","Neutralize+1","AscendersBane","Distraction","Deadly Poison","Sucker Punch","Deadly Poison","Catalyst+1","Dagger Spray","Catalyst","Leg Sweep","Bane"],"max_hp_per_floor":[75,75,75,75,75,75,75,75,75,75,75,75,75,75,75,75],"relics":["Tiny House","Pen Nib","Letter Opener"],"card_choices":[{"not_picked":["Deflect","Outmaneuver"],"picked":"Distraction","floor":0},{"not_picked":["Deflect","Blur"],"picked":"Deadly Poison","floor":1},{"not_picked":["Storm of Steel","Bane"],"picked":"Sucker Punch","floor":2},{"not_picked":["Poisoned Stab","Blade Dance"],"picked":"Deadly Poison","floor":3},{"not_picked":["Deflect","Flying Knee"],"picked":"Catalyst","floor":11},{"not_picked":["Envenom","Finisher"],"picked":"Leg Sweep","floor":12},{"not_picked":["Cloak And Dagger","Underhanded Strike"],"picked":"Bane","floor":14}],"player_experience":309900,"potions_floor_usage":[4,7,16,16,16],"damage_taken":[{"damage":4,"enemies":"Cultist","floor":1,"turns":5},{"damage":3,"enemies":"Jaw Worm","floor":2,"turns":5},{"damage":8,"enemies":"Small Slimes","floor":3,"turns":6},{"damage":5,"enemies":"3 Louse","floor":4,"turns":3},{"damage":29,"enemies":"Gremlin Nob","floor":7,"turns":4},{"damage":8,"enemies":"2 Fungi Beasts","floor":11,"turns":3},{"damage":6,"enemies":"Looter","floor":12,"turns":4},{"damage":10,"enemies":"3 Louse","floor":13,"turns":4},{"damage":0,"enemies":"Exordium Wildlife","floor":14,"turns":3},{"damage":42,"enemies":"Slime Boss","floor":16,"turns":12}],"event_choices":[],"boss_relics":[],"potions_floor_spawned":[3,4,13,14],"seed_played":"-7013711556411604829","killed_by":"Slime Boss","ascension_level":11,"is_trial":false}