{"gold_per_floor":[17,17,36,48,48,78,98,98,125,157,175,175,175,193,193,294,294,306,321,333,351,367,367,387,387],"floor_reached":25,"playtime":1502,"items_purged":[],"score":219,"play_id":"e96025f7-d512-4d7e-b2ed-0d114dc11b5b","local_time":"20190321192134","is_ascension_mode":false,"campfire_choices":[{"data":"Slimebound:MinionMaster","floor":8,"key":"SMITH"},{"floor":13,"key":"REST"},{"floor":15,"key":"REST"},{"floor":23,"key":"REST"}],"neow_cost":"NO_GOLD","seed_source_timestamp":95997161063248,"circlet_count":0,"master_deck":["Slimebound:Strike_Slimebound+1","Slimebound:Strike_Slimebound","Slimebound:Strike_Slimebound","Slimebound:Tackle","Slimebound:Defend_Slimebound","Slimebound:Defend_Slimebound","Slimebound:Defend_Slimebound","Slimebound:Defend_Slimebound","Slimebound:Split+1","Slimebound:CorrosiveSpit","Slimebound:RejuvenatingLick","Slimebound:MinionMaster+1","Slimebound:HauntingLick","Slimebound:SelfFormingGoo","Slimebound:LevelUp","Slimebound:LevelUp+1","Slimebound:HauntingLick","Slimebound:MassRepurpose","Slimebound:LevelUp","Slimebound:Equalize","Slimebound:SpikyOuterGoop","Slimebound:SplitLeeching"],"relics":["Slimebound:AbsorbEndCombat","HushsDoor","KeepersGift","Unceasing Top","Potion Belt","Dream Catcher","Gremlin Food","Baseball","hubris:CrackedHourglass"],"potions_floor_usage":[6,7,10,16,16,25,25],"damage_taken":[{"damage":8,"enemies":"Cultist","floor":1,"turns":4},{"damage":8,"enemies":"Jaw Worm","floor":3,"turns":4},{"damage":8,"enemies":"Small Slimes","floor":4,"turns":4},{"damage":34,"enemies":"3 Sentries","floor":6,"turns":9},{"damage":12,"enemies":"Red Slaver","floor":7,"turns":4},{"damage":34,"enemies":"Lagavulin","floor":10,"turns":7},{"damage":14,"enemies":"2 Fungi Beasts","floor":11,"turns":4},{"damage":0,"enemies":"Exordium Thugs","floor":14,"turns":1},{"damage":63,"enemies":"Slime Boss","floor":16,"turns":12},{"damage":29,"enemies":"Spheric Guardian","floor":18,"turns":5},{"damage":27,"enemies":"Chosen","floor":19,"turns":5},{"damage":42,"enemies":"Sentry and Sphere","floor":20,"turns":6},{"damage":26,"enemies":"Centurion and Healer","floor":21,"turns":8},{"damage":27,"enemies":"Snake Plant","floor":22,"turns":4},{"damage":29,"enemies":"Snecko","floor":24,"turns":5},{"damage":69,"enemies":"Slavers","floor":25,"turns":3}],"seed_played":"-4198713202526502863","potions_obtained":[{"floor":1,"key":"AttackPotion"},{"floor":6,"key":"Adrenaline Potion"},{"floor":7,"key":"GamblersBrew"},{"floor":11,"key":"LifebloodPotion"},{"floor":14,"key":"Toxic Potion"},{"floor":19,"key":"GamblersBrew"},{"floor":22,"key":"Energy Potion"},{"floor":24,"key":"Elixir"}],"is_trial":false,"path_per_floor":["M","?","M","M","?","E","M","R","T","E","M","?","R","M","R","B",null,"M","M","M","M","M","R","M","E"],"character_chosen":"SLIMEBOUND","items_purchased":[],"campfire_rested":3,"item_purchase_floors":[],"current_hp_per_floor":[69,69,70,68,56,36,38,38,38,21,21,44,65,68,70,40,70,55,42,27,45,43,64,59,0],"gold":387,"neow_bonus":"ONE_RARE_RELIC","is_prod":false,"is_daily":false,"chose_seed":false,"campfire_upgraded":1,"win_rate":0,"timestamp":1553210494,"path_taken":["M","?","M","M","?","E","M","R","T","E","M","?","R","M","R","BOSS","M","M","M","M","M","R","M","E"],"build_version":"2019-01-23","purchased_purges":0,"victory":false,"max_hp_per_floor":[70,70,70,70,70,70,70,70,70,70,70,70,70,70,70,70,70,70,70,70,70,70,70,70,70],"card_choices":[{"not_picked":["Slimebound:Chomp","Slimebound:LeechEnergy","Slimebound:VenomTackle"],"picked":"SKIP","floor":1},{"not_picked":["Slimebound:PoisonLick","Slimebound:GoopSpray"],"picked":"Slimebound:RejuvenatingLick","floor":3},{"not_picked":["Slimebound:LeechLife","Slimebound:QuickStudy"],"picked":"Slimebound:MinionMaster","floor":4},{"not_picked":["Slimebound:SlimeTap","Slimebound:RollThrough"],"picked":"Slimebound:HauntingLick","floor":6},{"not_picked":["Slimebound:SamplingLick","Slimebound:GoopSpray"],"picked":"Slimebound:SelfFormingGoo","floor":7},{"not_picked":["Slimebound:DivideAndConquer","Slimebound:Grow"],"picked":"Slimebound:LevelUp","floor":10},{"not_picked":["Slimebound:GoopTackle","Bomb"],"picked":"Slimebound:LevelUp","floor":11},{"not_picked":["Slimebound:SplitAcid","Slimebound:Replication","Slimebound:PressTheAttack"],"picked":"SKIP","floor":14},{"not_picked":["Slimebound:QuickStudy","Slimebound:SlimeTap"],"picked":"Slimebound:HauntingLick","floor":15},{"not_picked":["Slimebound:PrepareCrush","Slimebound:SuperSplit"],"picked":"Slimebound:MassRepurpose","floor":16},{"not_picked":["Slimebound:SlimeSpikes","Slimebound:SamplingLick"],"picked":"Slimebound:LevelUp","floor":18},{"not_picked":["Slimebound:ComboTackle","Slimebound:Lick"],"picked":"Slimebound:Equalize","floor":19},{"not_picked":["Slimebound:DivideAndConquer","Slimebound:GoopSpray"],"picked":"Slimebound:SpikyOuterGoop","floor":20},{"not_picked":["Slimebound:DivideAndConquer","Slimebound:GoopTackle","Slimebound:DisruptingSlam"],"picked":"SKIP","floor":21},{"not_picked":["Slimebound:LeechingTouch","Slimebound:FlameTackle"],"picked":"Slimebound:SplitLeeching","floor":22},{"not_picked":["Slimebound:DisruptingSlam","Slimebound:SelfFormingGoo","Slimebound:SamplingLick"],"picked":"SKIP","floor":24}],"player_experience":801010,"relics_obtained":[{"floor":6,"key":"Dream Catcher"},{"floor":9,"key":"Gremlin Food"},{"floor":10,"key":"Baseball"}],"event_choices":[{"damage_healed":0,"gold_gain":0,"player_choice":"Success","damage_taken":12,"relics_obtained":["Potion Belt"],"max_hp_gain":0,"max_hp_loss":0,"event_name":"Scrap Ooze","floor":5,"gold_loss":0},{"damage_healed":23,"gold_gain":0,"player_choice":"Banana","damage_taken":0,"max_hp_gain":0,"max_hp_loss":0,"event_name":"Big Fish","floor":12,"gold_loss":0}],"is_beta":false,"boss_relics":[{"not_picked":["Runic Dome","Lizard Tail"],"picked":"hubris:CrackedHourglass"},{"not_picked":[]}],"items_purged_floors":[],"is_endless":false,"potions_floor_spawned":[1,6,7,11,14,19,22,24],"killed_by":"Slavers","ascension_level":0}