{"gold_per_floor":[109,122,137,156,431,431,462,462,485,485,485,485,503,521,521,521],"floor_reached":16,"playtime":654,"items_purged":[],"score":122,"play_id":"2da51b9b-a435-48c2-8ed2-f339794534cb","local_time":"20180914223008","is_ascension_mode":true,"campfire_choices":[{"data":"Capacitor","floor":6,"key":"SMITH"},{"floor":8,"key":"REST"},{"floor":12,"key":"REST"},{"floor":15,"key":"REST"}],"neow_cost":"NONE","seed_source_timestamp":28998067499261,"circlet_count":0,"master_deck":["Strike_B","Strike_B","Strike_B","Strike_B","Defend_B","Defend_B","Defend_B","Defend_B","Zap","Dualcast","Cold Snap","Sunder","Go for the Eyes","Capacitor+1","Regret","Chill","Go for the Eyes","Regret","Pain","Melter","Sweeping Beam","Rebound","Hello World"],"relics":["Cracked Core","Dream Catcher","Juzu Bracelet","Orichalcum","WarpedTongs"],"potions_floor_usage":[7,7],"damage_taken":[{"damage":7,"enemies":"Small Slimes","floor":1,"turns":3},{"damage":0,"enemies":"Cultist","floor":2,"turns":3},{"damage":0,"enemies":"2 Louse","floor":3,"turns":2},{"damage":14,"enemies":"Blue Slaver","floor":4,"turns":4},{"damage":31,"enemies":"3 Sentries","floor":7,"turns":7},{"damage":10,"enemies":"Red Slaver","floor":13,"turns":4},{"damage":2,"enemies":"2 Fungi Beasts","floor":14,"turns":2},{"damage":75,"enemies":"Slime Boss","floor":16,"turns":8}],"seed_played":"7019078346034147896","potions_obtained":[{"floor":0,"key":"Strength Potion"},{"floor":0,"key":"Block Potion"},{"floor":0,"key":"Ancient Potion"},{"floor":3,"key":"FearPotion"},{"floor":13,"key":"Dexterity Potion"}],"is_trial":false,"path_per_floor":["M","M","M","M","?","R","E","R","T","?","?","R","M","M","R"],"character_chosen":"DEFECT","items_purchased":[],"campfire_rested":3,"item_purchase_floors":[],"current_hp_per_floor":[68,68,68,54,54,54,23,45,45,45,45,67,57,55,75,0],"gold":521,"neow_bonus":"THREE_SMALL_POTIONS","is_prod":false,"is_daily":false,"chose_seed":false,"campfire_upgraded":1,"win_rate":0,"timestamp":1536957008,"path_taken":["M","M","M","M","?","R","E","R","T","?","?","R","M","M","R","BOSS"],"build_version":"2018-09-06","purchased_purges":0,"victory":false,"max_hp_per_floor":[75,75,75,75,75,75,75,75,75,75,75,75,75,75,75,75],"card_choices":[{"not_picked":["Hologram","Compile Driver"],"picked":"Cold Snap","floor":1},{"not_picked":["Rip and Tear","Tempest"],"picked":"Sunder","floor":2},{"not_picked":["Coolheaded","Steam Power"],"picked":"Go for the Eyes","floor":3},{"not_picked":["Rainbow","Compile Driver"],"picked":"Capacitor","floor":4},{"not_picked":["FTL","Blizzard"],"picked":"Chill","floor":7},{"not_picked":["Skim","Darkness"],"picked":"Go for the Eyes","floor":8},{"not_picked":["Turbo","Genetic Algorithm"],"picked":"Melter","floor":12},{"not_picked":["Go for the Eyes","Streamline"],"picked":"Sweeping Beam","floor":13},{"not_picked":["Darkness","Steam"],"picked":"Rebound","floor":14},{"not_picked":["Rebound","Compile Driver"],"picked":"Hello World","floor":15}],"player_experience":155828,"relics_obtained":[{"floor":7,"key":"Dream Catcher"},{"floor":9,"key":"Juzu Bracelet"}],"event_choices":[{"event_name":"Golden Shrine","player_choice":"Desecrate","floor":5,"damage_taken":0},{"event_name":"Big Fish","player_choice":"Box","floor":10,"damage_taken":0},{"event_name":"Accursed Blacksmith","player_choice":"Rummage","floor":11,"damage_taken":0}],"is_beta":false,"boss_relics":[],"items_purged_floors":[],"is_endless":false,"potions_floor_spawned":[3,13],"killed_by":"Slime Boss","ascension_level":4}