{"gold_per_floor":[114,114,139,154,169,229,244,259,284,284,59,74,104,119,119,219,219,234,234,249,249,249,279,294,324,324,339,369,369,369,81,81,181,181,196,196,211,111,0,0,20,50,100,100,125,155,170,185,185,185],"floor_reached":51,"playtime":2382,"items_purged":["Regret","Normality"],"score":1100,"play_id":"f88e8312-1388-42a0-991b-3d7b104e987b","local_time":"20190325201135","daily_mods":["Cursed Run","Diverse","Night Terrors"],"is_ascension_mode":false,"campfire_choices":[{"data":"Malaise","floor":10,"key":"SMITH"},{"data":"Self Repair","floor":15,"key":"SMITH"},{"data":"Bash","floor":29,"key":"SMITH"},{"data":"Footwork","floor":32,"key":"SMITH"},{"data":"Seek","floor":40,"key":"SMITH"},{"data":"Adrenaline","floor":44,"key":"SMITH"},{"data":"Backflip","floor":49,"key":"SMITH"}],"neow_cost":"","seed_source_timestamp":0,"circlet_count":0,"master_deck":["Strike_R+1","Strike_R+1","Defend_R+1","Defend_R+1","Defend_R+1","Defend_R+1","Bash+1","Rampage","Clumsy","Pommel Strike","Dagger Spray","Hologram+1","Malaise+1","Self Repair+1","Genetic Algorithm+1","Clumsy","Adrenaline+1","Shrug It Off+1","Blade Dance","Writhe","Backflip","Regret","Cloak And Dagger+1","Seek+1","Clumsy","Footwork+1","Tools of the Trade","Shame","Hologram+1","Battle Trance+1","Blade Dance+1","Parasite","Doubt","Sword Boomerang+1","Backflip+1","Doubt"],"special_seed":17981,"relics":["Cursed Key","Darkstone Periapt","Du-Vu Doll","Oddly Smooth Stone","Tiny Chest","PreservedInsect","Pen Nib","Dream Catcher","Empty Cage","Dodecahedron","Bag of Preparation","Self Forming Clay","Bottled Lightning","Shuriken","Lantern","Blue Candle","Runic Cube","Bag of Marbles","Red Mask","Dead Branch","Ancient Tea Set","War Paint","Strawberry","Happy Flower"],"potions_floor_usage":[16,50],"damage_taken":[{"damage":2,"enemies":"2 Louse","floor":1,"turns":2},{"damage":0,"enemies":"Jaw Worm","floor":4,"turns":2},{"damage":0,"enemies":"Cultist","floor":5,"turns":2},{"damage":18,"enemies":"Lagavulin","floor":6,"turns":5},{"damage":2,"enemies":"Large Slime","floor":7,"turns":3},{"damage":0,"enemies":"2 Fungi Beasts","floor":8,"turns":2},{"damage":1,"enemies":"Blue Slaver","floor":12,"turns":3},{"damage":0,"enemies":"Gremlin Nob","floor":13,"turns":3},{"damage":13,"enemies":"Red Slaver","floor":14,"turns":2},{"damage":1,"enemies":"Hexaghost","floor":16,"turns":10},{"damage":3,"enemies":"Shell Parasite","floor":18,"turns":6},{"damage":8,"enemies":"Spheric Guardian","floor":20,"turns":4},{"damage":0,"enemies":"Gremlin Leader","floor":23,"turns":4},{"damage":2,"enemies":"Snecko","floor":24,"turns":4},{"damage":0,"enemies":"Book of Stabbing","floor":25,"turns":4},{"damage":0,"enemies":"Cultist and Chosen","floor":27,"turns":3},{"damage":3,"enemies":"Gremlin Leader","floor":28,"turns":3},{"damage":11,"enemies":"Champ","floor":33,"turns":9},{"damage":0,"enemies":"3 Shapes","floor":35,"turns":3},{"damage":0,"enemies":"3 Darklings","floor":37,"turns":1},{"damage":14,"enemies":"2 Orb Walkers","floor":41,"turns":5},{"damage":2,"enemies":"Reptomancer","floor":42,"turns":3},{"damage":0,"enemies":"Nemesis","floor":46,"turns":1},{"damage":0,"enemies":"4 Shapes","floor":47,"turns":1},{"damage":0,"enemies":"Jaw Worm Horde","floor":48,"turns":1},{"damage":17,"enemies":"Donu and Deca","floor":50,"turns":6}],"seed_played":"-7145575593227264435","potions_obtained":[{"floor":1,"key":"SkillPotion"},{"floor":5,"key":"Fire Potion"},{"floor":6,"key":"Dexterity Potion"},{"floor":16,"key":"Swift Potion"},{"floor":23,"key":"SteroidPotion"}],"is_trial":false,"path_per_floor":["M","?","T","M","M","E","M","M","T","R","$","M","E","M","R","B",null,"M","?","M","?","?","E","M","E","T","M","E","R","T","$","R","B",null,"M","T","M","$","?","R","?","E","T","R","T","E","M","M","R","B",null],"character_chosen":"IRONCLAD","items_purchased":["Pen Nib","Blue Candle","Footwork"],"campfire_rested":0,"item_purchase_floors":[11,31,31],"current_hp_per_floor":[78,62,68,68,68,50,48,48,54,54,54,60,67,61,61,76,98,98,98,98,104,104,104,104,104,110,110,110,110,116,116,116,121,122,122,128,128,128,128,128,124,128,134,134,147,147,147,147,147,146],"gold":185,"neow_bonus":"","is_prod":false,"is_daily":true,"chose_seed":false,"campfire_upgraded":7,"win_rate":0,"timestamp":1553569895,"path_taken":["M","?","?","M","M","E","M","?","T","R","$","M","E","M","R","BOSS","M","?","?","?","?","E","M","E","T","M","E","R","?","?","R","BOSS","M","?","M","$","?","R","?","E","T","R","?","E","M","M","R","BOSS"],"build_version":"2019-01-23","purchased_purges":2,"victory":true,"max_hp_per_floor":[80,80,86,86,86,86,86,86,92,92,92,92,92,92,92,98,98,98,98,98,104,104,104,104,104,110,110,110,110,116,116,116,122,122,122,128,128,128,128,128,128,128,134,134,147,147,147,147,147,153],"card_choices":[{"not_picked":["Recycle","Compile Driver"],"picked":"Rampage","floor":1},{"not_picked":["Tempest","Anger"],"picked":"Pommel Strike","floor":4},{"not_picked":["Storm","Quick Slash"],"picked":"Dagger Spray","floor":5},{"not_picked":["Sentinel","Wild Strike"],"picked":"Hologram","floor":6},{"not_picked":["Hologram","Clothesline"],"picked":"Malaise","floor":7},{"not_picked":["Noxious Fumes","Flying Knee"],"picked":"Self Repair","floor":8},{"not_picked":["Sever Soul","Rage","Entrench"],"picked":"SKIP","floor":12},{"not_picked":["Reinforced Body","Warcry"],"picked":"Genetic Algorithm","floor":13},{"not_picked":["Reckless Charge","Poisoned Stab","Rampage"],"picked":"SKIP","floor":14},{"not_picked":["Creative AI","Bullet Time"],"picked":"Adrenaline","floor":16},{"not_picked":["Evolve","Blur+1"],"picked":"Shrug It Off+1","floor":18},{"not_picked":["Flying Knee","Bane"],"picked":"Blade Dance","floor":20},{"not_picked":["Go for the Eyes","PiercingWail"],"picked":"Backflip","floor":23},{"not_picked":["Steam+1","Leap","Rampage"],"picked":"SKIP","floor":24},{"not_picked":["Exhume","Underhanded Strike+1","Evolve"],"picked":"SKIP","floor":25},{"not_picked":["Sucker Punch","Doom and Gloom"],"picked":"Cloak And Dagger+1","floor":27},{"not_picked":["Skim","Uppercut"],"picked":"Seek","floor":28},{"not_picked":["Bullet Time","All For One"],"picked":"Tools of the Trade","floor":33},{"not_picked":["Force Field+1","Iron Wave+1","Outmaneuver+1"],"picked":"SKIP","floor":35},{"not_picked":["Perfected Strike","PiercingWail+1"],"picked":"Hologram+1","floor":37},{"not_picked":["Backstab+1","Evolve"],"picked":"Battle Trance+1","floor":41},{"not_picked":["Hemokinesis+1","Auto Shields"],"picked":"Blade Dance+1","floor":42},{"not_picked":["Loop","Leap+1","Blood for Blood"],"picked":"SKIP","floor":46},{"not_picked":["Shrug It Off","Setup"],"picked":"Sword Boomerang+1","floor":47},{"not_picked":["Bane+1","Flame Barrier"],"picked":"Backflip","floor":48}],"player_experience":696469,"relics_obtained":[{"floor":3,"key":"Oddly Smooth Stone"},{"floor":6,"key":"Tiny Chest"},{"floor":9,"key":"PreservedInsect"},{"floor":13,"key":"Dream Catcher"},{"floor":23,"key":"Bag of Preparation"},{"floor":25,"key":"Self Forming Clay"},{"floor":26,"key":"Bottled Lightning"},{"floor":28,"key":"Shuriken"},{"floor":30,"key":"Lantern"},{"floor":36,"key":"Bag of Marbles"},{"floor":41,"key":"Dead Branch"},{"floor":42,"key":"Ancient Tea Set"},{"floor":43,"key":"War Paint"},{"floor":45,"key":"Strawberry"},{"floor":46,"key":"Happy Flower"}],"event_choices":[{"damage_healed":0,"gold_gain":0,"player_choice":"Entered Light","damage_taken":16,"max_hp_gain":0,"max_hp_loss":0,"event_name":"Shining Light","floor":2,"gold_loss":0,"cards_upgraded":["Defend_R","Strike_R"]},{"cards_removed":["Strike_R"],"damage_healed":0,"gold_gain":0,"player_choice":"Offered Basic","damage_taken":0,"max_hp_gain":0,"max_hp_loss":0,"event_name":"Bonfire Elementals","floor":19,"gold_loss":0},{"damage_healed":0,"gold_gain":0,"player_choice":"Opened","damage_taken":0,"relics_obtained":["Dodecahedron"],"max_hp_gain":0,"max_hp_loss":0,"event_name":"The Mausoleum","floor":21,"gold_loss":0,"cards_obtained":["Writhe"]},{"damage_healed":0,"gold_gain":0,"player_choice":"Simplicity","damage_taken":0,"max_hp_gain":0,"max_hp_loss":0,"event_name":"Back to Basics","floor":22,"gold_loss":0,"cards_upgraded":["Strike_R","Defend_R","Defend_R","Defend_R"]},{"damage_healed":0,"gold_gain":0,"player_choice":"Paid","damage_taken":0,"relics_obtained":["Red Mask"],"max_hp_gain":0,"max_hp_loss":0,"event_name":"Tomb of Lord Red Mask","floor":39,"gold_loss":111},{"damage_healed":0,"gold_gain":0,"player_choice":"Fight","damage_taken":0,"max_hp_gain":0,"max_hp_loss":0,"event_name":"Mysterious Sphere","floor":41,"gold_loss":0}],"is_beta":false,"boss_relics":[{"not_picked":["Tiny House","Eternal Feather"],"picked":"Empty Cage"},{"not_picked":["Black Star","White Beast Statue"],"picked":"Runic Cube"}],"items_purged_floors":[11,38],"is_endless":false,"potions_floor_spawned":[1,5,6,16,18,23,24,37,41,46,47],"ascension_level":0}