{"gold_per_floor":[144,94,269,20,65,155,155,200,200,200,380,28,118,208,208,508,508,553,133,133],"floor_reached":20,"playtime":1318,"items_purged":["Doubt","Night Terror","Pain"],"score":263,"play_id":"64f888c8-b31a-4e73-b2cb-eddadc0174cf","local_time":"20190117194839","daily_mods":["Shiny","Flight","Midas"],"is_ascension_mode":false,"campfire_choices":[{"floor":7,"key":"REST"},{"floor":10,"key":"REST"},{"floor":15,"key":"REST"}],"neow_cost":"","seed_source_timestamp":0,"circlet_count":0,"master_deck":["Venomology","Corpse Explosion","Malaise","Phantasmal Killer","Die Die Die","Adrenaline","Envenom","Doppelganger","Burst","Wraith Form v2","Tools of the Trade","Unload","After Image","Bullet Time","Storm of Steel","Glass Knife","A Thousand Cuts","Blur","Cloak And Dagger","Quick Slash","Blade Dance","Terror","Sucker Punch","Quick Slash","A Thousand Cuts","Pain","Doubt","Backflip"],"special_seed":17914,"relics":["Ring of the Snake","Oddly Smooth Stone","Mummified Hand","The Courier","Pear","Thread and Needle","Strawberry","FossilizedHelix","Calling Bell","Omamori","Blue Candle","Torii","Happy Flower","Molten Egg 2"],"potions_floor_usage":[6,6,11,13,14,16,18,18,20,20],"damage_taken":[{"damage":11,"enemies":"Jaw Worm","floor":1,"turns":2},{"damage":0,"enemies":"2 Louse","floor":5,"turns":2},{"damage":27,"enemies":"Gremlin Nob","floor":6,"turns":4},{"damage":0,"enemies":"Cultist","floor":8,"turns":2},{"damage":10,"enemies":"Lagavulin Event","floor":11,"turns":4},{"damage":1,"enemies":"Lagavulin","floor":13,"turns":5},{"damage":0,"enemies":"3 Sentries","floor":14,"turns":6},{"damage":1,"enemies":"Slime Boss","floor":16,"turns":6},{"damage":1,"enemies":"Chosen","floor":18,"turns":4},{"damage":1,"enemies":"3 Byrds","floor":20,"turns":2}],"seed_played":"-3106204693525257562","potions_obtained":[{"floor":6,"key":"FearPotion"},{"floor":8,"key":"Energy Potion"},{"floor":13,"key":"Poison Potion"}],"is_trial":false,"path_per_floor":["M","?","?","$","M","E","R","M","T","R","?","$","E","E","R","B",null,"M","$","M"],"character_chosen":"THE_SILENT","items_purchased":["Cloak And Dagger","Oddly Smooth Stone","Thread and Needle","Terror","Happy Flower","Molten Egg 2"],"campfire_rested":3,"item_purchase_floors":[4,4,12,12,19,19],"current_hp_per_floor":[59,59,59,59,59,32,53,53,53,70,70,70,76,76,87,86,87,86,86,85],"gold":133,"neow_bonus":"","is_prod":false,"is_daily":true,"chose_seed":false,"campfire_upgraded":0,"win_rate":0,"timestamp":1547783319,"path_taken":["M","?","?","?","?","E","R","?","T","R","?","$","E","E","R","BOSS","M","$","M"],"build_version":"2019-01-17","purchased_purges":3,"victory":false,"max_hp_per_floor":[70,70,70,70,70,70,70,70,70,70,80,80,87,87,87,87,87,87,87,87],"card_choices":[{"not_picked":["Backstab","Predator"],"picked":"Blur","floor":1},{"not_picked":["Bane","Reflex","Concentrate"],"picked":"SKIP","floor":5},{"not_picked":["Bouncing Flask","Choke","Footwork"],"picked":"SKIP","floor":6},{"not_picked":["Deflect","Underhanded Strike"],"picked":"Quick Slash","floor":8},{"not_picked":["Masterful Stab","Deflect"],"picked":"Blade Dance","floor":11},{"not_picked":["Underhanded Strike","Deflect"],"picked":"Sucker Punch","floor":13},{"not_picked":["Calculated Gamble","Bane"],"picked":"Quick Slash","floor":14},{"not_picked":["Doppelganger","Phantasmal Killer"],"picked":"A Thousand Cuts","floor":16},{"not_picked":["Setup","Accuracy+1"],"picked":"Backflip","floor":18}],"player_experience":593856,"relics_obtained":[{"floor":6,"key":"Mummified Hand"},{"floor":9,"key":"The Courier"},{"floor":13,"key":"Strawberry"},{"floor":14,"key":"FossilizedHelix"},{"floor":17,"key":"Omamori"},{"floor":17,"key":"Blue Candle"},{"floor":17,"key":"Torii"}],"event_choices":[{"cards_removed":["Grand Finale"],"damage_healed":0,"gold_gain":0,"player_choice":"Card Removal","damage_taken":0,"max_hp_gain":0,"max_hp_loss":0,"event_name":"The Cleric","floor":2,"gold_loss":50},{"damage_healed":0,"gold_gain":175,"player_choice":"AGREE","damage_taken":0,"max_hp_gain":0,"max_hp_loss":0,"event_name":"Liars Game","floor":3,"gold_loss":0,"cards_obtained":["Doubt"]},{"damage_healed":0,"gold_gain":0,"player_choice":"Searched \u00272\u0027 times","damage_taken":0,"relics_obtained":["Pear"],"max_hp_gain":0,"max_hp_loss":0,"event_name":"Dead Adventurer","floor":11,"gold_loss":0}],"is_beta":false,"boss_relics":[{"not_picked":["Orrery","Lizard Tail"],"picked":"Calling Bell"}],"items_purged_floors":[4,12,19],"is_endless":false,"potions_floor_spawned":[6,8,11,13],"killed_by":"3 Byrds","ascension_level":0}