{"gold_per_floor":[215,215,215,71,71,71,103,103,129,146,166,200,125,136,136,237,237,250,250,22,37,37,37,51,51,51,51,79,89,89],"floor_reached":30,"playtime":1625,"items_purged":["Strike_B"],"score":384,"play_id":"b1b2d095-a503-4678-8633-950d11e150c0","local_time":"20180917233726","is_ascension_mode":true,"campfire_choices":[{"floor":6,"key":"REST"},{"data":"Zap","floor":8,"key":"SMITH"},{"data":"White Noise","floor":15,"key":"SMITH"},{"floor":23,"key":"REST"},{"floor":27,"key":"REST"}],"neow_cost":"NONE","seed_source_timestamp":210928243802595,"circlet_count":0,"master_deck":["Strike_B","Strike_B+1","Defend_B","Defend_B","Defend_B","Defend_B","Zap+1","Dualcast+1","AscendersBane","Sunder+1","Defragment","Leap","Leap","Doom and Gloom","Core Surge","White Noise+1","Buffer","Self Repair+1","Defragment","Undo","Reprogram+1","Leap","Conserve Battery+1"],"relics":["Cracked Core","PreservedInsect","Emotion Chip","Strawberry","Bag of Preparation","Nuclear Battery","DataDisk","Nilry\u0027s Codex","Bottled Tornado","Shuriken"],"potions_floor_usage":[7,18,21,21,24],"damage_taken":[{"damage":5,"enemies":"Cultist","floor":1,"turns":4},{"damage":10,"enemies":"3 Sentries","floor":7,"turns":5},{"damage":0,"enemies":"2 Louse","floor":10,"turns":3},{"damage":0,"enemies":"Jaw Worm","floor":11,"turns":2},{"damage":17,"enemies":"Lagavulin","floor":12,"turns":4},{"damage":1,"enemies":"3 Louse","floor":14,"turns":2},{"damage":44,"enemies":"Slime Boss","floor":16,"turns":9},{"damage":30,"enemies":"3 Byrds","floor":18,"turns":5},{"damage":1,"enemies":"2 Thieves","floor":21,"turns":2},{"damage":13,"enemies":"Shelled Parasite and Fungi","floor":24,"turns":5},{"damage":17,"enemies":"Colosseum Slavers","floor":25,"turns":5},{"damage":35,"enemies":"Gremlin Leader","floor":28,"turns":4},{"damage":8,"enemies":"Snake Plant","floor":29,"turns":3},{"damage":24,"enemies":"Centurion and Healer","floor":30,"turns":6}],"seed_played":"2729872875267094961","potions_obtained":[{"floor":1,"key":"Regen Potion"},{"floor":11,"key":"FearPotion"},{"floor":12,"key":"Energy Potion"},{"floor":16,"key":"PowerPotion"},{"floor":18,"key":"Explosive Potion"}],"is_trial":false,"path_per_floor":["M","?","?","$","?","R","E","R","T","M","M","E","$","M","R","B",null,"M","?","$","M","?","R","M","?","T","R","E","M"],"character_chosen":"DEFECT","items_purchased":["PreservedInsect","DataDisk","Defragment"],"campfire_rested":3,"item_purchase_floors":[4,20,20],"current_hp_per_floor":[63,63,48,48,48,70,70,70,77,77,77,60,60,59,59,15,65,35,19,19,18,2,28,25,18,18,44,19,21,0],"gold":89,"neow_bonus":"HUNDRED_GOLD","is_prod":false,"is_daily":false,"chose_seed":false,"campfire_upgraded":2,"win_rate":0,"timestamp":1537220246,"path_taken":["M","?","?","$","?","R","E","R","T","M","M","E","$","M","R","BOSS","M","?","$","?","?","R","M","?","T","R","E","M","M"],"build_version":"2018-09-06","purchased_purges":1,"victory":false,"max_hp_per_floor":[75,75,75,75,75,75,75,75,82,82,82,82,82,82,82,82,82,82,87,87,87,87,87,87,87,87,87,87,87,87],"card_choices":[{"not_picked":["Consume","Steam"],"picked":"Sunder","floor":1},{"not_picked":["Turbo","Aggregate"],"picked":"Leap","floor":7},{"not_picked":["Recycle","Rip and Tear"],"picked":"Leap","floor":10},{"not_picked":["Sweeping Beam","Lockon"],"picked":"Doom and Gloom","floor":11},{"not_picked":["Gash","Hologram"],"picked":"Core Surge","floor":12},{"not_picked":["Gash","Compile Driver"],"picked":"White Noise","floor":14},{"not_picked":["Core Surge","Meteor Strike"],"picked":"Buffer","floor":16},{"not_picked":["Ball Lightning","Hologram"],"picked":"Self Repair+1","floor":18},{"not_picked":["Go for the Eyes","Steam"],"picked":"Undo","floor":21},{"not_picked":["Recycle","Consume"],"picked":"Reprogram+1","floor":24},{"not_picked":["Chill+1","Melter+1"],"picked":"Leap","floor":28},{"not_picked":["Coolheaded","Hologram"],"picked":"Conserve Battery+1","floor":29}],"player_experience":311729,"relics_obtained":[{"floor":7,"key":"Emotion Chip"},{"floor":9,"key":"Strawberry"},{"floor":12,"key":"Bag of Preparation"},{"floor":22,"key":"Nilry\u0027s Codex"},{"floor":26,"key":"Bottled Tornado"},{"floor":28,"key":"Shuriken"}],"event_choices":[{"event_name":"Transmorgrifier","player_choice":"Transform","floor":2,"damage_taken":0},{"event_name":"Shining Light","player_choice":"Entered Light","floor":3,"damage_taken":0},{"event_name":"Living Wall","player_choice":"Grow","floor":5,"damage_taken":0},{"event_name":"Forgotten Altar","player_choice":"Shed Blood","floor":19,"damage_taken":0},{"event_name":"Cursed Tome","player_choice":"Obtained Book","floor":22,"damage_taken":0},{"event_name":"Colosseum","player_choice":"Fight","floor":25,"damage_taken":0},{"event_name":"Colosseum","player_choice":"Fled From Nobs","floor":25,"damage_taken":0}],"is_beta":false,"boss_relics":[{"not_picked":["Eternal Feather","Snecko Eye"],"picked":"Nuclear Battery"}],"items_purged_floors":[13],"is_endless":false,"potions_floor_spawned":[1,11,12,16,18],"killed_by":"Centurion and Healer","ascension_level":10}