{"path_per_floor":["M","?","M","M","M","E","?","R","T","?","?","M","M","M","R","B",null,"M","?","?","T","M","R","E","$","T","M","R","T","M","$","R","B",null,"M","M","T","?","M","R","E","M","T","R","$","M","M","?","R","B"],"character_chosen":"THE_SILENT","items_purchased":["Bouncing Flask","Bandage Up"],"gold_per_floor":[19,19,29,40,59,123,123,123,123,123,93,107,125,136,136,235,235,247,247,247,247,257,257,287,134,134,144,144,144,157,66,66,165,165,178,198,225,225,243,243,272,289,289,289,189,201,217,217,217,217],"floor_reached":51,"campfire_rested":4,"playtime":6887,"current_hp_per_floor":[83,83,71,71,60,30,30,55,69,69,69,67,67,67,67,41,98,85,76,76,76,70,70,10,10,10,2,32,32,26,26,56,17,103,98,98,98,98,71,71,29,17,17,47,47,44,48,93,93,76],"items_purged":["Strike_G","Strike_G"],"gold":217,"play_id":"a6e5e185-d1eb-4905-91e7-5a084839ef04","is_prod":false,"is_daily":false,"campfire_rituals":0,"campfire_upgraded":4,"is_hardmode":false,"path_taken":["M","?","M","M","M","E","?","R","T","?","?","M","M","M","R","BOSS","M","?","?","?","?","R","E","$","T","?","R","?","M","$","R","BOSS","M","M","?","?","M","R","E","M","T","R","$","?","M","?","R","BOSS"],"build_version":"2018-01-04-PROD1","purchased_purges":2,"victory":true,"master_deck":["Defend_G","Defend_G","Defend_G","Defend_G","Defend_G","Strike_G","Survivor","Neutralize","Flying Knee","Bane","Poisoned Stab","Backflip","Riddle With Holes","PiercingWail","Prepared","Crippling Poison","Bullet Time","After Image","Acrobatics","Footwork","Deadly Poison","Footwork","Bouncing Flask","Deadly Poison","Quick Slash","Bandage Up","Corpse Explosion","Noxious Fumes","Sucker Punch","Calculated Gamble","Prepared","Dodge and Roll","Catalyst","Deflect"],"max_hp_per_floor":[84,84,84,84,84,84,84,84,98,98,98,98,98,98,98,98,98,98,103,103,103,103,103,103,103,103,103,103,103,103,103,103,103,103,103,103,103,103,103,103,103,103,103,103,103,103,103,93,93,93],"relics":["Ring of the Snake","Tiny Chest","Mango","The Specimen","Darkstone Periapt","Toolbox","Girya","Bronze Scales","Question Card","Bag of Marbles","Anchor","Gambling Chip"],"campfire_meditates":0,"card_choices":[{"not_picked":["Backflip","Underhanded Strike"],"picked":"Flying Knee"},{"not_picked":["Backflip","Skewer"],"picked":"Poisoned Stab"},{"not_picked":["Leg Sweep","Deflect"],"picked":"Backflip"},{"not_picked":["Underhanded Strike","Eviscerate"],"picked":"Riddle With Holes"},{"not_picked":["Glass Knife","Underhanded Strike"],"picked":"PiercingWail"},{"not_picked":["Acrobatics","Slice"],"picked":"Prepared"},{"not_picked":["Bane","Dagger Throw"],"picked":"Crippling Poison"},{"not_picked":["Deflect","Outmaneuver"],"picked":"Bullet Time"},{"not_picked":["Doppelganger","Venomology"],"picked":"After Image"},{"not_picked":["Outmaneuver","Dagger Throw"],"picked":"Acrobatics"},{"not_picked":["Dagger Spray","Eviscerate"],"picked":"Deadly Poison"},{"not_picked":["Night Terror","Dagger Spray"],"picked":"Footwork"},{"not_picked":["Skewer","Distraction"],"picked":"Deadly Poison"},{"not_picked":["Sucker Punch","Flying Knee"],"picked":"Quick Slash"},{"not_picked":["Venomology","Unload"],"picked":"Corpse Explosion"},{"not_picked":["Bane","Acrobatics","Backstab"],"picked":"Noxious Fumes"},{"not_picked":["Caltrops","Deflect","Finisher"],"picked":"Sucker Punch"},{"not_picked":["Sucker Punch","Malaise","Deflect"],"picked":"Calculated Gamble"},{"not_picked":["Bane","All Out Attack","Deadly Poison"],"picked":"Prepared"},{"not_picked":["Deflect","Calculated Gamble","Terror"],"picked":"Dodge and Roll"},{"not_picked":["Leg Sweep","Adrenaline","Sucker Punch"],"picked":"Catalyst"},{"not_picked":["Dagger Throw","Skewer","Slice"],"picked":"Deflect"}],"player_experience":57407,"potions_floor_usage":[16,24,24,33,46,50,50],"damage_taken":[{"damage":1,"enemies":"2 Louse","floor":1,"turns":3},{"damage":12,"enemies":"Blue Slaver","floor":3,"turns":4},{"damage":0,"enemies":"Small Slimes","floor":4,"turns":3},{"damage":11,"enemies":"Exordium Thugs","floor":5,"turns":5},{"damage":30,"enemies":"3 Sentries","floor":6,"turns":7},{"damage":2,"enemies":"Large Slime","floor":12,"turns":7},{"damage":0,"enemies":"2 Fungi Beasts","floor":13,"turns":4},{"damage":0,"enemies":"Lots of Slimes","floor":14,"turns":6},{"damage":26,"enemies":"Hexaghost","floor":16,"turns":11},{"damage":13,"enemies":"Shell Parasite","floor":18,"turns":8},{"damage":6,"enemies":"3 Byrds","floor":22,"turns":9},{"damage":60,"enemies":"Gremlin Leader","floor":24,"turns":11},{"damage":8,"enemies":"Snecko","floor":27,"turns":5},{"damage":6,"enemies":"Centurion and Healer","floor":30,"turns":8},{"damage":43,"enemies":"Automaton","floor":33,"turns":12},{"damage":5,"enemies":"3 Shapes","floor":35,"turns":6},{"damage":4,"enemies":"Orb Walker","floor":36,"turns":4},{"damage":31,"enemies":"4 Shapes","floor":39,"turns":6},{"damage":46,"enemies":"Nemesis","floor":41,"turns":10},{"damage":16,"enemies":"3 Darklings","floor":42,"turns":5},{"damage":7,"enemies":"Sphere and 2 Shapes","floor":46,"turns":5},{"damage":0,"enemies":"4 Shapes","floor":47,"turns":5},{"damage":36,"enemies":"Donu and Deca","floor":50,"turns":9}],"event_choices":[{"event_name":"Match and Keep!","player_choice":"1 cards matched","floor":2,"damage_taken":0},{"event_name":"Purifier","player_choice":"One Purge","floor":7,"damage_taken":0},{"event_name":"Liars Game","player_choice":"disagreed","floor":10,"damage_taken":0},{"event_name":"The Woman in Blue","player_choice":"Bought 2 Potions","floor":11,"damage_taken":0},{"event_name":"Forgotten Altar","player_choice":"Shed Blood","floor":19,"damage_taken":0},{"event_name":"Transmorgrifier","player_choice":"Transform","floor":20,"damage_taken":0},{"event_name":"Accursed Blacksmith","player_choice":"Forge","floor":38,"damage_taken":0},{"event_name":"The Moai Head","player_choice":"Heal","floor":48,"damage_taken":0}],"boss_relics":[{"not_picked":["Snecko Eye","White Beast Statue"],"picked":"The Specimen"},{"not_picked":["Astrolabe","Lizard Tail"],"picked":"Question Card"}],"potions_floor_spawned":[5,12,14,16,22,33,39,42,46],"seed_played":"-524794865470930210","is_trial":false}