{"gold_per_floor":[111,111,91,91,111,111,142,142,188,188,15,28,28,46,46,121,121,133,133,58,68,68,68,68,86,86,102,152,152,172,172,172,172],"floor_reached":33,"playtime":1372,"items_purged":["Writhe"],"score":562,"play_id":"59422d26-9b51-46c4-bc36-f369a842c9ce","local_time":"20180925171417","is_ascension_mode":true,"campfire_choices":[{"data":"Sunder","floor":6,"key":"SMITH"},{"data":"Zap","floor":8,"key":"SMITH"},{"data":"Dualcast","floor":10,"key":"SMITH"},{"data":"Leap","floor":13,"key":"SMITH"},{"floor":15,"key":"REST"},{"data":"Buffer","floor":23,"key":"SMITH"},{"floor":32,"key":"REST"}],"neow_cost":"NONE","seed_source_timestamp":879403407198194,"circlet_count":0,"master_deck":["Strike_B","Strike_B","Strike_B","Defend_B","Defend_B","Defend_B","Defend_B","Zap+1","Dualcast+1","AscendersBane","Static Discharge+1","Sunder+1","Ball Lightning","Leap+1","Leap","Buffer+1","Defragment+1","Lockon","Leap","BootSequence","Reinforced Body"],"relics":["Cracked Core","NeowsBlessing","Turnip","Bag of Marbles","Oddly Smooth Stone","Sozu","Mummified Hand","Symbiotic Virus"],"potions_floor_usage":[14,24],"damage_taken":[{"damage":0,"enemies":"Small Slimes","floor":1,"turns":1},{"damage":0,"enemies":"Cultist","floor":5,"turns":1},{"damage":0,"enemies":"Lagavulin","floor":7,"turns":1},{"damage":6,"enemies":"Jaw Worm","floor":12,"turns":2},{"damage":18,"enemies":"Exordium Thugs","floor":14,"turns":2},{"damage":22,"enemies":"Slime Boss","floor":16,"turns":8},{"damage":0,"enemies":"Chosen","floor":18,"turns":3},{"damage":6,"enemies":"Shell Parasite","floor":21,"turns":4},{"damage":0,"enemies":"Slavers","floor":24,"turns":1},{"damage":10,"enemies":"Snake Plant","floor":25,"turns":3},{"damage":19,"enemies":"Centurion and Healer","floor":27,"turns":4},{"damage":12,"enemies":"3 Cultists","floor":30,"turns":4},{"damage":66,"enemies":"Automaton","floor":33,"turns":14}],"seed_played":"-2913877597324887029","potions_obtained":[{"floor":1,"key":"Regen Potion"},{"floor":3,"key":"SmokeBomb"}],"is_trial":false,"path_per_floor":["M","?","?","?","M","R","E","R","T","R","$","M","R","M","R","B",null,"M","?","$","M","?","R","E","M","T","M","?","?","M","?","R"],"character_chosen":"DEFECT","items_purchased":["Oddly Smooth Stone"],"campfire_rested":2,"item_purchase_floors":[11],"current_hp_per_floor":[64,64,64,64,64,64,64,64,64,64,64,58,58,49,70,48,65,65,65,65,59,59,59,59,49,49,30,30,44,32,32,53,0],"gold":172,"neow_bonus":"THREE_ENEMY_KILL","is_prod":false,"is_daily":false,"chose_seed":false,"campfire_upgraded":5,"win_rate":0,"timestamp":1537888457,"path_taken":["M","?","?","?","M","R","E","R","T","R","$","M","R","M","R","BOSS","M","?","$","M","?","R","E","M","T","M","?","?","?","?","R","BOSS"],"build_version":"2018-09-20","purchased_purges":1,"victory":false,"max_hp_per_floor":[71,71,71,71,71,71,71,71,71,71,71,71,71,71,71,71,71,71,71,71,71,71,71,71,71,71,71,71,71,71,71,71,71],"card_choices":[{"not_picked":["Beam Cell","Darkness"],"picked":"Static Discharge","floor":1},{"not_picked":["Go for the Eyes","Conserve Battery"],"picked":"Sunder","floor":5},{"not_picked":["Hologram","Beam Cell"],"picked":"Ball Lightning","floor":7},{"not_picked":["Compile Driver","Beam Cell"],"picked":"Leap","floor":12},{"not_picked":["Sweeping Beam","Stack"],"picked":"Leap","floor":14},{"not_picked":["Echo Form","Fission"],"picked":"Buffer","floor":16},{"not_picked":["Leap","Hologram"],"picked":"Defragment+1","floor":18},{"not_picked":["Sweeping Beam","Steam"],"picked":"Lockon","floor":21},{"not_picked":["Turbo","Sweeping Beam"],"picked":"Leap","floor":25},{"not_picked":["Rip and Tear","Auto Shields"],"picked":"BootSequence","floor":27},{"not_picked":["Steam","Blizzard"],"picked":"Reinforced Body","floor":30}],"player_experience":683230,"relics_obtained":[{"floor":7,"key":"Turnip"},{"floor":9,"key":"Bag of Marbles"},{"floor":26,"key":"Symbiotic Virus"}],"event_choices":[{"event_name":"Living Wall","player_choice":"Grow","floor":2,"damage_taken":0},{"event_name":"The Woman in Blue","player_choice":"Bought 1 Potion","floor":3,"damage_taken":0},{"event_name":"Liars Game","player_choice":"disagreed","floor":4,"damage_taken":0},{"event_name":"The Mausoleum","player_choice":"Yes","floor":19,"damage_taken":0},{"event_name":"Purifier","player_choice":"One Purge","floor":22,"damage_taken":0},{"event_name":"Nest","player_choice":"Stole From Cult","floor":28,"damage_taken":0},{"event_name":"The Library","player_choice":"Heal","floor":29,"damage_taken":0},{"event_name":"Cursed Tome","player_choice":"Ignored","floor":31,"damage_taken":0}],"is_beta":false,"boss_relics":[{"not_picked":["Lizard Tail","Pandora\u0027s Box"],"picked":"Sozu"}],"items_purged_floors":[20],"is_endless":false,"potions_floor_spawned":[1,12,21,24],"killed_by":"Automaton","ascension_level":19}