{"gold_per_floor":[144,144,193,242,29,127,176,225,225,274,549,647,696,696,696,1021,1021,1070,1070,1070,1119,1119,1119,467,474,474,572,621,238,287,287,287,612,612,661,710,260,309,358,407,505,505,505,161,161,210,259,357,357,357],"floor_reached":51,"playtime":2049,"items_purged":[],"score":866,"play_id":"c0115f68-8613-400a-b872-023541f8bfd2","local_time":"20180922220353","daily_mods":["Specialized","Midas","Night Terrors"],"is_ascension_mode":false,"campfire_choices":[{"floor":15,"key":"REST"},{"floor":23,"key":"REST"},{"data":"1","floor":32,"key":"LIFT"},{"data":"2","floor":42,"key":"LIFT"},{"data":"3","floor":45,"key":"LIFT"},{"floor":49,"key":"REST"}],"neow_cost":"","seed_source_timestamp":0,"circlet_count":0,"master_deck":["Defend_R","Defend_R","Defend_R","Defend_R","Bash","Fiend Fire","Fiend Fire","Fiend Fire","Fiend Fire","Fiend Fire","Shrug It Off","Injury","Shrug It Off","Flex","Flex","Twin Strike","Battle Trance","Anger","Anger","Flex","Armaments+1","Feed","Iron Wave+1","Bite","Bite","Bite","Bite","Bite","Whirlwind","Panacea","Dropkick+1","Flame Barrier+1","Double Tap+1","Inflame","Thunderclap","Feed","Pommel Strike","Headbutt+1","Metallicize+1","Pommel Strike+1","Sword Boomerang","Panacea+1","Uppercut","Inflame+1","Sword Boomerang+1"],"special_seed":17797,"relics":["Burning Blood","Golden Idol","Tiny Chest","Du-Vu Doll","Omamori","Pantograph","Fusion Hammer","MutagenicStrength","Mercury Hourglass","Pear","Nunchaku","Red Mask","Toxic Egg 2","Girya","Pen Nib","Gremlin Horn","Mark of Pain","Paper Frog","Chemical X","Bronze Scales","Champion Belt","Kunai","Bottled Lightning"],"potions_floor_usage":[12,12,13,27,33,33,50,50],"damage_taken":[{"damage":6,"enemies":"Jaw Worm","floor":1,"turns":2},{"damage":2,"enemies":"Small Slimes","floor":3,"turns":4},{"damage":0,"enemies":"Cultist","floor":4,"turns":2},{"damage":22,"enemies":"Gremlin Nob","floor":6,"turns":4},{"damage":2,"enemies":"Looter","floor":7,"turns":2},{"damage":13,"enemies":"Lots of Slimes","floor":8,"turns":4},{"damage":24,"enemies":"Gremlin Gang","floor":10,"turns":5},{"damage":1,"enemies":"Lagavulin","floor":12,"turns":3},{"damage":25,"enemies":"Large Slime","floor":13,"turns":4},{"damage":30,"enemies":"Slime Boss","floor":16,"turns":8},{"damage":13,"enemies":"Spheric Guardian","floor":18,"turns":4},{"damage":8,"enemies":"2 Thieves","floor":21,"turns":3},{"damage":12,"enemies":"Masked Bandits","floor":25,"turns":4},{"damage":22,"enemies":"Slavers","floor":27,"turns":3},{"damage":12,"enemies":"Shelled Parasite and Fungi","floor":28,"turns":4},{"damage":0,"enemies":"3 Cultists","floor":30,"turns":4},{"damage":57,"enemies":"Collector","floor":33,"turns":8},{"damage":11,"enemies":"3 Shapes","floor":35,"turns":3},{"damage":0,"enemies":"Orb Walker","floor":36,"turns":2},{"damage":5,"enemies":"Maw","floor":38,"turns":4},{"damage":24,"enemies":"Spire Growth","floor":39,"turns":4},{"damage":3,"enemies":"4 Shapes","floor":40,"turns":1},{"damage":9,"enemies":"2 Orb Walkers","floor":41,"turns":3},{"damage":19,"enemies":"Sphere and 2 Shapes","floor":46,"turns":1},{"damage":3,"enemies":"Maw","floor":47,"turns":5},{"damage":5,"enemies":"Giant Head","floor":48,"turns":5},{"damage":6,"enemies":"Awakened One","floor":50,"turns":3}],"seed_played":"-3341318107676815907","potions_obtained":[{"floor":1,"key":"SpeedPotion"},{"floor":6,"key":"EssenceOfSteel"},{"floor":10,"key":"SkillPotion"},{"floor":12,"key":"PowerPotion"},{"floor":25,"key":"PowerPotion"},{"floor":27,"key":"EssenceOfSteel"},{"floor":30,"key":"EssenceOfSteel"},{"floor":35,"key":"Regen Potion"},{"floor":36,"key":"Strength Potion"},{"floor":47,"key":"FearPotion"}],"is_trial":false,"path_per_floor":["M","?","M","M","$","E","M","M","T","M","?","E","M","?","R","B",null,"M","?","?","M","T","R","$","?","T","E","M","$","M","?","R","B",null,"M","M","$","M","M","M","E","R","T","$","R","M","M","E","R","B"],"character_chosen":"IRONCLAD","items_purchased":["Tiny Chest","Flex","Twin Strike","Pear","Nunchaku","Panacea","Pen Nib","Double Tap+1","Inflame","Paper Frog","Chemical X","Kunai","Panacea+1"],"campfire_rested":3,"item_purchase_floors":[5,5,5,24,24,24,29,29,29,37,37,44,44],"current_hp_per_floor":[80,80,80,80,80,64,68,61,61,43,43,48,29,29,75,51,75,68,52,52,52,52,47,57,53,53,44,49,49,59,59,59,28,63,58,63,63,63,52,59,58,58,58,58,58,45,52,64,62,62],"gold":357,"neow_bonus":"","is_prod":false,"is_daily":true,"chose_seed":false,"campfire_upgraded":0,"win_rate":0,"timestamp":1537679033,"path_taken":["M","?","M","M","$","E","M","?","T","M","?","E","?","?","R","BOSS","M","?","?","M","?","R","$","?","T","E","?","$","M","?","R","BOSS","M","M","$","M","M","M","E","R","T","$","R","M","M","E","R","BOSS"],"build_version":"2018-09-20","purchased_purges":0,"victory":true,"max_hp_per_floor":[80,80,80,80,80,80,80,80,80,80,80,80,80,80,75,75,75,75,52,52,52,52,47,57,57,57,60,63,63,63,63,63,63,63,63,63,63,63,63,63,63,63,63,63,63,63,63,67,62,62],"card_choices":[{"not_picked":["Perfected Strike","Body Slam"],"picked":"Shrug It Off","floor":1},{"not_picked":["Bloodletting","Anger"],"picked":"Shrug It Off","floor":3},{"not_picked":["Uppercut","Evolve"],"picked":"Flex","floor":4},{"not_picked":["Warcry","Havoc"],"picked":"Battle Trance","floor":6},{"not_picked":["Havoc","Second Wind"],"picked":"Anger","floor":7},{"not_picked":["Shockwave","Twin Strike"],"picked":"Anger","floor":8},{"not_picked":["Infernal Blade","Blood for Blood","Wild Strike"],"picked":"SKIP","floor":10},{"not_picked":["Warcry","Carnage"],"picked":"Flex","floor":12},{"not_picked":["Searing Blow","Headbutt"],"picked":"Armaments","floor":13},{"not_picked":["Exhume","Demon Form"],"picked":"Feed","floor":16},{"not_picked":["Rupture","Second Wind"],"picked":"Iron Wave+1","floor":18},{"not_picked":["Armaments","Bloodletting"],"picked":"Whirlwind","floor":21},{"not_picked":["Shrug It Off+1","Shockwave"],"picked":"Dropkick+1","floor":25},{"not_picked":["True Grit+1","Second Wind+1","Perfected Strike"],"picked":"SKIP","floor":27},{"not_picked":["Clash","Havoc+1"],"picked":"Flame Barrier+1","floor":28},{"not_picked":["Iron Wave","Metallicize"],"picked":"Thunderclap","floor":30},{"not_picked":["Dark Embrace","Berserk"],"picked":"Feed","floor":33},{"not_picked":["Heavy Blade","Cleave"],"picked":"Pommel Strike","floor":35},{"not_picked":["Carnage+1","Disarm+1"],"picked":"Headbutt+1","floor":36},{"not_picked":["Thunderclap+1","Warcry+1"],"picked":"Metallicize+1","floor":38},{"not_picked":["Body Slam","Hemokinesis+1"],"picked":"Pommel Strike+1","floor":39},{"not_picked":["Warcry+1","Sever Soul+1"],"picked":"Sword Boomerang","floor":40},{"not_picked":["Exhume+1","Fire Breathing+1","Fiend Fire"],"picked":"SKIP","floor":41},{"not_picked":["Thunderclap+1","Pommel Strike+1"],"picked":"Uppercut","floor":46},{"not_picked":["Clothesline","Body Slam"],"picked":"Inflame+1","floor":47},{"not_picked":["True Grit+1","Havoc+1"],"picked":"Sword Boomerang+1","floor":48}],"player_experience":478162,"relics_obtained":[{"floor":6,"key":"Du-Vu Doll"},{"floor":9,"key":"Omamori"},{"floor":12,"key":"Pantograph"},{"floor":22,"key":"Mercury Hourglass"},{"floor":25,"key":"Red Mask"},{"floor":26,"key":"Toxic Egg 2"},{"floor":27,"key":"Girya"},{"floor":41,"key":"Bronze Scales"},{"floor":43,"key":"Champion Belt"},{"floor":48,"key":"Bottled Lightning"}],"event_choices":[{"event_name":"Golden Idol","player_choice":"Take Wound","floor":2,"damage_taken":0},{"event_name":"Golden Shrine","player_choice":"Desecrate","floor":11,"damage_taken":0},{"event_name":"Upgrade Shrine","player_choice":"Upgraded","floor":14,"damage_taken":0},{"event_name":"Vampires","player_choice":"Became a vampire","floor":19,"damage_taken":0},{"event_name":"Drug Dealer","player_choice":"Inject Mutagens","floor":20,"damage_taken":0},{"event_name":"Masked Bandits","player_choice":"Fought Bandits","floor":25,"damage_taken":0},{"event_name":"The Mausoleum","player_choice":"Yes","floor":31,"damage_taken":0}],"is_beta":false,"boss_relics":[{"not_picked":["Runic Dome","Philosopher\u0027s Stone"],"picked":"Fusion Hammer"},{"not_picked":["Coffee Dripper","White Beast Statue"],"picked":"Mark of Pain"}],"items_purged_floors":[],"is_endless":false,"potions_floor_spawned":[1,6,10,12,25,27,30,35,36,40,47],"ascension_level":0}