{"gold_per_floor":[113,129,145,145,157,157,185,185,185,42,42,42,61,79,79,181,181,199,0,17,17,27,27,126,161,161,161,76,76,76,76,76,181,181,193,193,210,210,510,539,556,556],"floor_reached":42,"playtime":1736,"items_purged":["Strike_B"],"score":713,"play_id":"d1cdc7bd-8b92-4463-b01c-7b1477c28e0d","local_time":"20190127125142","is_ascension_mode":true,"campfire_choices":[{"floor":6,"key":"REST"},{"floor":15,"key":"REST"},{"floor":23,"key":"REST"},{"floor":27,"key":"REST"},{"floor":32,"key":"REST"}],"neow_cost":"NONE","seed_source_timestamp":766958968438602,"circlet_count":0,"master_deck":["AscendersBane","Strike_B","Defend_B+1","Defend_B","Defend_B","Defend_B","Zap+1","Dualcast","Streamline","Go for the Eyes","Melter","Core Surge","All For One","Zap","Hologram","Hologram","Beam Cell+1","Self Repair","Clumsy","All For One","FTL+1"],"relics":["Cracked Core","Bag of Marbles","Ornamental Fan","Happy Flower","Cursed Key","Lantern","Kunai","Regal Pillow","MutagenicStrength","Empty Cage","Blue Candle"],"potions_floor_usage":[13,16,16,33,33,41,42],"damage_taken":[{"damage":1,"enemies":"Cultist","floor":1,"turns":3},{"damage":5,"enemies":"2 Louse","floor":2,"turns":2},{"damage":2,"enemies":"Jaw Worm","floor":3,"turns":3},{"damage":12,"enemies":"Large Slime","floor":5,"turns":5},{"damage":39,"enemies":"3 Sentries","floor":7,"turns":7},{"damage":0,"enemies":"Lots of Slimes","floor":13,"turns":3},{"damage":1,"enemies":"3 Louse","floor":14,"turns":3},{"damage":33,"enemies":"The Guardian","floor":16,"turns":9},{"damage":14,"enemies":"3 Byrds","floor":18,"turns":5},{"damage":4,"enemies":"Chosen","floor":20,"turns":4},{"damage":9,"enemies":"Snecko","floor":22,"turns":4},{"damage":38,"enemies":"Gremlin Leader","floor":25,"turns":7},{"damage":64,"enemies":"Automaton","floor":33,"turns":7},{"damage":6,"enemies":"3 Shapes","floor":35,"turns":4},{"damage":3,"enemies":"Orb Walker","floor":37,"turns":2},{"damage":17,"enemies":"Nemesis","floor":40,"turns":5},{"damage":35,"enemies":"Jaw Worm Horde","floor":41,"turns":4},{"damage":28,"enemies":"Reptomancer","floor":42,"turns":5}],"seed_played":"-8236379023164108441","potions_obtained":[{"floor":2,"key":"Poison Potion"},{"floor":13,"key":"Fire Potion"},{"floor":14,"key":"Poison Potion"},{"floor":20,"key":"Poison Potion"},{"floor":25,"key":"AttackPotion"},{"floor":33,"key":"SpeedPotion"},{"floor":37,"key":"Fire Potion"},{"floor":40,"key":"EssenceOfSteel"}],"is_trial":false,"path_per_floor":["M","M","M","?","M","R","E","?","T","$","?","$","M","M","R","B",null,"M","?","M","?","M","R","?","E","T","R","?","$","?","$","R","B",null,"M","?","M","?","?","E","M","E"],"character_chosen":"DEFECT","items_purchased":["All For One"],"campfire_rested":5,"item_purchase_floors":[10],"current_hp_per_floor":[67,62,60,45,33,55,16,16,16,16,16,16,16,15,37,4,57,43,43,39,39,30,52,52,14,14,36,36,36,36,36,73,16,60,61,61,58,58,58,48,20,0],"gold":556,"neow_bonus":"REMOVE_CARD","is_prod":false,"is_daily":false,"chose_seed":false,"campfire_upgraded":0,"win_rate":0,"timestamp":1548622302,"path_taken":["M","?","M","?","M","R","E","?","T","?","?","$","?","M","R","BOSS","M","?","M","?","M","R","?","E","T","R","?","$","?","?","R","BOSS","M","?","M","?","?","E","?","E"],"build_version":"2019-01-23","purchased_purges":1,"victory":false,"max_hp_per_floor":[75,75,75,75,75,75,75,75,75,75,75,75,75,75,75,75,75,75,75,75,75,75,75,75,75,75,75,75,75,75,75,75,75,75,75,75,75,75,75,75,75,75],"card_choices":[{"not_picked":["Steam","Hello World"],"picked":"Streamline","floor":1},{"not_picked":["Rebound","Conserve Battery"],"picked":"Go for the Eyes","floor":2},{"not_picked":["Compile Driver","Steam Power","Coolheaded"],"picked":"SKIP","floor":3},{"not_picked":["Coolheaded","Lockon"],"picked":"Melter","floor":5},{"not_picked":["Steam Power","Capacitor"],"picked":"Core Surge","floor":7},{"not_picked":["Doom and Gloom","Heatsinks","Cold Snap"],"picked":"SKIP","floor":13},{"not_picked":["Loop","Cold Snap"],"picked":"Hologram","floor":14},{"not_picked":["White Noise+1","Cold Snap"],"picked":"Beam Cell+1","floor":18},{"not_picked":["Leap","Lockon+1"],"picked":"Hologram","floor":20},{"not_picked":["Coolheaded","Go for the Eyes"],"picked":"Beam Cell+1","floor":22},{"not_picked":["Turbo","Steam Power"],"picked":"Self Repair","floor":25},{"not_picked":["Reboot","Electrodynamics"],"picked":"All For One","floor":33},{"not_picked":["Stack+1","Conserve Battery","Sweeping Beam"],"picked":"SKIP","floor":35},{"not_picked":["Conserve Battery","Cold Snap","Go for the Eyes"],"picked":"SKIP","floor":37},{"not_picked":["Double Energy+1","Beam Cell+1","Conserve Battery+1"],"picked":"SKIP","floor":40},{"not_picked":["Static Discharge","Chaos+1"],"picked":"FTL+1","floor":41}],"player_experience":613348,"relics_obtained":[{"floor":7,"key":"Bag of Marbles"},{"floor":9,"key":"Happy Flower"},{"floor":25,"key":"Lantern"},{"floor":26,"key":"Kunai"},{"floor":40,"key":"Blue Candle"}],"event_choices":[{"damage_healed":0,"gold_gain":0,"player_choice":"Entered Light","damage_taken":15,"max_hp_gain":0,"max_hp_loss":0,"event_name":"Shining Light","floor":4,"gold_loss":0,"cards_upgraded":["Zap","Defend_B"]},{"damage_healed":0,"gold_gain":0,"player_choice":"Searched \u00271\u0027 times","damage_taken":0,"relics_obtained":["Ornamental Fan"],"max_hp_gain":0,"max_hp_loss":0,"event_name":"Dead Adventurer","floor":8,"gold_loss":0},{"damage_healed":0,"gold_gain":0,"player_choice":"2 cards matched","damage_taken":0,"max_hp_gain":0,"max_hp_loss":0,"event_name":"Match and Keep!","floor":11,"gold_loss":0,"cards_obtained":["Forethought","Zap"]},{"damage_healed":0,"gold_gain":0,"player_choice":"Paid Fearfully","damage_taken":0,"max_hp_gain":0,"max_hp_loss":0,"event_name":"Masked Bandits","floor":19,"gold_loss":199},{"damage_healed":0,"gold_gain":0,"player_choice":"Ignored","damage_taken":0,"max_hp_gain":0,"max_hp_loss":0,"event_name":"Beggar","floor":21,"gold_loss":0},{"damage_healed":0,"gold_gain":99,"player_choice":"Stole From Cult","damage_taken":0,"max_hp_gain":0,"max_hp_loss":0,"event_name":"Nest","floor":24,"gold_loss":0},{"damage_healed":0,"gold_gain":0,"player_choice":"Obtained Relic","damage_taken":0,"relics_obtained":["Regal Pillow"],"max_hp_gain":0,"max_hp_loss":0,"event_name":"Addict","floor":28,"gold_loss":85},{"damage_healed":0,"gold_gain":0,"player_choice":"Inject Mutagens","damage_taken":0,"relics_obtained":["MutagenicStrength"],"max_hp_gain":0,"max_hp_loss":0,"event_name":"Drug Dealer","floor":30,"gold_loss":0},{"cards_removed":["Beam Cell"],"damage_healed":0,"gold_gain":0,"player_choice":"Removed Attack","damage_taken":0,"max_hp_gain":0,"max_hp_loss":0,"event_name":"Falling","floor":36,"gold_loss":0},{"damage_healed":0,"gold_gain":0,"player_choice":"Ignored","damage_taken":0,"max_hp_gain":0,"max_hp_loss":0,"event_name":"Mysterious Sphere","floor":38,"gold_loss":0},{"damage_healed":0,"gold_gain":300,"player_choice":"Gold","damage_taken":0,"max_hp_gain":0,"max_hp_loss":0,"event_name":"Wheel of Change","floor":39,"gold_loss":0}],"is_beta":false,"boss_relics":[{"not_picked":["Black Star","Runic Pyramid"],"picked":"Cursed Key"},{"not_picked":["Orrery","Busted Crown"],"picked":"Empty Cage"}],"items_purged_floors":[10],"is_endless":false,"potions_floor_spawned":[2,13,14,20,25,33,37,40],"killed_by":"Reptomancer","ascension_level":11}