{"gold_per_floor":[13,24,39,59,79,79,79,3,3,15,15,15,28,42,42,140,140,160,180,35,35,54,54,74,74,74,92,105,105,120,138,138,241,241,259,259,259,1258,769,769,769,783,783,783,783,783,783,802,802,802],"floor_reached":51,"playtime":3029,"items_purged":["Strike_B","Normality"],"score":645,"play_id":"634bcb12-67c8-42ce-9936-b9a64395b7b4","local_time":"20190111103816","is_ascension_mode":false,"campfire_choices":[{"data":"Zap","floor":6.0,"key":"SMITH"},{"data":"Defragment","floor":11.0,"key":"SMITH"},{"data":"Streamline","floor":15.0,"key":"SMITH"},{"data":"Coolheaded","floor":23.0,"key":"SMITH"},{"data":"Coolheaded","floor":25.0,"key":"SMITH"},{"floor":32,"key":"REST"},{"data":"Heatsinks","floor":40,"key":"SMITH"},{"data":"Glacier","floor":47,"key":"SMITH"},{"data":"Barrage","floor":49,"key":"SMITH"}],"neow_cost":"NO_GOLD","seed_source_timestamp":0,"circlet_count":0,"master_deck":["Strike_B+1","Strike_B","Defend_B","Defend_B","Defend_B","Zap+1","Dualcast+1","Glacier+1","Streamline+1","Coolheaded+1","Loop","Leap","Defragment+1","Hologram","Core Surge","Coolheaded+1","Hyperbeam","Rebound+1","Go for the Eyes+1","Echo Form","Compile Driver","Biased Cognition","Sweeping Beam","RitualDagger","Ball Lightning+1","Self Repair","Echo Form","Loop+1","Normality","Barrage+1","Master of Strategy","Heatsinks+1","Steam+1","Reinforced Body+1"],"special_seed":0,"relics":["FrozenCore"],"potions_floor_usage":[31,33,33,33,33,44,48,50],"damage_taken":[{"damage":1.0,"enemies":"Cultist","floor":1.0,"turns":3.0},{"damage":4.0,"enemies":"Small Slimes","floor":2.0,"turns":4.0},{"damage":1.0,"enemies":"2 Louse","floor":3.0,"turns":2.0},{"damage":1.0,"enemies":"Blue Slaver","floor":4.0,"turns":4.0},{"damage":7.0,"enemies":"Large Slime","floor":5.0,"turns":7.0},{"damage":0.0,"enemies":"Looter","floor":10.0,"turns":3.0},{"damage":0.0,"enemies":"2 Fungi Beasts","floor":13.0,"turns":3.0},{"damage":0.0,"enemies":"3 Louse","floor":14.0,"turns":4.0},{"damage":19.0,"enemies":"Hexaghost","floor":16.0,"turns":10.0},{"damage":8.0,"enemies":"3 Byrds","floor":18.0,"turns":6.0},{"damage":0.0,"enemies":"Spheric Guardian","floor":19.0,"turns":4.0},{"damage":6.0,"enemies":"Chosen and Byrds","floor":22.0,"turns":6.0},{"damage":2.0,"enemies":"Centurion and Healer","floor":24.0,"turns":5.0},{"damage":9.0,"enemies":"Snecko","floor":27.0,"turns":6.0},{"damage":17.0,"enemies":"3 Cultists","floor":28.0,"turns":5.0},{"damage":0,"enemies":"Centurion and Healer","floor":30,"turns":6},{"damage":12,"enemies":"Chosen and Byrds","floor":31,"turns":4},{"damage":62,"enemies":"Collector","floor":33,"turns":12},{"damage":5,"enemies":"Orb Walker","floor":35,"turns":5},{"damage":0,"enemies":"3 Shapes","floor":42,"turns":2},{"damage":0,"enemies":"Transient","floor":44,"turns":2},{"damage":18,"enemies":"3 Darklings","floor":48,"turns":8},{"damage":74,"enemies":"Donu and Deca","floor":50,"turns":19}],"seed_played":"6186645782711610091","potions_obtained":[{"floor":3.0,"key":"SpeedPotion"},{"floor":4.0,"key":"LiquidBronze"},{"floor":13.0,"key":"Strength Potion"},{"floor":14.0,"key":"EssenceOfSteel"},{"floor":16.0,"key":"Regen Potion"},{"floor":28.0,"key":"Block Potion"},{"floor":30,"key":"Dexterity Potion"},{"floor":31,"key":"EntropicBrew"},{"floor":33,"key":"AttackPotion"},{"floor":41,"key":"Regen Potion"},{"floor":41,"key":"SmokeBomb"}],"is_trial":false,"path_per_floor":["M","M","M","M","M","R","?","$","T","M","R","?","M","M","R","B",null,"M","M","$","?","M","R","M","R","T","M","M","?","M","M","R","B",null,"M","?","?","?","$","R","?","M","T","M","?","?","R","M","R","B",null],"character_chosen":"DEFECT","items_purchased":["Defragment","Echo Form","Fire Potion","Energy Potion","Barrage","Master of Strategy","Heatsinks"],"campfire_rested":1,"item_purchase_floors":[8,20,39,39,39,39,39],"current_hp_per_floor":[88,84,83,82,75,75,57,57,57,57,57,57,57,57,57,38,89,81,81,81,81,75,75,87,87,87,78,61,55,55,43,69,7,89,89,89,89,89,89,89,89,89,89,89,89,85,85,74,74,22],"gold":802,"neow_bonus":"TWENTY_PERCENT_HP_BONUS","is_prod":false,"is_daily":false,"chose_seed":false,"campfire_upgraded":8,"win_rate":0,"timestamp":1547221096,"path_taken":["M","?","M","M","M","R","?","$","T","M","R","?","?","M","R","BOSS","M","M","$","?","M","R","M","R","T","M","M","?","M","M","R","BOSS","M","?","?","?","$","R","?","M","T","?","?","?","R","M","R","BOSS"],"build_version":"2019-01-10","purchased_purges":2,"victory":true,"max_hp_per_floor":[89,89,89,89,89,89,89,89,89,89,89,89,89,89,89,89,89,89,89,89,89,89,89,89,89,89,89,89,89,89,89,89,89,89,89,89,89,89,89,89,89,89,89,89,89,85,85,85,85,85],"card_choices":[{"not_picked":["Steam","Stack"],"picked":"Glacier","floor":1.0},{"not_picked":["Leap","Storm"],"picked":"Streamline","floor":2.0},{"not_picked":["Leap","Amplify"],"picked":"Coolheaded","floor":3.0},{"not_picked":["Barrage","Beam Cell"],"picked":"Loop","floor":4.0},{"not_picked":["Beam Cell","Stack"],"picked":"Leap","floor":5.0},{"not_picked":["Turbo","Stack"],"picked":"Hologram","floor":10.0},{"not_picked":["Compile Driver","Steam Power"],"picked":"Core Surge","floor":13.0},{"not_picked":["White Noise","Gash"],"picked":"Coolheaded","floor":14.0},{"not_picked":["Meteor Strike","Amplify"],"picked":"Hyperbeam","floor":16.0},{"not_picked":["Auto Shields","Steam"],"picked":"Rebound+1","floor":18.0},{"not_picked":["Redo","Turbo"],"picked":"Go for the Eyes+1","floor":19.0},{"not_picked":["Steam","Coolheaded","Rebound"],"picked":"SKIP","floor":22.0},{"not_picked":["Lockon","Auto Shields"],"picked":"Compile Driver","floor":24.0},{"not_picked":["Barrage","Chill+1"],"picked":"Biased Cognition","floor":27.0},{"not_picked":["Streamline","Stack"],"picked":"Sweeping Beam","floor":28.0},{"not_picked":["FTL","Barrage"],"picked":"Ball Lightning+1","floor":30},{"not_picked":["Thunder Strike","Beam Cell"],"picked":"Self Repair","floor":31},{"not_picked":["Meteor Strike","Thunder Strike"],"picked":"Echo Form","floor":33},{"not_picked":["Compile Driver","Stack"],"picked":"Loop+1","floor":35},{"not_picked":["Aggregate","Compile Driver"],"picked":"Steam+1","floor":42},{"not_picked":["Hologram","Heatsinks+1"],"picked":"Reinforced Body+1","floor":48}],"player_experience":452181,"relics_obtained":[],"event_choices":[{"damage_healed":0.0,"max_hp_gain":0.0,"max_hp_loss":0.0,"gold_gain":0.0,"event_name":"Shining Light","player_choice":"Entered Light","floor":7.0,"gold_loss":0.0,"damage_taken":18.0,"cards_upgraded":["Dualcast","Strike_B"]},{"cards_removed":["Strike_B"],"damage_healed":0.0,"max_hp_gain":0.0,"max_hp_loss":0.0,"gold_gain":0.0,"event_name":"Bonfire Elementals","player_choice":"Offered Basic","floor":12.0,"gold_loss":0.0,"damage_taken":0.0},{"damage_healed":0.0,"max_hp_gain":0.0,"max_hp_loss":0.0,"gold_gain":0.0,"event_name":"The Mausoleum","player_choice":"Ignored","floor":21.0,"gold_loss":0.0,"damage_taken":0.0},{"damage_healed":0.0,"max_hp_gain":0.0,"max_hp_loss":0.0,"gold_gain":0.0,"event_name":"Nest","player_choice":"Joined the Cult","floor":29.0,"gold_loss":0.0,"damage_taken":6.0,"cards_obtained":["RitualDagger"]},{"damage_healed":0,"gold_gain":0,"player_choice":"Memory 1","damage_taken":0,"max_hp_gain":0,"max_hp_loss":0,"event_name":"SensoryStone","floor":36,"gold_loss":0},{"cards_removed":["Defend_B"],"damage_healed":0,"gold_gain":0,"player_choice":"Removed Skill","damage_taken":0,"max_hp_gain":0,"max_hp_loss":0,"event_name":"Falling","floor":37,"gold_loss":0},{"damage_healed":0,"gold_gain":999,"player_choice":"Gold","damage_taken":0,"max_hp_gain":0,"max_hp_loss":0,"event_name":"MindBloom","floor":38,"gold_loss":0,"cards_obtained":["Normality","Normality"]},{"damage_healed":0,"gold_gain":0,"player_choice":"Got Potions","damage_taken":0,"max_hp_gain":0,"max_hp_loss":0,"event_name":"Lab","floor":41,"gold_loss":0},{"damage_healed":0,"gold_gain":0,"player_choice":"Ignored","damage_taken":0,"max_hp_gain":0,"max_hp_loss":0,"event_name":"Mysterious Sphere","floor":45,"gold_loss":0},{"damage_healed":0,"gold_gain":0,"player_choice":"Max HP","damage_taken":0,"max_hp_gain":0,"max_hp_loss":4,"event_name":"Winding Halls","floor":46,"gold_loss":0}],"is_beta":false,"boss_relics":[{"not_picked":["White Beast Statue","Astrolabe","Lizard Tail"]},{"not_picked":["Empty Cage","Black Star"],"picked":"FrozenCore"}],"items_purged_floors":[20,39],"is_endless":false,"potions_floor_spawned":[3,4,13,14,16,28,30,31,33,44],"ascension_level":0}