{"gold_per_floor":[109,129,139,154,11,11,24,24,24,73,89,74,89,103,103,201,201,212,223,243,262,86,86,103,113,113,113,113,113,130,5,5,5],"floor_reached":33,"playtime":1621,"items_purged":["Strike_B","Defend_B","Strike_B"],"score":395,"play_id":"1fdd1e69-8b3e-4268-aec7-711e0cc36555","local_time":"20180918204622","is_ascension_mode":true,"campfire_choices":[{"data":"Static Discharge","floor":6,"key":"SMITH"},{"data":"Zap","floor":8,"key":"SMITH"},{"data":"Sunder","floor":15,"key":"SMITH"},{"floor":23,"key":"REST"},{"floor":27,"key":"REST"},{"floor":29,"key":"REST"},{"floor":32,"key":"REST"}],"neow_cost":"NONE","seed_source_timestamp":287069319587278,"circlet_count":0,"master_deck":["Strike_B","Strike_B","Defend_B","Defend_B","Defend_B","Zap+1","Dualcast","AscendersBane","Conserve Battery","Darkness","Static Discharge+1","Sunder+1","FTL","Go for the Eyes","Undo","White Noise"],"relics":["Cracked Core","PreservedInsect","Blood Vial","Lizard Tail","Blue Candle"],"potions_floor_usage":[12,16,16,18,19,24,24,33,33],"damage_taken":[{"damage":1,"enemies":"Cultist","floor":1,"turns":3},{"damage":4,"enemies":"Small Slimes","floor":2,"turns":3},{"damage":3,"enemies":"2 Louse","floor":3,"turns":2},{"damage":4,"enemies":"Red Slaver","floor":4,"turns":4},{"damage":4,"enemies":"Blue Slaver","floor":7,"turns":3},{"damage":6,"enemies":"Looter","floor":11,"turns":3},{"damage":1,"enemies":"Exordium Thugs","floor":12,"turns":2},{"damage":12,"enemies":"Blue Slaver","floor":13,"turns":3},{"damage":0,"enemies":"Exordium Wildlife","floor":14,"turns":4},{"damage":8,"enemies":"Slime Boss","floor":16,"turns":9},{"damage":3,"enemies":"Spheric Guardian","floor":18,"turns":4},{"damage":18,"enemies":"3 Byrds","floor":19,"turns":4},{"damage":26,"enemies":"Centurion and Healer","floor":20,"turns":5},{"damage":13,"enemies":"Snake Plant","floor":21,"turns":3},{"damage":16,"enemies":"3 Cultists","floor":24,"turns":5},{"damage":28,"enemies":"Sentry and Sphere","floor":25,"turns":4},{"damage":38,"enemies":"Shelled Parasite and Fungi","floor":30,"turns":8},{"damage":79,"enemies":"Automaton","floor":33,"turns":6}],"seed_played":"6235933286813585005","potions_obtained":[{"floor":0,"key":"SmokeBomb"},{"floor":0,"key":"FocusPotion"},{"floor":13,"key":"Block Potion"},{"floor":16,"key":"Block Potion"},{"floor":18,"key":"SteroidPotion"},{"floor":21,"key":"AttackPotion"},{"floor":28,"key":"EssenceOfSteel"},{"floor":28,"key":"Swift Potion"},{"floor":30,"key":"AttackPotion"}],"is_trial":false,"path_per_floor":["M","M","M","M","$","R","M","R","T","T","M","M","M","M","R","B",null,"M","M","M","M","$","R","M","M","T","R","?","R","M","$","R"],"character_chosen":"DEFECT","items_purchased":["Static Discharge","EssenceOfSteel"],"campfire_rested":4,"item_purchase_floors":[5,22],"current_hp_per_floor":[67,63,60,56,56,56,52,52,52,52,48,49,39,41,41,35,65,64,48,24,13,13,35,21,37,37,59,59,75,37,37,59,0],"gold":5,"neow_bonus":"THREE_SMALL_POTIONS","is_prod":false,"is_daily":false,"chose_seed":false,"campfire_upgraded":3,"win_rate":0,"timestamp":1537296382,"path_taken":["M","M","M","M","$","R","?","R","T","?","M","M","?","M","R","BOSS","M","M","?","M","$","R","M","?","T","R","?","R","M","$","R","BOSS"],"build_version":"2018-09-06","purchased_purges":3,"victory":false,"max_hp_per_floor":[75,75,75,75,75,75,75,75,75,75,75,75,75,75,75,75,75,75,75,75,75,75,75,75,75,75,75,75,75,75,75,75,75],"card_choices":[{"not_picked":["Stack","Steam"],"picked":"Conserve Battery","floor":1},{"not_picked":["Scrape","Rebound","Streamline"],"picked":"SKIP","floor":2},{"not_picked":["Rebound","Capacitor","Glacier"],"picked":"SKIP","floor":3},{"not_picked":["Machine Learning","Skim"],"picked":"Darkness","floor":4},{"not_picked":["Genetic Algorithm","Double Energy","Turbo"],"picked":"SKIP","floor":7},{"not_picked":["Recycle","Hologram"],"picked":"Sunder","floor":11},{"not_picked":["Leap","Rebound"],"picked":"FTL","floor":13},{"not_picked":["Ball Lightning","Chill"],"picked":"Go for the Eyes","floor":14},{"not_picked":["Go for the Eyes","Coolheaded","Beam Cell"],"picked":"SKIP","floor":18},{"not_picked":["Sweeping Beam","Leap"],"picked":"Undo","floor":19},{"not_picked":["Steam","Conserve Battery","Hologram"],"picked":"SKIP","floor":20},{"not_picked":["Scrape","Go for the Eyes","Stack"],"picked":"SKIP","floor":21},{"not_picked":["Barrage","Meteor Strike","Heatsinks"],"picked":"SKIP","floor":24},{"not_picked":["Streamline","Conserve Battery","Go for the Eyes"],"picked":"SKIP","floor":25},{"not_picked":["Conserve Battery","Beam Cell+1"],"picked":"White Noise","floor":30}],"player_experience":363868,"relics_obtained":[{"floor":9,"key":"PreservedInsect"},{"floor":10,"key":"Blood Vial"},{"floor":26,"key":"Blue Candle"}],"event_choices":[{"event_name":"The Lab","player_choice":"Got Potions","floor":28,"damage_taken":0}],"is_beta":false,"boss_relics":[{"not_picked":["Runic Pyramid","Orrery"],"picked":"Lizard Tail"}],"items_purged_floors":[5,22,31],"is_endless":false,"potions_floor_spawned":[3,4,11,13,14,16,18,21,30],"killed_by":"Automaton","ascension_level":12}