{"path_per_floor":["M","?","M","?","M","E","?","M","T","M","T","M","E","M","R","B",null,"M","?","$","?","?","E","R","E","T","R","E","R","M","M","R"],"character_chosen":"THE_SILENT","items_purchased":["Escape Plan","Dagger Throw"],"gold_per_floor":[18,18,30,30,46,81,81,96,144,158,182,194,228,244,244,345,345,363,263,64,64,64,93,93,123,123,123,184,184,199,216,216],"floor_reached":33,"campfire_rested":4,"playtime":3302,"current_hp_per_floor":[70,63,63,68,68,58,58,58,58,58,58,58,51,45,67,28,75,73,73,73,59,59,18,57,20,20,59,39,39,38,14,53],"items_purged":["Strike_G"],"gold":216,"score":331,"play_id":"7863b5ba-5d55-4087-a91e-e29bc7e256bb","is_prod":false,"is_daily":false,"is_ascension_mode":true,"campfire_upgraded":1,"path_taken":["M","?","M","?","M","E","?","M","T","M","?","M","E","?","R","BOSS","M","?","$","?","?","E","R","E","T","R","E","R","M","M","R","BOSS"],"build_version":"2018-02-15-PROD1","purchased_purges":1,"victory":false,"master_deck":["Defend_G","Defend_G","Defend_G","Defend_G","Defend_G","Strike_G","Strike_G","Strike_G","Survivor","Neutralize","PiercingWail","Quick Slash","Eviscerate","Prepared+1","Calculated Gamble","Caltrops","Tactician","Underhanded Strike","Footwork","A Thousand Cuts+1","Decay","Prepared","J.A.X.","Escape Plan","Dagger Throw","Footwork","Concentrate+1","Reflex+1","Backflip","Acrobatics"],"max_hp_per_floor":[70,70,70,75,75,75,75,75,75,75,75,75,75,75,75,75,75,75,75,75,80,80,80,80,80,80,80,80,80,80,80,80],"relics":["Ring of the Snake","Tingsha","Shuriken","Art of War","Omamori","Prayer Wheel","Calling Bell","Darkstone Periapt","Regal Pillow","Torii","Centennial Puzzle","Bottled Tornado","Shovel","Tiny Chest"],"card_choices":[{"not_picked":["Finisher","Deadly Poison"],"picked":"PiercingWail"},{"not_picked":["Deadly Poison","Malaise"],"picked":"Quick Slash"},{"not_picked":["Poisoned Stab","Bane"],"picked":"Eviscerate"},{"not_picked":["Slice","Dash"],"picked":"Prepared"},{"not_picked":["All Out Attack","Endless Agony"],"picked":"Calculated Gamble"},{"not_picked":["Backflip","Distraction"],"picked":"Caltrops"},{"not_picked":["Sucker Punch","Deadly Poison"],"picked":"Tactician"},{"not_picked":["Blade Dance","Sucker Punch"],"picked":"Underhanded Strike"},{"not_picked":["Sucker Punch","Choke"],"picked":"Footwork"},{"not_picked":["Grand Finale","Night Terror"],"picked":"A Thousand Cuts"},{"not_picked":["Underhanded Strike","Dagger Spray"],"picked":"Prepared"},{"not_picked":["Infinite Blades","Endless Agony"],"picked":"Concentrate"},{"not_picked":["Acrobatics","Deadly Poison"],"picked":"Reflex"},{"not_picked":["Dagger Spray","Deadly Poison"],"picked":"Backflip"},{"not_picked":["Backstab","Slice"],"picked":"Acrobatics"}],"player_experience":142849,"potions_floor_usage":[6,16,23,25,31,33],"damage_taken":[{"damage":0,"enemies":"Small Slimes","floor":1,"turns":4},{"damage":0,"enemies":"2 Louse","floor":3,"turns":3},{"damage":0,"enemies":"Jaw Worm","floor":5,"turns":3},{"damage":10,"enemies":"3 Sentries","floor":6,"turns":9},{"damage":0,"enemies":"3 Louse","floor":8,"turns":3},{"damage":0,"enemies":"Large Slime","floor":10,"turns":8},{"damage":0,"enemies":"2 Fungi Beasts","floor":12,"turns":3},{"damage":7,"enemies":"Lagavulin","floor":13,"turns":5},{"damage":6,"enemies":"Exordium Thugs","floor":14,"turns":3},{"damage":39,"enemies":"Hexaghost","floor":16,"turns":11},{"damage":2,"enemies":"Spheric Guardian","floor":18,"turns":4},{"damage":41,"enemies":"Gremlin Leader","floor":23,"turns":9},{"damage":37,"enemies":"Slavers","floor":25,"turns":8},{"damage":20,"enemies":"Book of Stabbing","floor":28,"turns":7},{"damage":1,"enemies":"3 Byrds","floor":30,"turns":2},{"damage":24,"enemies":"Snecko","floor":31,"turns":5},{"damage":64,"enemies":"Champ","floor":33,"turns":7}],"event_choices":[{"event_name":"Golden Wing","player_choice":"Card Removal","floor":2,"damage_taken":0},{"event_name":"Big Fish","player_choice":"Donut","floor":4,"damage_taken":0},{"event_name":"Upgrade Shrine","player_choice":"Upgraded","floor":7,"damage_taken":0},{"event_name":"Drug Dealer","player_choice":"Got JAXXED","floor":19,"damage_taken":0},{"event_name":"Forgotten Altar","player_choice":"Shed Blood","floor":21,"damage_taken":0},{"event_name":"The Library","player_choice":"Read","floor":22,"damage_taken":0}],"boss_relics":[{"not_picked":["Astrolabe","Question Card"],"picked":"Calling Bell"}],"potions_floor_spawned":[3,10,12,16,28,30],"seed_played":"-7879611884992172978","killed_by":"Champ","ascension_level":1,"is_trial":false}