{"gold_per_floor":[116,135,135,135,102,102,116,116,171,181,197,197,213,213,213,213],"floor_reached":16,"playtime":611,"items_purged":[],"score":138,"play_id":"3a4f614c-433c-4aa6-b495-8f63e3c19c23","local_time":"20180917024658","is_ascension_mode":true,"campfire_choices":[{"floor":6,"key":"REST"},{"floor":8,"key":"REST"},{"floor":12,"key":"REST"},{"data":"Static Discharge","floor":15,"key":"SMITH"}],"neow_cost":"NONE","seed_source_timestamp":136914785380609,"circlet_count":0,"master_deck":["Strike_B","Strike_B","Strike_B","Defend_B","Defend_B","Defend_B","Defend_B","Zap","Dualcast","AscendersBane","Machine Learning+1","White Noise+1","Glacier","Conserve Battery","Static Discharge+1","Buffer"],"relics":["Cracked Core","Dream Catcher"],"potions_floor_usage":[11],"damage_taken":[{"damage":7,"enemies":"Jaw Worm","floor":1,"turns":4},{"damage":9,"enemies":"2 Louse","floor":2,"turns":2},{"damage":11,"enemies":"Small Slimes","floor":7,"turns":3},{"damage":1,"enemies":"2 Fungi Beasts","floor":10,"turns":5},{"damage":13,"enemies":"Red Slaver","floor":11,"turns":4},{"damage":5,"enemies":"3 Louse","floor":13,"turns":5},{"damage":71,"enemies":"Hexaghost","floor":16,"turns":12}],"seed_played":"-1269254924223112587","potions_obtained":[{"floor":1,"key":"Ancient Potion"},{"floor":7,"key":"Ancient Potion"}],"is_trial":false,"path_per_floor":["M","M","?","?","?","R","M","R","T","M","M","R","M","?","R"],"character_chosen":"DEFECT","items_purchased":[],"campfire_rested":3,"item_purchase_floors":[],"current_hp_per_floor":[61,52,45,30,30,52,41,63,63,62,49,71,66,71,71,0],"gold":213,"neow_bonus":"ONE_RANDOM_RARE_CARD","is_prod":false,"is_daily":false,"chose_seed":false,"campfire_upgraded":1,"win_rate":0,"timestamp":1537145218,"path_taken":["M","M","?","?","?","R","M","R","T","M","?","R","M","?","R","BOSS"],"build_version":"2018-09-06","purchased_purges":0,"victory":false,"max_hp_per_floor":[75,75,75,75,75,75,75,75,75,75,75,75,75,80,80,80],"card_choices":[{"not_picked":["Stack","Compile Driver","Chill"],"picked":"SKIP","floor":1},{"not_picked":["Redo","Compile Driver"],"picked":"White Noise","floor":2},{"not_picked":["Rebound","Sweeping Beam"],"picked":"Glacier","floor":7},{"not_picked":["Lockon","Sweeping Beam"],"picked":"Conserve Battery","floor":10},{"not_picked":["Cold Snap","Hologram","Compile Driver"],"picked":"SKIP","floor":11},{"not_picked":["Chaos","Steam Power"],"picked":"Static Discharge","floor":12},{"not_picked":["Undo","Chill"],"picked":"Buffer","floor":13}],"player_experience":270481,"relics_obtained":[{"floor":9,"key":"Dream Catcher"}],"event_choices":[{"event_name":"Golden Wing","player_choice":"Card Removal","floor":3,"damage_taken":0},{"event_name":"Shining Light","player_choice":"Entered Light","floor":4,"damage_taken":0},{"event_name":"World of Goop","player_choice":"Left","floor":5,"damage_taken":0},{"event_name":"Big Fish","player_choice":"Donut","floor":14,"damage_taken":0}],"is_beta":false,"boss_relics":[],"items_purged_floors":[],"is_endless":false,"potions_floor_spawned":[1,7],"killed_by":"Hexaghost","ascension_level":10}