{"gold_per_floor":[112,130,130,130,149,149,177,177,177,196,196,207,239,256,256,351,351,369,380,380,380,50,50,60,87,87,87],"floor_reached":27,"playtime":1603,"items_purged":[],"score":267,"play_id":"d943103e-66a0-45da-a621-e1f753eaa552","local_time":"20180906093355","is_ascension_mode":true,"campfire_choices":[{"data":"Consume","floor":6,"key":"SMITH"},{"data":"Zap","floor":8,"key":"SMITH"},{"data":"Conserve Battery","floor":11,"key":"SMITH"},{"floor":15,"key":"REST"},{"data":"Magnetism","floor":23,"key":"SMITH"}],"neow_cost":"","seed_source_timestamp":496736181132985,"circlet_count":0,"master_deck":["Strike_B","Strike_B","Strike_B","Strike_B","Defend_B","Defend_B","Defend_B","Defend_B","Zap+1","Dualcast","Consume+1","Beam Cell","Sweeping Beam","Sweeping Beam","Conserve Battery+1","Storm","Defragment","Leap+1","Tempest+1","Echo Form","Hologram+1","Glacier+1","Capacitor","Redo+1","Ball Lightning","Magnetism+1","Redo+1","Static Discharge+1"],"relics":["Cracked Core","FaceOfCleric","Ornamental Fan","Dream Catcher","Toxic Egg 2","Philosopher\u0027s Stone","MutagenicStrength","Omamori","Bird Faced Urn"],"potions_floor_usage":[7,13,14,14,16,16,16,19],"damage_taken":[{"damage":0,"enemies":"Small Slimes","floor":1,"turns":2},{"damage":5,"enemies":"Cultist","floor":2,"turns":4},{"damage":3,"enemies":"2 Louse","floor":5,"turns":3},{"damage":38,"enemies":"3 Sentries","floor":7,"turns":6},{"damage":13,"enemies":"Exordium Wildlife","floor":10,"turns":4},{"damage":9,"enemies":"Red Slaver","floor":12,"turns":3},{"damage":10,"enemies":"Gremlin Nob","floor":13,"turns":3},{"damage":0,"enemies":"Blue Slaver","floor":14,"turns":4},{"damage":17,"enemies":"Hexaghost","floor":16,"turns":9},{"damage":18,"enemies":"Shell Parasite","floor":18,"turns":7},{"damage":1,"enemies":"Chosen","floor":19,"turns":4},{"damage":33,"enemies":"Shelled Parasite and Fungi","floor":24,"turns":6},{"damage":9,"enemies":"Gremlin Leader","floor":25,"turns":7},{"damage":30,"enemies":"Slavers","floor":27,"turns":1}],"seed_played":"7237107152399904864","potions_obtained":[{"floor":5,"key":"SteroidPotion"},{"floor":12,"key":"LiquidBronze"},{"floor":13,"key":"EntropicBrew"},{"floor":14,"key":"FearPotion"},{"floor":18,"key":"AttackPotion"},{"floor":24,"key":"SteroidPotion"}],"is_trial":false,"path_per_floor":["M","M","?","?","M","R","E","R","T","M","R","M","E","M","R","B",null,"M","M","?","?","$","R","M","E","T"],"character_chosen":"DEFECT","items_purchased":["Capacitor","Redo+1","Ball Lightning","Magnetism"],"campfire_rested":1,"item_purchase_floors":[22,22,22,22],"current_hp_per_floor":[75,70,70,75,73,73,36,36,36,24,24,16,7,8,32,16,82,65,65,65,65,65,65,33,25,25,0],"gold":87,"neow_bonus":"","is_prod":false,"is_daily":false,"chose_seed":false,"campfire_upgraded":4,"win_rate":0,"timestamp":1536219235,"path_taken":["M","M","?","?","M","R","E","R","T","M","R","M","E","?","R","BOSS","M","M","?","?","?","R","?","E","T","E"],"build_version":"2018-08-30","purchased_purges":0,"victory":false,"max_hp_per_floor":[75,75,75,75,76,76,77,77,77,78,78,79,80,81,81,82,82,83,84,84,84,84,84,85,86,86,86],"card_choices":[{"not_picked":["Streamline","Beam Cell"],"picked":"Consume","floor":1},{"not_picked":["Streamline","Leap"],"picked":"Beam Cell","floor":2},{"not_picked":["Skim","Beam Cell"],"picked":"Sweeping Beam","floor":5},{"not_picked":["Double Energy","Undo"],"picked":"Sweeping Beam","floor":7},{"not_picked":["Force Field","Auto Shields"],"picked":"Conserve Battery","floor":10},{"not_picked":["Streamline","Undo"],"picked":"Storm","floor":12},{"not_picked":["Rip and Tear","Machine Learning"],"picked":"Defragment","floor":13},{"not_picked":["Compile Driver","Aggregate+1"],"picked":"Leap+1","floor":14},{"not_picked":["Compile Driver","Skim+1"],"picked":"Tempest+1","floor":15},{"not_picked":["Amplify+1","All For One"],"picked":"Echo Form","floor":16},{"not_picked":["Sunder","Beam Cell"],"picked":"Hologram+1","floor":18},{"not_picked":["Rebound+1","Chill+1"],"picked":"Glacier+1","floor":19},{"not_picked":["Cold Snap","Compile Driver"],"picked":"Redo+1","floor":24},{"not_picked":["Streamline","Stack+1"],"picked":"Static Discharge+1","floor":25}],"player_experience":126542,"relics_obtained":[{"floor":7,"key":"Ornamental Fan"},{"floor":9,"key":"Dream Catcher"},{"floor":13,"key":"Toxic Egg 2"},{"floor":25,"key":"Omamori"},{"floor":26,"key":"Bird Faced Urn"}],"event_choices":[{"event_name":"FaceTrader","player_choice":"Trade","floor":3,"damage_taken":0},{"event_name":"Wheel of Change","player_choice":"Full Heal","floor":4,"damage_taken":0},{"event_name":"Drug Dealer","player_choice":"Inject Mutagens","floor":20,"damage_taken":0},{"event_name":"Beggar","player_choice":"Ignored","floor":21,"damage_taken":0}],"is_beta":false,"boss_relics":[{"not_picked":["Astrolabe","Inserter"],"picked":"Philosopher\u0027s Stone"}],"items_purged_floors":[],"is_endless":false,"potions_floor_spawned":[5,12,13,14,18,24],"killed_by":"Slavers","ascension_level":2}