{"path_per_floor":["M","M","M","M","M","E","M","E","T","M","M","R","E","M","R","B",null,"M","M","?","$","?","R","M","E","T","R","?","R","M","M","R","B",null,"M","M","?","?","M","R","M","R","T","M","R","?","$"],"character_chosen":"IRONCLAD","items_purchased":["True Grit"],"gold_per_floor":[99,99,99,99,99,99,99,99,99,99,99,99,99,99,99,99,99,99,69,69,19,19,19,19,19,19,19,19,19,19,19,19,19,19,19,19,19,19,19,19,19,19,19,19,19,19,19],"floor_reached":48,"campfire_rested":6,"playtime":9381,"current_hp_per_floor":[75,75,74,74,72,53,51,50,50,28,21,45,31,22,46,35,80,64,55,39,39,39,39,29,7,7,31,31,55,51,41,41,22,80,50,29,49,49,18,42,34,34,34,22,46,46,46],"items_purged":[],"gold":19,"play_id":"7ff521d7-2c01-4e7d-ac6f-32fc478a1115","is_prod":false,"is_daily":false,"is_ascension_mode":false,"campfire_upgraded":3,"path_taken":["M","M","M","M","M","E","M","E","T","M","M","R","E","M","R","BOSS","M","M","?","?","?","R","M","E","T","R","?","R","M","M","R","BOSS","M","M","?","?","M","R","M","R","T","?","R","?","$","?"],"build_version":"2018-01-25-PROD3","purchased_purges":0,"victory":false,"master_deck":["Strike_R","Strike_R","Strike_R","Strike_R+1","Defend_R","Defend_R","Defend_R","Defend_R","Bash+1","Metallicize","Disarm","Disarm","Warcry","Warcry","Exhume","Flame Barrier","Spot Weakness","Body Slam","Dropkick","Shockwave","Offering","Rage","Shockwave","Warcry+1","Shrug It Off","Uppercut","Armaments","True Grit","Double Tap+1","Double Tap+1","Flame Barrier+1","Shrug It Off","Body Slam","Berserk","Iron Wave+1","Writhe","Uppercut+1","Headbutt+1","Headbutt"],"max_hp_per_floor":[80,80,80,80,80,80,80,80,80,80,80,80,80,80,80,80,80,80,80,80,80,80,80,80,80,80,80,80,80,80,80,80,80,80,80,80,80,80,80,80,80,80,80,80,80,80,80],"relics":["Ectoplasm","Matryoshka","Ornamental Fan","Ancient Tea Set","Happy Flower","Mummified Hand","Orrery","Nilry\u0027s Codex","Calipers","Dodecahedron","Whetstone","Lizard Tail","Bag of Marbles"],"card_choices":[{"not_picked":["Clothesline","Heavy Blade"],"picked":"Metallicize"},{"not_picked":["Clash","Bloodletting"],"picked":"Disarm"},{"not_picked":["Rampage","Sword Boomerang"],"picked":"Disarm"},{"not_picked":["Sword Boomerang","Wild Strike"],"picked":"Warcry"},{"not_picked":["Havoc","Evolve"],"picked":"Warcry"},{"not_picked":["Dropkick","Pommel Strike"],"picked":"Exhume"},{"not_picked":["Havoc","Clash"],"picked":"Flame Barrier"},{"not_picked":["Warcry","Evolve"],"picked":"Spot Weakness"},{"not_picked":["Havoc","Perfected Strike"],"picked":"Body Slam"},{"not_picked":["Whirlwind","Combust"],"picked":"Dropkick"},{"not_picked":["Sword Boomerang","Dropkick"],"picked":"Shockwave"},{"not_picked":["Fiend Fire","Dark Embrace"],"picked":"Offering"},{"not_picked":["Heavy Blade","Dropkick"],"picked":"Rage"},{"not_picked":["Havoc","Twin Strike"],"picked":"Shockwave"},{"not_picked":["Wild Strike","Battle Trance"],"picked":"Warcry"},{"not_picked":["Clothesline","Cleave"],"picked":"Shrug It Off"},{"not_picked":["Warcry","Clothesline"],"picked":"Uppercut"},{"not_picked":["Reckless Charge","Havoc"],"picked":"Armaments"},{"not_picked":["Clash","Flex"],"picked":"Double Tap"},{"not_picked":["Pommel Strike","Inflame"],"picked":"Double Tap"},{"not_picked":["True Grit","Clash"],"picked":"Shrug It Off"},{"not_picked":["Thunderclap","True Grit"],"picked":"Body Slam"},{"not_picked":["Dark Embrace","Bludgeon"],"picked":"Berserk"},{"not_picked":["Heavy Blade","Twin Strike"],"picked":"Iron Wave"},{"not_picked":["Intimidate","Twin Strike"],"picked":"Uppercut"},{"not_picked":["Anger","Sword Boomerang"],"picked":"Headbutt"},{"not_picked":["Twin Strike","Pummel"],"picked":"Headbutt"}],"player_experience":102433,"potions_floor_usage":[8,16,24,25,25,25,41],"damage_taken":[{"damage":5,"enemies":"Small Slimes","floor":1,"turns":3},{"damage":0,"enemies":"2 Louse","floor":2,"turns":3},{"damage":1,"enemies":"Jaw Worm","floor":3,"turns":4},{"damage":0,"enemies":"Exordium Thugs","floor":4,"turns":5},{"damage":2,"enemies":"Large Slime","floor":5,"turns":6},{"damage":19,"enemies":"Gremlin Nob","floor":6,"turns":5},{"damage":2,"enemies":"2 Fungi Beasts","floor":7,"turns":4},{"damage":1,"enemies":"Lagavulin","floor":8,"turns":8},{"damage":22,"enemies":"Exordium Wildlife","floor":10,"turns":6},{"damage":7,"enemies":"Large Slime","floor":11,"turns":7},{"damage":14,"enemies":"3 Sentries","floor":13,"turns":7},{"damage":9,"enemies":"Red Slaver","floor":14,"turns":3},{"damage":11,"enemies":"Hexaghost","floor":16,"turns":10},{"damage":16,"enemies":"Spheric Guardian","floor":18,"turns":5},{"damage":9,"enemies":"2 Thieves","floor":19,"turns":3},{"damage":10,"enemies":"Slaver and Parasite","floor":24,"turns":6},{"damage":22,"enemies":"Slavers","floor":25,"turns":6},{"damage":4,"enemies":"Centurion and Healer","floor":30,"turns":4},{"damage":17,"enemies":"Snake Plant","floor":31,"turns":5},{"damage":23,"enemies":"Champ","floor":33,"turns":13},{"damage":30,"enemies":"3 Darklings","floor":35,"turns":3},{"damage":21,"enemies":"3 Shapes","floor":36,"turns":6},{"damage":31,"enemies":"3 Darklings","floor":39,"turns":11},{"damage":17,"enemies":"Maw","floor":41,"turns":11},{"damage":52,"enemies":"4 Shapes","floor":44,"turns":7},{"damage":51,"enemies":"Sphere and 2 Shapes","floor":48,"turns":5}],"event_choices":[{"event_name":"Cursed Tome","player_choice":"Obtained Book","floor":20,"damage_taken":0},{"event_name":"Beggar","player_choice":"Ignored","floor":22,"damage_taken":0},{"event_name":"Duplicator","player_choice":"One dupe","floor":28,"damage_taken":0},{"event_name":"Winding Halls","player_choice":"Writhe","floor":37,"damage_taken":0},{"event_name":"Upgrade Shrine","player_choice":"Upgraded","floor":46,"damage_taken":0}],"boss_relics":[{"not_picked":["Calling Bell","Runic Dome"],"picked":"Orrery"},{"not_picked":["Philosopher\u0027s Stone","Snecko Eye"],"picked":"Lizard Tail"}],"potions_floor_spawned":[2,4,10,11,13,14,16,19,24,25,33,36,44],"seed_played":"5061944373937715219","killed_by":"Sphere and 2 Shapes","ascension_level":0,"is_trial":false}