{"gold_per_floor":[118,130,52,72,86,86,121,135,135,135,155,155,155,46,46,120,120,133,133,143,153,153,153,153],"floor_reached":24,"playtime":1156,"items_purged":["Strike_B"],"score":327,"play_id":"d731de60-95a6-4a65-8332-ecad5ee0bedf","local_time":"20180920174530","is_ascension_mode":true,"campfire_choices":[{"data":"Dualcast","floor":6,"key":"SMITH"},{"floor":10,"key":"REST"},{"floor":12,"key":"REST"},{"floor":15,"key":"REST"},{"floor":23,"key":"REST"}],"neow_cost":"NONE","seed_source_timestamp":449483914212949,"circlet_count":0,"master_deck":["Zap","Dualcast+1","AscendersBane","Doom and Gloom","Defragment","Compile Driver","Ball Lightning","Sunder","Auto Shields","Seek","Cold Snap","Capacitor","Rip and Tear","Echo Form","Chaos","Turbo","Barrage","Consume","Doom and Gloom","Compile Driver","Sweeping Beam","Steam","Self Repair"],"relics":["Cracked Core","Dream Catcher","Dead Branch","Juzu Bracelet","Pandora\u0027s Box","Enchiridion"],"potions_floor_usage":[4,8,16,20,22],"damage_taken":[{"damage":5,"enemies":"2 Louse","floor":1,"turns":3},{"damage":0,"enemies":"Cultist","floor":2,"turns":3},{"damage":3,"enemies":"Small Slimes","floor":4,"turns":3},{"damage":16,"enemies":"Blue Slaver","floor":5,"turns":4},{"damage":35,"enemies":"3 Sentries","floor":7,"turns":5},{"damage":16,"enemies":"Exordium Wildlife","floor":8,"turns":5},{"damage":11,"enemies":"3 Louse","floor":11,"turns":3},{"damage":42,"enemies":"Hexaghost","floor":16,"turns":9},{"damage":0,"enemies":"Spheric Guardian","floor":18,"turns":3},{"damage":7,"enemies":"3 Byrds","floor":20,"turns":3},{"damage":22,"enemies":"Snake Plant","floor":21,"turns":3},{"damage":13,"enemies":"Colosseum Slavers","floor":22,"turns":3},{"damage":28,"enemies":"Slavers","floor":24,"turns":1}],"seed_played":"4872596976678038503","potions_obtained":[{"floor":2,"key":"Regen Potion"},{"floor":4,"key":"SpeedPotion"},{"floor":8,"key":"Energy Potion"},{"floor":11,"key":"PowerPotion"},{"floor":13,"key":"Block Potion"},{"floor":21,"key":"Ancient Potion"}],"is_trial":false,"path_per_floor":["M","M","$","M","M","R","E","M","T","R","M","R","?","$","R","B",null,"M","?","M","M","?","R"],"character_chosen":"DEFECT","items_purchased":["Defragment","Capacitor"],"campfire_rested":4,"item_purchase_floors":[3,14],"current_hp_per_floor":[63,63,63,69,53,53,18,2,2,24,13,35,35,35,57,15,60,60,44,37,15,2,24,0],"gold":153,"neow_bonus":"RANDOM_COMMON_RELIC","is_prod":false,"is_daily":false,"chose_seed":false,"campfire_upgraded":1,"win_rate":0,"timestamp":1537458330,"path_taken":["M","M","$","M","M","R","E","M","T","R","M","R","?","$","R","BOSS","M","?","M","M","?","R","E"],"build_version":"2018-09-06","purchased_purges":1,"victory":false,"max_hp_per_floor":[75,75,75,75,75,75,75,75,75,75,75,75,75,75,75,75,75,75,75,75,75,75,75,75],"card_choices":[{"not_picked":["Sweeping Beam","Barrage"],"picked":"Doom and Gloom","floor":1},{"not_picked":["Hello World","Redo","Gash"],"picked":"SKIP","floor":2},{"not_picked":["Sweeping Beam","Gash"],"picked":"Compile Driver","floor":4},{"not_picked":["Barrage","Loop"],"picked":"Ball Lightning","floor":5},{"not_picked":["Sweeping Beam","Undo","Genetic Algorithm"],"picked":"SKIP","floor":7},{"not_picked":["Steam","Compile Driver"],"picked":"Sunder","floor":8},{"not_picked":["Go for the Eyes","Gash"],"picked":"Auto Shields","floor":10},{"not_picked":["Double Energy","Gash"],"picked":"Seek","floor":11},{"not_picked":["Tempest","Leap"],"picked":"Cold Snap","floor":12},{"not_picked":["Stack","Steam"],"picked":"Rip and Tear","floor":15},{"not_picked":["Core Surge","Rainbow"],"picked":"Echo Form","floor":16},{"not_picked":["Redo+1","Melter","Undo"],"picked":"SKIP","floor":18},{"not_picked":["Cold Snap","Streamline","Barrage"],"picked":"SKIP","floor":20},{"not_picked":["Steam Power+1","Ball Lightning+1"],"picked":"Steam","floor":21},{"not_picked":["Beam Cell","Rebound"],"picked":"Self Repair","floor":23}],"player_experience":474012,"relics_obtained":[{"floor":7,"key":"Dead Branch"},{"floor":9,"key":"Juzu Bracelet"},{"floor":19,"key":"Enchiridion"}],"event_choices":[{"event_name":"The Lab","player_choice":"Got Potions","floor":13,"damage_taken":0},{"event_name":"Cursed Tome","player_choice":"Obtained Book","floor":19,"damage_taken":0},{"event_name":"Colosseum","player_choice":"Fight","floor":22,"damage_taken":0},{"event_name":"Colosseum","player_choice":"Fled From Nobs","floor":22,"damage_taken":0}],"is_beta":false,"boss_relics":[{"not_picked":["Snecko Eye","Fusion Hammer"],"picked":"Pandora\u0027s Box"}],"items_purged_floors":[14],"is_endless":false,"potions_floor_spawned":[2,4,8,11,21,22],"killed_by":"Slavers","ascension_level":13}