{"gold_per_floor":[218,99,99,113,126,126,126,126,126,141,141,153,188,201,201,275,275,288,288,305,321,321,321,346,346,346,346],"floor_reached":27,"playtime":1306,"items_purged":["Strike_B"],"score":443,"play_id":"773b8cc0-a486-4c5c-b682-c88783911003","local_time":"20180924205126","is_ascension_mode":true,"campfire_choices":[{"floor":6,"key":"REST"},{"data":"Dualcast","floor":8,"key":"SMITH"},{"floor":15,"key":"REST"},{"floor":23,"key":"REST"},{"floor":25,"key":"REST"}],"neow_cost":"NONE","seed_source_timestamp":806095055044620,"circlet_count":0,"master_deck":["Strike_B","Strike_B","Strike_B","Defend_B","Defend_B+1","Defend_B","Defend_B","Zap+1","Dualcast+1","AscendersBane","Steam","Static Discharge+1","Ball Lightning","Reinforced Body","Ball Lightning+1","Multi-Cast","Doom and Gloom+1","Core Surge+1","Glacier+1"],"relics":["Cracked Core","Molten Egg 2","Omamori","Nuclear Battery","Incense Burner","Cables"],"potions_floor_usage":[13,13,14,21,21],"damage_taken":[{"damage":0,"enemies":"Small Slimes","floor":1,"turns":2},{"damage":1,"enemies":"2 Louse","floor":4,"turns":3},{"damage":7,"enemies":"Jaw Worm","floor":5,"turns":3},{"damage":9,"enemies":"Exordium Wildlife","floor":10,"turns":4},{"damage":0,"enemies":"Blue Slaver","floor":12,"turns":4},{"damage":8,"enemies":"Gremlin Nob","floor":13,"turns":3},{"damage":7,"enemies":"Gremlin Gang","floor":14,"turns":3},{"damage":36,"enemies":"The Guardian","floor":16,"turns":5},{"damage":16,"enemies":"Spheric Guardian","floor":18,"turns":3},{"damage":0,"enemies":"Chosen","floor":20,"turns":3},{"damage":1,"enemies":"Centurion and Healer","floor":21,"turns":6},{"damage":60,"enemies":"Gremlin Leader","floor":24,"turns":7},{"damage":26,"enemies":"Book of Stabbing","floor":27,"turns":3}],"seed_played":"-1605170012326223066","potions_obtained":[{"floor":10,"key":"LiquidBronze"},{"floor":12,"key":"PowerPotion"},{"floor":13,"key":"Ancient Potion"},{"floor":18,"key":"Weak Potion"},{"floor":20,"key":"Fire Potion"}],"is_trial":false,"path_per_floor":["M","$","?","M","M","R","?","R","T","M","?","M","E","M","R","B",null,"M","?","M","M","?","R","E","R","T"],"character_chosen":"DEFECT","items_purchased":["Static Discharge"],"campfire_rested":4,"item_purchase_floors":[2],"current_hp_per_floor":[64,64,43,42,35,56,56,56,56,47,47,47,39,32,53,17,58,42,42,42,41,41,62,2,23,23,0],"gold":346,"neow_bonus":"HUNDRED_GOLD","is_prod":false,"is_daily":false,"chose_seed":false,"campfire_upgraded":1,"win_rate":0,"timestamp":1537815086,"path_taken":["M","$","?","M","M","R","?","R","T","M","?","M","E","?","R","BOSS","M","?","?","M","?","R","E","R","T","E"],"build_version":"2018-09-20","purchased_purges":1,"victory":false,"max_hp_per_floor":[71,71,71,71,71,71,71,71,71,71,71,71,71,71,71,71,71,71,71,71,71,71,71,71,71,71,71],"card_choices":[{"not_picked":["Streamline","Stack"],"picked":"Steam","floor":1},{"not_picked":["Leap","Scrape","Beam Cell"],"picked":"SKIP","floor":4},{"not_picked":["Double Energy","Amplify"],"picked":"Ball Lightning","floor":5},{"not_picked":["Rebound+1","Hello World"],"picked":"Reinforced Body","floor":10},{"not_picked":["Heatsinks","Streamline+1"],"picked":"Ball Lightning+1","floor":12},{"not_picked":["Stack","Go for the Eyes+1"],"picked":"Multi-Cast","floor":13},{"not_picked":["Gash+1","Rebound+1"],"picked":"Doom and Gloom+1","floor":14},{"not_picked":["Machine Learning","All For One+1"],"picked":"Core Surge+1","floor":16},{"not_picked":["Gash+1","Chill"],"picked":"Glacier+1","floor":18},{"not_picked":["Undo","Turbo","Double Energy"],"picked":"SKIP","floor":20},{"not_picked":["Hologram","Redo","Leap"],"picked":"SKIP","floor":21},{"not_picked":["Aggregate","Streamline+1","Leap"],"picked":"SKIP","floor":24}],"player_experience":640205,"relics_obtained":[{"floor":9,"key":"Molten Egg 2"},{"floor":13,"key":"Omamori"},{"floor":24,"key":"Incense Burner"},{"floor":26,"key":"Cables"}],"event_choices":[{"event_name":"Shining Light","player_choice":"Entered Light","floor":3,"damage_taken":0},{"event_name":"Living Wall","player_choice":"Grow","floor":7,"damage_taken":0},{"event_name":"Liars Game","player_choice":"disagreed","floor":11,"damage_taken":0},{"event_name":"Ghosts","player_choice":"Ignored","floor":19,"damage_taken":0},{"event_name":"Vampires","player_choice":"Ignored","floor":22,"damage_taken":0}],"is_beta":false,"boss_relics":[{"not_picked":["Snecko Eye","Sozu"],"picked":"Nuclear Battery"}],"items_purged_floors":[2],"is_endless":false,"potions_floor_spawned":[10,12,13,18,20],"killed_by":"Book of Stabbing","ascension_level":18}