{"gold_per_floor":[117,128,128,143,143,143,153,153,153,153,166,179,191,255,255,328,328,344,367,292,292,309,325,325,325],"floor_reached":25,"playtime":1550,"items_purged":["Strike_B"],"score":390,"play_id":"3fd8fd61-258a-43ed-817c-7534c299bdfb","local_time":"20181028205750","is_ascension_mode":true,"campfire_choices":[{"data":"Sunder","floor":6,"key":"SMITH"},{"data":"Beam Cell","floor":8,"key":"SMITH"},{"data":"Genetic Algorithm","floor":10,"key":"SMITH"},{"data":"Echo Form","floor":15,"key":"SMITH"},{"data":"Self Repair","floor":24,"key":"SMITH"}],"neow_cost":"NONE","seed_source_timestamp":183398312680097,"circlet_count":0,"master_deck":["Strike_B","Defend_B","Defend_B","Defend_B","Defend_B","Zap+1","Dualcast","AscendersBane","Go for the Eyes","Genetic Algorithm+1","Sunder+1","Beam Cell+1","Self Repair+1","Reinforced Body","Echo Form+1","Undo","Seek","Double Energy+1","Defragment"],"relics":["Cracked Core","Mercury Hourglass","Incense Burner","Tiny Chest","Empty Cage","Omamori","Nilry\u0027s Codex"],"potions_floor_usage":[11,18],"damage_taken":[{"damage":10,"enemies":"Small Slimes","floor":1,"turns":3},{"damage":7,"enemies":"2 Louse","floor":2,"turns":3},{"damage":13,"enemies":"Jaw Worm","floor":4,"turns":4},{"damage":0,"enemies":"Red Slaver","floor":7,"turns":3},{"damage":4,"enemies":"3 Louse","floor":11,"turns":2},{"damage":0,"enemies":"Large Slime","floor":12,"turns":5},{"damage":0,"enemies":"Looter","floor":13,"turns":2},{"damage":20,"enemies":"3 Sentries","floor":14,"turns":6},{"damage":15,"enemies":"Slime Boss","floor":16,"turns":7},{"damage":1,"enemies":"3 Byrds","floor":18,"turns":4},{"damage":13,"enemies":"Spheric Guardian","floor":22,"turns":7},{"damage":30,"enemies":"Centurion and Healer","floor":23,"turns":10},{"damage":37,"enemies":"Cultist and Chosen","floor":25,"turns":7}],"seed_played":"3150336467775892849","potions_obtained":[{"floor":2,"key":"SpeedPotion"},{"floor":7,"key":"Ancient Potion"},{"floor":11,"key":"SkillPotion"},{"floor":14,"key":"Dexterity Potion"},{"floor":22,"key":"FocusPotion"}],"is_trial":false,"path_per_floor":["M","M","?","M","T","R","M","R","T","R","M","M","M","E","R","B",null,"M","T","$","?","M","M","R"],"character_chosen":"DEFECT","items_purchased":[],"campfire_rested":0,"item_purchase_floors":[],"current_hp_per_floor":[61,54,54,41,41,41,41,41,41,41,37,44,44,38,38,30,66,65,65,65,44,45,29,29,0],"gold":325,"neow_bonus":"TEN_PERCENT_HP_BONUS","is_prod":false,"is_daily":false,"chose_seed":false,"campfire_upgraded":5,"win_rate":0,"timestamp":1540756670,"path_taken":["M","M","?","M","?","R","M","R","T","R","M","M","M","E","R","BOSS","M","?","$","?","?","M","R","M"],"build_version":"2018-10-25v2","purchased_purges":1,"victory":false,"max_hp_per_floor":[78,78,78,78,78,78,78,78,78,78,78,78,78,78,78,78,78,78,78,78,78,78,78,78,78],"card_choices":[{"not_picked":["Melter","Redo"],"picked":"Go for the Eyes","floor":1},{"not_picked":["Heatsinks","Hologram"],"picked":"Genetic Algorithm","floor":2},{"not_picked":["Static Discharge","Hologram"],"picked":"Sunder","floor":4},{"not_picked":["Go for the Eyes","Conserve Battery"],"picked":"Beam Cell","floor":7},{"not_picked":["Beam Cell","Compile Driver"],"picked":"Self Repair","floor":11},{"not_picked":["Hologram","Barrage"],"picked":"Reinforced Body","floor":12},{"not_picked":["Sweeping Beam","Stack"],"picked":"Echo Form","floor":13},{"not_picked":["Redo","Coolheaded"],"picked":"Undo","floor":14},{"not_picked":["Reboot","Rainbow"],"picked":"Seek","floor":16},{"not_picked":["Redo","Cold Snap"],"picked":"Double Energy+1","floor":18},{"not_picked":["Leap+1","Conserve Battery"],"picked":"Defragment","floor":22},{"not_picked":["Stack","Undo","Cold Snap"],"picked":"SKIP","floor":23}],"player_experience":275920,"relics_obtained":[{"floor":5,"key":"Mercury Hourglass"},{"floor":9,"key":"Incense Burner"},{"floor":14,"key":"Tiny Chest"},{"floor":19,"key":"Omamori"},{"floor":21,"key":"Nilry\u0027s Codex"}],"event_choices":[{"damage_healed":0,"gold_gain":0,"player_choice":"Grow","damage_taken":0,"max_hp_gain":0,"max_hp_loss":0,"event_name":"Living Wall","floor":3,"gold_loss":0,"cards_upgraded":["Zap"]},{"damage_healed":0,"gold_gain":0,"player_choice":"Obtained Book","damage_taken":21,"max_hp_gain":0,"max_hp_loss":0,"event_name":"Cursed Tome","floor":21,"gold_loss":0}],"is_beta":true,"boss_relics":[{"not_picked":["Calling Bell","Black Star"],"picked":"Empty Cage"}],"items_purged_floors":[20],"is_endless":false,"potions_floor_spawned":[2,7,11,14,22],"killed_by":"Cultist and Chosen","ascension_level":18}