{"gold_per_floor":[112,112,37,37,37,67,67,78,154,154,171,171,185,204,204,279,329,349,119,135,135,135,164,164,182,182,196,196,223,242,242,242,313,313,333,333,1332,1332,615,615,626,660,685,685],"floor_reached":44,"playtime":2485,"items_purged":["Defend_G","Strike_G","Normality"],"score":903,"play_id":"5441bcfe-b372-479b-9244-53a47494f255","local_time":"20190202105518","is_ascension_mode":true,"campfire_choices":[{"floor":7,"key":"REST"},{"data":"Dagger Spray","floor":10,"key":"SMITH"},{"data":"Footwork","floor":12,"key":"SMITH"},{"data":"Cloak And Dagger","floor":15,"key":"SMITH"},{"floor":24,"key":"REST"},{"floor":28,"key":"REST"},{"floor":32,"key":"REST"},{"floor":40,"key":"REST"}],"neow_cost":"NONE","seed_source_timestamp":1277631217176730,"circlet_count":0,"master_deck":["AscendersBane","Defend_G","Defend_G","Defend_G","Defend_G","Strike_G","Strike_G","Strike_G","Survivor+1","Neutralize+1","Dagger Spray+1","Footwork+1","Cloak And Dagger+1","A Thousand Cuts","Crippling Poison","Noxious Fumes","Dodge and Roll","Cloak And Dagger","RitualDagger","Predator","Deadly Poison","PiercingWail","PiercingWail","Writhe","Adrenaline","Backflip","Normality","Noxious Fumes","Deflect+1","After Image","Parasite"],"relics":["Ring of the Snake","Ninja Scroll","Bottled Flame","Tiny House","Regal Pillow","Gremlin Horn","Question Card","Pocketwatch","Cursed Key","Snake Skull","Membership Card","Pear","Kunai","Potion Belt"],"potions_floor_usage":[16,16,23,23,23,23,29,33,42,44],"damage_taken":[{"damage":3,"enemies":"Jaw Worm","floor":1,"turns":7},{"damage":41,"enemies":"Gremlin Nob","floor":6,"turns":6},{"damage":0,"enemies":"2 Louse","floor":8,"turns":4},{"damage":0,"enemies":"Small Slimes","floor":11,"turns":2},{"damage":0,"enemies":"Looter","floor":13,"turns":3},{"damage":0,"enemies":"2 Fungi Beasts","floor":14,"turns":3},{"damage":30,"enemies":"Slime Boss","floor":16,"turns":9},{"damage":0,"enemies":"3 Byrds","floor":18,"turns":5},{"damage":4,"enemies":"Chosen","floor":20,"turns":7},{"damage":41,"enemies":"Slavers","floor":23,"turns":7},{"damage":23,"enemies":"3 Cultists","floor":25,"turns":6},{"damage":17,"enemies":"Snecko","floor":27,"turns":6},{"damage":1,"enemies":"Gremlin Leader","floor":29,"turns":9},{"damage":21,"enemies":"Shelled Parasite and Fungi","floor":30,"turns":8},{"damage":67,"enemies":"Automaton","floor":33,"turns":14},{"damage":27,"enemies":"3 Darklings","floor":35,"turns":7},{"damage":11,"enemies":"3 Shapes","floor":41,"turns":4},{"damage":65,"enemies":"Reptomancer","floor":42,"turns":10},{"damage":24,"enemies":"Nemesis","floor":44,"turns":5}],"seed_played":"-7396237267305174481","potions_obtained":[{"floor":1,"key":"Poison Potion"},{"floor":6,"key":"Strength Potion"},{"floor":13,"key":"SteroidPotion"},{"floor":17,"key":"EntropicBrew"},{"floor":20,"key":"EssenceOfSteel"},{"floor":23,"key":"GhostInAJar"},{"floor":29,"key":"SpeedPotion"},{"floor":33,"key":"Weak Potion"},{"floor":35,"key":"SpeedPotion"}],"is_trial":false,"path_per_floor":["M","?","$","?","?","E","R","M","T","R","M","R","M","M","R","B",null,"M","$","M","?","?","E","R","M","T","M","R","E","M","?","R","B",null,"M","?","?","?","$","R","M","E","T","E"],"character_chosen":"THE_SILENT","items_purchased":["Noxious Fumes","Dodge and Roll","Snake Skull","Noxious Fumes","Membership Card","Pear"],"campfire_rested":5,"item_purchase_floors":[19,19,39,39,39,39],"current_hp_per_floor":[56,49,49,54,54,13,34,34,34,34,34,34,34,34,34,4,59,59,59,55,49,49,23,60,37,37,20,57,56,35,35,72,5,58,31,31,31,31,41,81,70,5,5,0],"gold":685,"neow_bonus":"UPGRADE_CARD","is_prod":false,"is_daily":false,"chose_seed":false,"campfire_upgraded":3,"win_rate":0,"timestamp":1549133718,"path_taken":["M","?","$","?","?","E","R","M","T","R","?","R","M","?","R","BOSS","M","$","M","?","?","E","R","M","T","M","R","E","M","?","R","BOSS","M","?","?","?","$","R","M","E","T","E"],"build_version":"2019-01-23","purchased_purges":3,"victory":false,"max_hp_per_floor":[66,66,66,71,71,71,71,71,71,71,71,71,71,71,71,71,76,76,76,76,76,76,76,76,76,76,76,76,76,76,76,76,76,76,76,76,76,76,86,86,86,86,86,86],"card_choices":[{"not_picked":["Masterful Stab","Underhanded Strike","Accuracy"],"picked":"SKIP","floor":1},{"not_picked":["Setup","Riddle With Holes","Bane"],"picked":"SKIP","floor":6},{"not_picked":["Bane","PiercingWail"],"picked":"Dagger Spray","floor":8},{"not_picked":["Expertise","Quick Slash"],"picked":"Footwork","floor":11},{"not_picked":["Choke","Dagger Spray"],"picked":"Cloak And Dagger","floor":13},{"not_picked":["Acrobatics","Sucker Punch"],"picked":"Flying Knee","floor":14},{"not_picked":["Storm of Steel","Unload"],"picked":"A Thousand Cuts","floor":16},{"not_picked":["PiercingWail","Reflex"],"picked":"Crippling Poison","floor":17},{"not_picked":["Eviscerate","Reflex","Outmaneuver+1"],"picked":"SKIP","floor":18},{"not_picked":["Quick Slash+1","Bane"],"picked":"Cloak And Dagger","floor":20},{"not_picked":["Underhanded Strike","Dagger Throw"],"picked":"Predator","floor":23},{"not_picked":["Dagger Spray","Skewer","Outmaneuver"],"picked":"SKIP","floor":25},{"not_picked":["Prepared","Riddle With Holes+1"],"picked":"Deadly Poison","floor":27},{"not_picked":["Quick Slash","Blade Dance"],"picked":"PiercingWail","floor":29},{"not_picked":["Tactician","A Thousand Cuts","Predator"],"picked":"PiercingWail","floor":30},{"not_picked":["Glass Knife","A Thousand Cuts","Night Terror"],"picked":"Adrenaline","floor":33},{"not_picked":["Bane","Riddle With Holes","Footwork+1"],"picked":"Backflip","floor":35},{"not_picked":["Outmaneuver","Prepared+1","Dash"],"picked":"Deflect+1","floor":41},{"not_picked":["Endless Agony","Cloak And Dagger+1","Flying Knee"],"picked":"After Image","floor":42}],"player_experience":618208,"relics_obtained":[{"floor":6,"key":"Bottled Flame"},{"floor":23,"key":"Regal Pillow"},{"floor":26,"key":"Gremlin Horn"},{"floor":29,"key":"Question Card"},{"floor":42,"key":"Kunai"},{"floor":43,"key":"Potion Belt"}],"event_choices":[{"cards_removed":["Strike_G"],"damage_healed":0,"gold_gain":0,"player_choice":"Card Removal","damage_taken":7,"max_hp_gain":0,"max_hp_loss":0,"event_name":"Golden Wing","floor":2,"gold_loss":0},{"damage_healed":0,"gold_gain":0,"player_choice":"Donut","damage_taken":0,"max_hp_gain":5,"max_hp_loss":0,"event_name":"Big Fish","floor":4,"gold_loss":0},{"damage_healed":0,"gold_gain":0,"player_choice":"Gave Potion","damage_taken":0,"relics_obtained":["Ninja Scroll"],"max_hp_gain":0,"max_hp_loss":0,"event_name":"WeMeetAgain","floor":5,"gold_loss":0},{"damage_healed":0,"gold_gain":0,"player_choice":"Joined the Cult","damage_taken":6,"max_hp_gain":0,"max_hp_loss":0,"event_name":"Nest","floor":21,"gold_loss":0,"cards_obtained":["RitualDagger"]},{"damage_healed":0,"gold_gain":0,"player_choice":"Ignored","damage_taken":0,"max_hp_gain":0,"max_hp_loss":0,"event_name":"Vampires","floor":22,"gold_loss":0},{"damage_healed":0,"gold_gain":0,"player_choice":"Opened","damage_taken":0,"relics_obtained":["Pocketwatch"],"max_hp_gain":0,"max_hp_loss":0,"event_name":"The Mausoleum","floor":31,"gold_loss":0,"cards_obtained":["Writhe"]},{"damage_healed":0,"gold_gain":0,"player_choice":"Ignored","damage_taken":0,"max_hp_gain":0,"max_hp_loss":0,"event_name":"Tomb of Lord Red Mask","floor":36,"gold_loss":0},{"damage_healed":0,"gold_gain":999,"player_choice":"Gold","damage_taken":0,"max_hp_gain":0,"max_hp_loss":0,"event_name":"MindBloom","floor":37,"gold_loss":0,"cards_obtained":["Normality","Normality"]},{"cards_removed":["Flying Knee"],"damage_healed":0,"gold_gain":0,"player_choice":"Removed Attack","damage_taken":0,"max_hp_gain":0,"max_hp_loss":0,"event_name":"Falling","floor":38,"gold_loss":0}],"is_beta":false,"boss_relics":[{"not_picked":["Velvet Choker","HoveringKite"],"picked":"Tiny House"},{"not_picked":["Runic Dome","Fusion Hammer"],"picked":"Cursed Key"}],"items_purged_floors":[3,19,39],"is_endless":false,"potions_floor_spawned":[1,6,13,20,23,29,33,35,41],"killed_by":"Nemesis","ascension_level":16}