{"gold_per_floor":[116,130,142,27,40,40,115,115,140,140,150,99,110,128,128,226,226,244,154,83,103,115,125,56,56,56,56,68,85,85,85,85,190,190,200,214,91,107,124,124,224,235,261,288,288,307,322,322,322,322],"floor_reached":50,"playtime":5788,"items_purged":["Strike_G","Strike_G"],"score":470,"play_id":"8bf90827-c3ce-4ea4-b16c-59566b8698aa","local_time":"20190110144920","is_ascension_mode":false,"campfire_choices":[{"data":"Leg Sweep","floor":6,"key":"SMITH"},{"data":"Neutralize","floor":8,"key":"SMITH"},{"data":"PiercingWail","floor":10,"key":"SMITH"},{"data":"Cloak And Dagger","floor":15,"key":"SMITH"},{"data":"Noxious Fumes","floor":25,"key":"SMITH"},{"data":"After Image","floor":27,"key":"SMITH"},{"data":"Terror","floor":30,"key":"SMITH"},{"data":"Noxious Fumes","floor":32,"key":"SMITH"},{"data":"Bane","floor":40,"key":"SMITH"},{"floor":45,"key":"REST"},{"floor":49,"key":"REST"}],"neow_cost":"NONE","seed_source_timestamp":990182225915705,"circlet_count":0,"master_deck":["Defend_G","Defend_G","Defend_G","Defend_G","Defend_G","Strike_G","Strike_G","Survivor","Neutralize+1","Escape Plan","PiercingWail+1","Well Laid Plans","Leg Sweep+1","Backflip","Cloak And Dagger+1","Flying Knee+1","After Image+1","Unload","Predator+1","Noxious Fumes+1","PiercingWail","Crippling Poison+1","Calculated Gamble","Terror+1","Noxious Fumes+1","Cloak And Dagger+1","After Image","Footwork+1","Bane+1","Caltrops+1","Footwork+1","Bouncing Flask+1","Dash+1"],"relics":["White Beast Statue"],"potions_floor_usage":[5,11,13,14,16,16,21,22,23,28,28,35,38,39,42,44,44,50,50,50],"damage_taken":[{"damage":0,"enemies":"2 Louse","floor":1,"turns":4},{"damage":4,"enemies":"Cultist","floor":2,"turns":5},{"damage":2,"enemies":"Small Slimes","floor":3,"turns":5},{"damage":1,"enemies":"Blue Slaver","floor":5,"turns":5},{"damage":0,"enemies":"Large Slime","floor":11,"turns":11},{"damage":0,"enemies":"3 Louse","floor":13,"turns":6},{"damage":0,"enemies":"Gremlin Gang","floor":14,"turns":9},{"damage":12,"enemies":"Slime Boss","floor":16,"turns":19},{"damage":6,"enemies":"3 Byrds","floor":18,"turns":10},{"damage":0,"enemies":"2 Thieves","floor":21,"turns":4},{"damage":6,"enemies":"Centurion and Healer","floor":22,"turns":8},{"damage":2,"enemies":"3 Cultists","floor":23,"turns":6},{"damage":7,"enemies":"Snake Plant","floor":28,"turns":5},{"damage":2,"enemies":"Shelled Parasite and Fungi","floor":29,"turns":7},{"damage":14,"enemies":"Automaton","floor":33,"turns":11},{"damage":10,"enemies":"3 Darklings","floor":35,"turns":7},{"damage":0,"enemies":"3 Shapes","floor":36,"turns":8},{"damage":7,"enemies":"3 Darklings","floor":38,"turns":6},{"damage":15,"enemies":"4 Shapes","floor":39,"turns":6},{"damage":25,"enemies":"Sphere and 2 Shapes","floor":42,"turns":6},{"damage":41,"enemies":"Reptomancer","floor":44,"turns":7},{"damage":12,"enemies":"Spire Growth","floor":46,"turns":10},{"damage":4,"enemies":"Writhing Mass","floor":47,"turns":8},{"damage":29,"enemies":"Donu and Deca","floor":50,"turns":4}],"seed_played":"4553495407433114597","potions_obtained":[{"floor":1,"key":"Regen Potion"},{"floor":2,"key":"Weak Potion"},{"floor":3,"key":"Strength Potion"},{"floor":5,"key":"PowerPotion"},{"floor":11,"key":"Dexterity Potion"},{"floor":13,"key":"Block Potion"},{"floor":14,"key":"Swift Potion"},{"floor":16,"key":"Regen Potion"},{"floor":18,"key":"Fire Potion"},{"floor":21,"key":"Poison Potion"},{"floor":22,"key":"FairyPotion"},{"floor":23,"key":"LiquidBronze"},{"floor":28,"key":"Dexterity Potion"},{"floor":29,"key":"Weak Potion"},{"floor":35,"key":"SpeedPotion"},{"floor":36,"key":"Regen Potion"},{"floor":38,"key":"Strength Potion"},{"floor":39,"key":"AttackPotion"},{"floor":42,"key":"Energy Potion"},{"floor":44,"key":"Ancient Potion"},{"floor":46,"key":"GamblersBrew"},{"floor":47,"key":"GhostInAJar"}],"is_trial":false,"path_per_floor":["M","M","M","$","M","R","?","R","T","R","M","$","M","M","R","B",null,"M","?","$","M","M","M","$","R","T","R","M","M","R","$","R","B",null,"M","M","$","M","M","R","?","M","T","E","R","M","M","?","R","B"],"character_chosen":"THE_SILENT","items_purchased":["Well Laid Plans","Cloak And Dagger","Noxious Fumes","Terror","Bane"],"campfire_rested":2,"item_purchase_floors":[4,12,20,24,37],"current_hp_per_floor":[70,66,64,64,63,63,56,56,56,56,70,70,70,70,70,58,70,64,64,64,64,58,56,56,56,56,56,63,61,61,61,61,47,70,60,60,60,67,52,52,52,27,27,2,23,11,7,7,28,0],"gold":322,"neow_bonus":"BOSS_RELIC","is_prod":false,"is_daily":false,"chose_seed":false,"campfire_upgraded":9,"win_rate":0,"timestamp":1547149760,"path_taken":["M","M","M","$","M","R","?","R","T","R","M","?","M","M","R","BOSS","M","?","$","M","M","M","?","R","T","R","M","M","R","$","R","BOSS","M","M","$","M","M","R","?","?","T","E","R","M","M","?","R","BOSS"],"build_version":"2019-01-03v4","purchased_purges":2,"victory":false,"max_hp_per_floor":[70,70,70,70,70,70,70,70,70,70,70,70,70,70,70,70,70,70,70,70,70,70,70,70,70,70,70,70,70,70,70,70,70,70,70,70,70,70,70,70,70,70,70,70,70,70,70,70,70,70],"card_choices":[{"not_picked":["Underhanded Strike","Concentrate","Outmaneuver"],"picked":"SKIP","floor":1},{"not_picked":["Dodge and Roll","Sucker Punch"],"picked":"Escape Plan","floor":2},{"not_picked":["Blur","Setup"],"picked":"PiercingWail","floor":3},{"not_picked":["Finisher","Outmaneuver"],"picked":"Leg Sweep","floor":5},{"not_picked":["Wraith Form v2","Masterful Stab"],"picked":"Backflip","floor":11},{"not_picked":["Endless Agony","Sucker Punch"],"picked":"Flying Knee","floor":13},{"not_picked":["Deflect","Finisher"],"picked":"After Image","floor":14},{"not_picked":["Phantasmal Killer","Grand Finale"],"picked":"Unload","floor":16},{"not_picked":["Outmaneuver","Deadly Poison"],"picked":"Predator+1","floor":18},{"not_picked":["Deflect","Deadly Poison"],"picked":"PiercingWail","floor":21},{"not_picked":["Dodge and Roll","Slice"],"picked":"Crippling Poison+1","floor":22},{"not_picked":["Sucker Punch","Wraith Form v2"],"picked":"Calculated Gamble","floor":23},{"not_picked":["Masterful Stab","PiercingWail"],"picked":"Noxious Fumes","floor":28},{"not_picked":["Flying Knee","Grand Finale"],"picked":"Cloak And Dagger+1","floor":29},{"not_picked":["Doppelganger","Phantasmal Killer"],"picked":"After Image","floor":33},{"not_picked":["Noxious Fumes","Quick Slash"],"picked":"Footwork+1","floor":35},{"not_picked":["Predator","Choke","Deflect"],"picked":"SKIP","floor":36},{"not_picked":["Sucker Punch+1","Endless Agony+1"],"picked":"Caltrops+1","floor":38},{"not_picked":["Sucker Punch+1","Masterful Stab+1","Dodge and Roll"],"picked":"SKIP","floor":39},{"not_picked":["Underhanded Strike+1","PiercingWail+1","Predator"],"picked":"SKIP","floor":42},{"not_picked":["Flechettes","Calculated Gamble"],"picked":"Footwork+1","floor":44},{"not_picked":["Choke+1","Underhanded Strike+1"],"picked":"Bouncing Flask+1","floor":46},{"not_picked":["Poisoned Stab+1","Accuracy"],"picked":"Dash+1","floor":47}],"player_experience":446393,"relics_obtained":[],"event_choices":[{"damage_healed":0,"gold_gain":75,"player_choice":"Touch","damage_taken":7,"max_hp_gain":0,"max_hp_loss":0,"event_name":"FaceTrader","floor":7,"gold_loss":0},{"cards_removed":["Strike_G"],"damage_healed":0,"gold_gain":0,"player_choice":"Upgrade and Remove","damage_taken":0,"max_hp_gain":0,"max_hp_loss":0,"event_name":"Designer","floor":19,"gold_loss":90,"cards_upgraded":["Flying Knee"]},{"damage_healed":0,"gold_gain":100,"player_choice":"Pray","damage_taken":0,"max_hp_gain":0,"max_hp_loss":0,"event_name":"Golden Shrine","floor":41,"gold_loss":0},{"damage_healed":0,"gold_gain":0,"player_choice":"Ignored","damage_taken":0,"max_hp_gain":0,"max_hp_loss":0,"event_name":"Tomb of Lord Red Mask","floor":48,"gold_loss":0}],"is_beta":false,"boss_relics":[{"not_picked":["Eternal Feather","Astrolabe","Empty Cage"]},{"not_picked":["Fusion Hammer","WristBlade","Tiny House"]}],"items_purged_floors":[4,37],"is_endless":false,"potions_floor_spawned":[1,2,3,5,11,13,14,16,18,21,22,23,28,29,33,35,36,38,39,42,44,46,47],"killed_by":"Donu and Deca","ascension_level":0}