{"gold_per_floor":[109,127,127,127,143,170,170,190,190,210,224,224,224,244,244,375,375,388,409,430,449,470,470,470],"floor_reached":24,"playtime":1128,"items_purged":[],"score":286,"play_id":"03968be8-a841-4339-b47c-f77988b84974","local_time":"20180916203059","is_ascension_mode":true,"campfire_choices":[{"floor":7,"key":"REST"},{"floor":12,"key":"REST"},{"floor":15,"key":"REST"},{"floor":23,"key":"REST"}],"neow_cost":"","seed_source_timestamp":113837729425946,"circlet_count":0,"master_deck":["Strike_B","Strike_B","Strike_B","Strike_B","Defend_B","Defend_B","Defend_B+1","Defend_B","Zap","Dualcast+1","Storm","FTL","Doom and Gloom","Thunder Strike","Static Discharge","Defragment+1","Go for the Eyes","Fusion+1"],"relics":["Cracked Core","Bag of Preparation","Bottled Flame","Golden Idol","Nuclear Battery"],"potions_floor_usage":[6,14,14,16,21,22],"damage_taken":[{"damage":2,"enemies":"Jaw Worm","floor":1,"turns":3},{"damage":0,"enemies":"2 Louse","floor":2,"turns":3},{"damage":0,"enemies":"Cultist","floor":5,"turns":3},{"damage":28,"enemies":"Gremlin Nob","floor":6,"turns":4},{"damage":4,"enemies":"3 Louse","floor":8,"turns":3},{"damage":1,"enemies":"Exordium Wildlife","floor":10,"turns":2},{"damage":13,"enemies":"Blue Slaver","floor":11,"turns":4},{"damage":0,"enemies":"Gremlin Gang","floor":14,"turns":3},{"damage":44,"enemies":"Hexaghost","floor":16,"turns":9},{"damage":31,"enemies":"3 Byrds","floor":18,"turns":6},{"damage":2,"enemies":"Spheric Guardian","floor":19,"turns":3},{"damage":7,"enemies":"Centurion and Healer","floor":20,"turns":5},{"damage":24,"enemies":"Snake Plant","floor":21,"turns":2},{"damage":2,"enemies":"Snecko","floor":22,"turns":3},{"damage":30,"enemies":"Slavers","floor":24,"turns":2}],"seed_played":"1159233569880833074","potions_obtained":[{"floor":1,"key":"FearPotion"},{"floor":2,"key":"FairyPotion"},{"floor":10,"key":"LiquidBronze"},{"floor":11,"key":"Fire Potion"},{"floor":14,"key":"AttackPotion"},{"floor":19,"key":"Dexterity Potion"},{"floor":21,"key":"AttackPotion"}],"is_trial":false,"path_per_floor":["M","M","?","?","M","E","R","M","T","M","M","R","?","M","R","B",null,"M","M","M","M","M","R"],"character_chosen":"DEFECT","items_purchased":[],"campfire_rested":4,"item_purchase_floors":[],"current_hp_per_floor":[66,66,66,51,51,23,45,41,41,40,27,49,49,49,69,25,58,27,25,18,6,4,24,0],"gold":470,"neow_bonus":"","is_prod":false,"is_daily":false,"chose_seed":false,"campfire_upgraded":0,"win_rate":0,"timestamp":1537122659,"path_taken":["M","M","?","?","?","E","R","M","T","M","M","R","?","M","R","BOSS","M","M","?","M","M","R","E"],"build_version":"2018-09-06","purchased_purges":0,"victory":false,"max_hp_per_floor":[75,75,75,75,75,75,75,75,75,75,75,75,69,69,69,69,69,69,69,69,69,69,69,69],"card_choices":[{"not_picked":["Compile Driver","Beam Cell","Redo"],"picked":"SKIP","floor":1},{"not_picked":["Skim","Auto Shields","Force Field"],"picked":"SKIP","floor":2},{"not_picked":["Doom and Gloom","Coolheaded"],"picked":"Storm","floor":5},{"not_picked":["Conserve Battery","Compile Driver","Fission"],"picked":"SKIP","floor":6},{"not_picked":["Stack","Rebound","Turbo"],"picked":"SKIP","floor":8},{"not_picked":["Ball Lightning","Barrage"],"picked":"FTL","floor":10},{"not_picked":["Steam","Beam Cell","Ball Lightning"],"picked":"SKIP","floor":11},{"not_picked":["Stack","Tempest"],"picked":"Doom and Gloom","floor":14},{"not_picked":["Hyperbeam","Rainbow"],"picked":"Thunder Strike","floor":16},{"not_picked":["Rebound","Hello World+1"],"picked":"Static Discharge","floor":18},{"not_picked":["Lockon","Ball Lightning"],"picked":"Defragment+1","floor":19},{"not_picked":["Sunder","Stack","Compile Driver"],"picked":"SKIP","floor":20},{"not_picked":["Melter","Ball Lightning"],"picked":"Go for the Eyes","floor":21},{"not_picked":["Turbo","Genetic Algorithm"],"picked":"Fusion+1","floor":22}],"player_experience":248256,"relics_obtained":[{"floor":6,"key":"Bag of Preparation"},{"floor":9,"key":"Bottled Flame"}],"event_choices":[{"event_name":"Liars Game","player_choice":"disagreed","floor":3,"damage_taken":0},{"event_name":"Shining Light","player_choice":"Entered Light","floor":4,"damage_taken":0},{"event_name":"Golden Idol","player_choice":"Lose Max HP","floor":13,"damage_taken":0}],"is_beta":false,"boss_relics":[{"not_picked":["White Beast Statue","Sozu"],"picked":"Nuclear Battery"}],"items_purged_floors":[],"is_endless":false,"potions_floor_spawned":[1,2,10,11,14,19,21],"killed_by":"Slavers","ascension_level":8}