{"gold_per_floor":[114,189,189,205,219,219,235,253,333,333,333,351,394,5,5,130,130,151,151],"floor_reached":19,"playtime":673,"items_purged":[],"score":219,"play_id":"bdabcab4-02f6-477c-9c65-8767df3feefa","local_time":"20190213121516","is_ascension_mode":false,"campfire_choices":[{"data":"Darkness","floor":6,"key":"SMITH"},{"data":"Coolheaded","floor":11,"key":"SMITH"},{"data":"Coolheaded","floor":15,"key":"SMITH"}],"neow_cost":"NONE","seed_source_timestamp":91130196026915,"circlet_count":0,"master_deck":["Strike_B","Strike_B","Strike_B","Defend_B","Defend_B","Defend_B","Zap","Dualcast","Cold Snap","Darkness+1","Consume","Coolheaded+1","Conserve Battery","Cold Snap","Injury","Coolheaded+1","Darkness","Conserve Battery","Electrodynamics","Pain","Injury","Pain"],"relics":["Cracked Core","Pear","Golden Idol","Pocketwatch","Runic Capacitor","Orichalcum","Calling Bell","Dream Catcher","The Courier","Ice Cream"],"potions_floor_usage":[8,18,19,19],"damage_taken":[{"damage":4,"enemies":"Jaw Worm","floor":1,"turns":2},{"damage":0,"enemies":"2 Louse","floor":4,"turns":2},{"damage":0,"enemies":"Cultist","floor":5,"turns":3},{"damage":15,"enemies":"Blue Slaver","floor":7,"turns":4},{"damage":13,"enemies":"2 Fungi Beasts","floor":8,"turns":3},{"damage":3,"enemies":"Looter","floor":12,"turns":4},{"damage":17,"enemies":"Gremlin Nob","floor":13,"turns":5},{"damage":0,"enemies":"Hexaghost","floor":16,"turns":9},{"damage":50,"enemies":"2 Thieves","floor":18,"turns":4},{"damage":37,"enemies":"Colosseum Slavers","floor":19,"turns":3}],"seed_played":"4080886701353353812","potions_obtained":[{"floor":1,"key":"Regen Potion"},{"floor":7,"key":"SpeedPotion"},{"floor":8,"key":"Explosive Potion"},{"floor":12,"key":"Swift Potion"},{"floor":13,"key":"Strength Potion"},{"floor":18,"key":"AttackPotion"}],"is_trial":false,"path_per_floor":["M","?","?","M","M","R","M","M","T","?","R","M","E","$","R","B",null,"M","?"],"character_chosen":"DEFECT","items_purchased":["Runic Capacitor","Orichalcum","Conserve Battery"],"campfire_rested":0,"item_purchase_floors":[14,14,14],"current_hp_per_floor":[71,60,60,60,60,60,45,41,51,51,51,48,31,31,31,31,85,35,0],"gold":151,"neow_bonus":"TRANSFORM_CARD","is_prod":false,"is_daily":false,"chose_seed":false,"campfire_upgraded":3,"win_rate":0,"timestamp":1550078116,"path_taken":["M","?","?","M","?","R","M","M","T","?","R","M","E","$","R","BOSS","M","?"],"build_version":"2019-01-23","purchased_purges":0,"victory":false,"max_hp_per_floor":[75,75,75,75,75,75,75,75,85,85,85,85,85,85,85,85,85,85,85],"card_choices":[{"not_picked":["Compile Driver","Steam"],"picked":"Darkness","floor":1},{"not_picked":["Blizzard","Reprogram"],"picked":"Consume","floor":4},{"not_picked":["Streamline","Turbo"],"picked":"Coolheaded","floor":5},{"not_picked":["Rebound","Rainbow"],"picked":"Conserve Battery","floor":7},{"not_picked":["Aggregate","Turbo"],"picked":"Cold Snap","floor":8},{"not_picked":["Reinforced Body","Sunder"],"picked":"Coolheaded","floor":12},{"not_picked":["Heatsinks","Sweeping Beam"],"picked":"Darkness","floor":13},{"not_picked":["All For One","Core Surge"],"picked":"Electrodynamics","floor":16},{"not_picked":["Sweeping Beam","Gash","Sunder+1"],"picked":"SKIP","floor":18}],"player_experience":669587,"relics_obtained":[{"floor":9,"key":"Pear"},{"floor":13,"key":"Pocketwatch"},{"floor":17,"key":"Dream Catcher"},{"floor":17,"key":"The Courier"},{"floor":17,"key":"Ice Cream"}],"event_choices":[{"damage_healed":0,"gold_gain":75,"player_choice":"Gather Gold","damage_taken":11,"max_hp_gain":0,"max_hp_loss":0,"event_name":"World of Goop","floor":2,"gold_loss":0},{"cards_removed":["Defend_B"],"damage_healed":0,"gold_gain":0,"player_choice":"Purged","damage_taken":0,"max_hp_gain":0,"max_hp_loss":0,"event_name":"Purifier","floor":3,"gold_loss":0},{"damage_healed":0,"gold_gain":0,"player_choice":"Take Wound","damage_taken":0,"relics_obtained":["Golden Idol"],"max_hp_gain":0,"max_hp_loss":0,"event_name":"Golden Idol","floor":10,"gold_loss":0,"cards_obtained":["Injury"]},{"damage_healed":0,"gold_gain":0,"player_choice":"Fight","damage_taken":0,"max_hp_gain":0,"max_hp_loss":0,"event_name":"Colosseum","floor":19,"gold_loss":0}],"is_beta":false,"boss_relics":[{"not_picked":["Lizard Tail","Tiny House"],"picked":"Calling Bell"}],"items_purged_floors":[],"is_endless":false,"potions_floor_spawned":[1,7,8,12,13,16,18],"killed_by":"Colosseum Slavers","ascension_level":0}