{"gold_per_floor":[113,113,113,163,179,179,210,222,247,247,297,297,32,92,92,188,188,205,255,338,388,403,403,418,418,442,442,461,523,523,573,573,573],"floor_reached":33,"playtime":1447,"items_purged":[],"score":245,"play_id":"e2cf17db-487f-4aa4-a637-dfbcc835ab2b","local_time":"20180906192508","is_ascension_mode":false,"campfire_choices":[{"floor":6,"key":"REST"},{"floor":10,"key":"REST"},{"data":"Streamline","floor":12,"key":"SMITH"},{"data":"Storm","floor":15,"key":"SMITH"},{"floor":23,"key":"REST"},{"floor":25,"key":"REST"},{"data":"Thunder Strike","floor":27,"key":"SMITH"},{"floor":32,"key":"REST"}],"neow_cost":"NONE","seed_source_timestamp":35643278312365,"circlet_count":0,"master_deck":["Strike_B+1","Defend_B","Defend_B+1","Defend_B","Defend_B","Zap+1","Dualcast","Beam Cell","Regret","Streamline+1","Beam Cell","Storm+1","Storm+1","Thunder Strike+1","Compile Driver+1","Coolheaded+1","Core Surge+1","Static Discharge","RitualDagger","Cold Snap","Ball Lightning","Ball Lightning","Ball Lightning","Redo","Heatsinks"],"relics":["Cracked Core","SsserpentHead","Anchor","Question Card","Bag of Marbles","Membership Card","Astrolabe","Red Mask","Strawberry","MutagenicStrength"],"potions_floor_usage":[7,16,20,33,33,33],"damage_taken":[{"damage":7,"enemies":"2 Louse","floor":1,"turns":2},{"damage":6,"enemies":"Small Slimes","floor":5,"turns":3},{"damage":20,"enemies":"3 Sentries","floor":7,"turns":8},{"damage":0,"enemies":"Cultist","floor":8,"turns":2},{"damage":4,"enemies":"Looter","floor":14,"turns":3},{"damage":58,"enemies":"The Guardian","floor":16,"turns":9},{"damage":22,"enemies":"Spheric Guardian","floor":18,"turns":4},{"damage":25,"enemies":"Masked Bandits","floor":20,"turns":4},{"damage":3,"enemies":"Chosen","floor":22,"turns":3},{"damage":17,"enemies":"3 Cultists","floor":24,"turns":4},{"damage":15,"enemies":"Sentry and Sphere","floor":28,"turns":4},{"damage":12,"enemies":"Centurion and Healer","floor":29,"turns":4},{"damage":28,"enemies":"3 Cultists","floor":30,"turns":4},{"damage":48,"enemies":"Champ","floor":33,"turns":8}],"seed_played":"-2820133850332869938","potions_obtained":[{"floor":5,"key":"Poison Potion"},{"floor":8,"key":"Regen Potion"},{"floor":16,"key":"Block Potion"},{"floor":22,"key":"EssenceOfSteel"},{"floor":24,"key":"GamblersBrew"},{"floor":28,"key":"SkillPotion"}],"is_trial":false,"path_per_floor":["M","?","?","?","M","R","E","M","T","R","?","R","$","M","R","B",null,"M","?","?","?","M","R","M","R","T","R","M","M","M","?","R"],"character_chosen":"DEFECT","items_purchased":["Storm","Membership Card"],"campfire_rested":5,"item_purchase_floors":[13,13],"current_hp_per_floor":[68,53,53,53,47,69,49,49,49,71,71,71,71,67,67,14,75,53,47,22,47,44,66,49,71,78,78,63,51,23,23,47,0],"gold":573,"neow_bonus":"UPGRADE_CARD","is_prod":false,"is_daily":false,"chose_seed":false,"campfire_upgraded":3,"win_rate":0.0,"timestamp":1536258308,"path_taken":["M","?","?","?","M","R","E","M","T","R","?","R","$","?","R","BOSS","M","?","?","?","M","R","M","R","T","R","M","?","M","?","R","BOSS"],"build_version":"2018-08-30","purchased_purges":0,"victory":false,"max_hp_per_floor":[75,75,75,75,75,75,75,75,75,75,75,75,75,75,75,75,75,75,75,75,75,75,75,75,75,82,82,82,82,82,82,82,82],"card_choices":[{"not_picked":["Force Field","Gash"],"picked":"Beam Cell","floor":1},{"not_picked":["Beam Cell","Sunder"],"picked":"Streamline","floor":5},{"not_picked":["Steam","Turbo"],"picked":"Beam Cell","floor":7},{"not_picked":["Go for the Eyes","Static Discharge","Genetic Algorithm"],"picked":"Storm","floor":8},{"not_picked":["Sweeping Beam","Rebound","Leap","Self Repair"],"picked":"SKIP","floor":14},{"not_picked":["Amplify","Rainbow","Fission"],"picked":"Thunder Strike","floor":16},{"not_picked":["Streamline","Compile Driver","Hologram+1"],"picked":"Static Discharge","floor":18},{"not_picked":["Sweeping Beam","BootSequence","Reinforced Body+1"],"picked":"Cold Snap","floor":20},{"not_picked":["Genetic Algorithm","Compile Driver+1","Go for the Eyes"],"picked":"Ball Lightning","floor":22},{"not_picked":["Steam","Streamline+1","Amplify"],"picked":"Ball Lightning","floor":24},{"not_picked":["Conserve Battery+1","Go for the Eyes","Self Repair"],"picked":"Ball Lightning","floor":28},{"not_picked":["Streamline+1","Blizzard","Turbo"],"picked":"Redo","floor":29},{"not_picked":["Streamline","Steam+1","Coolheaded"],"picked":"Heatsinks","floor":30}],"player_experience":138689,"relics_obtained":[{"floor":7,"key":"Question Card"},{"floor":9,"key":"Bag of Marbles"},{"floor":20,"key":"Red Mask"},{"floor":26,"key":"Strawberry"}],"event_choices":[{"event_name":"Shining Light","player_choice":"Entered Light","floor":2,"damage_taken":0},{"event_name":"FaceTrader","player_choice":"Trade","floor":3,"damage_taken":0},{"event_name":"Big Fish","player_choice":"Box","floor":4,"damage_taken":0},{"event_name":"Upgrade Shrine","player_choice":"Upgraded","floor":11,"damage_taken":0},{"event_name":"Nest","player_choice":"Joined the Cult","floor":19,"damage_taken":0},{"event_name":"Masked Bandits","player_choice":"Fought Bandits","floor":20,"damage_taken":0},{"event_name":"The Library","player_choice":"Heal","floor":21,"damage_taken":0},{"event_name":"Drug Dealer","player_choice":"Inject Mutagens","floor":31,"damage_taken":0}],"is_beta":false,"boss_relics":[{"not_picked":["Coffee Dripper","Ectoplasm"],"picked":"Astrolabe"}],"items_purged_floors":[],"is_endless":false,"potions_floor_spawned":[5,8,16,22,24,28,29],"killed_by":"Champ","ascension_level":0}