{"path_per_floor":["M","M","?","M","M","R","E","M","T","?","R","M","E","M","R","B",null,"M","?","M","$","?","R","M","E","T","M","M"],"character_chosen":"THE_SILENT","items_purchased":["Molten Egg 2","Pantograph","Concentrate","Underhanded Strike"],"gold_per_floor":[112,130,130,148,159,159,186,196,226,226,226,241,284,308,308,431,431,449,649,662,21,21,21,37,63,87,97,115,115],"floor_reached":29,"campfire_rested":4,"playtime":1188,"current_hp_per_floor":[70,60,53,53,42,63,51,41,41,41,61,55,43,30,51,20,71,37,37,19,19,19,40,31,27,32,9,14,0],"items_purged":["Defend_G"],"gold":115,"score":311,"play_id":"a4f8f744-41c9-4813-8a3c-bf9b41cc4131","local_time":"20180331223754","is_prod":false,"is_daily":false,"is_ascension_mode":true,"campfire_upgraded":0,"timestamp":1522528674,"path_taken":["M","?","?","M","M","R","E","?","T","?","R","M","E","M","R","BOSS","M","?","M","$","?","R","M","E","T","M","M","?"],"build_version":"2018-03-29v2","purchased_purges":1,"victory":false,"master_deck":["Defend_G","Defend_G","Defend_G","Strike_G","Strike_G","Strike_G","Strike_G","Strike_G","Survivor+1","Neutralize","Predator","Terror","Masterful Stab","Deflect+1","Unload","Deflect","Unload","Setup+1","Riddle With Holes","Concentrate","Underhanded Strike+1","Dagger Throw+1","Acrobatics","Eviscerate+1","Underhanded Strike+1"],"max_hp_per_floor":[70,70,70,70,70,70,72,74,74,69,69,69,69,71,71,71,71,71,71,71,71,71,71,71,71,71,71,71,71],"relics":["Runic Dome","Singing Bowl","Tiny Chest","Bloody Idol","War Paint","White Beast Statue","Molten Egg 2","Pantograph","Bronze Scales","Anchor"],"card_choices":[{"not_picked":["Heel Hook","Bane"],"picked":"Predator","floor":1},{"not_picked":["Catalyst","Dagger Throw"],"picked":"Terror","floor":2},{"not_picked":["Underhanded Strike","Bane"],"picked":"Masterful Stab","floor":4},{"not_picked":["Calculated Gamble","Underhanded Strike"],"picked":"Deflect","floor":5},{"not_picked":["All Out Attack","PiercingWail"],"picked":"Unload","floor":12},{"not_picked":["Backflip","Dagger Throw"],"picked":"Deflect","floor":13},{"not_picked":["A Thousand Cuts","Bullet Time"],"picked":"Unload","floor":16},{"not_picked":["Deadly Poison","Cloak And Dagger"],"picked":"Setup","floor":18},{"not_picked":["Deadly Poison","Poisoned Stab"],"picked":"Riddle With Holes","floor":20},{"not_picked":["Poisoned Stab","Bane"],"picked":"Dagger Throw","floor":24},{"not_picked":["Footwork","Venomology"],"picked":"Acrobatics","floor":25},{"not_picked":["Acrobatics","Quick Slash"],"picked":"Eviscerate","floor":27},{"not_picked":["Flying Knee","Skewer"],"picked":"Underhanded Strike","floor":28}],"player_experience":178827,"potions_floor_usage":[13,16,16,24,25,25,28,28,29],"damage_taken":[{"damage":0,"enemies":"Cultist","floor":1,"turns":5},{"damage":10,"enemies":"Small Slimes","floor":2,"turns":3},{"damage":0,"enemies":"2 Louse","floor":4,"turns":2},{"damage":11,"enemies":"Looter","floor":5,"turns":2},{"damage":14,"enemies":"Lagavulin","floor":7,"turns":5},{"damage":12,"enemies":"Exordium Wildlife","floor":8,"turns":4},{"damage":6,"enemies":"2 Fungi Beasts","floor":12,"turns":3},{"damage":12,"enemies":"3 Sentries","floor":13,"turns":6},{"damage":15,"enemies":"Exordium Thugs","floor":14,"turns":4},{"damage":46,"enemies":"Slime Boss","floor":16,"turns":13},{"damage":34,"enemies":"Chosen","floor":18,"turns":6},{"damage":18,"enemies":"3 Byrds","floor":20,"turns":7},{"damage":14,"enemies":"Centurion and Healer","floor":24,"turns":5},{"damage":9,"enemies":"Gremlin Leader","floor":25,"turns":5},{"damage":28,"enemies":"Slaver and Parasite","floor":27,"turns":4},{"damage":0,"enemies":"Snecko","floor":28,"turns":3},{"damage":24,"enemies":"Cultist and Chosen","floor":29,"turns":3}],"event_choices":[{"event_name":"Golden Wing","player_choice":"Card Removal","floor":3,"damage_taken":0},{"event_name":"Golden Idol","player_choice":"Lose Max HP","floor":10,"damage_taken":0},{"event_name":"Wheel of Change","player_choice":"Gold","floor":19,"damage_taken":0},{"event_name":"Forgotten Altar","player_choice":"Gave Idol","floor":22,"damage_taken":0}],"boss_relics":[{"not_picked":["The Specimen","Snecko Eye"],"picked":"White Beast Statue"}],"potions_floor_spawned":[1,2,7,8,14,18,20,24,25,27,28],"seed_played":"-4177750312698871926","killed_by":"Cultist and Chosen","ascension_level":4,"is_trial":false}