{"gold_per_floor":[111,111,111,126,136,136,164,164,234,253,273,273,286,317,317,317],"floor_reached":16,"playtime":897,"items_purged":[],"score":123,"play_id":"a1773dbb-6498-4bc8-805c-446dcc74effd","local_time":"20190326200754","is_ascension_mode":true,"campfire_choices":[{"data":"Neutralize","floor":6,"key":"SMITH"},{"data":"Blur","floor":8,"key":"SMITH"},{"floor":15,"key":"REST"}],"neow_cost":"NONE","seed_source_timestamp":80713430424766,"circlet_count":0,"master_deck":["Defend_G","Defend_G","Defend_G","Defend_G+1","Defend_G","Strike_G","Strike_G","Strike_G","Strike_G","Survivor","Neutralize+1","Backflip","Dagger Throw","Cloak And Dagger+1","Blur+1","Dash","Quick Slash"],"relics":["Ring of the Snake","Centennial Puzzle","Ancient Tea Set","Darkstone Periapt","War Paint"],"potions_floor_usage":[7,11,14,16],"damage_taken":[{"damage":0,"enemies":"2 Louse","floor":1,"turns":4},{"damage":1,"enemies":"Small Slimes","floor":4,"turns":4},{"damage":5,"enemies":"Cultist","floor":5,"turns":4},{"damage":13,"enemies":"Gremlin Nob","floor":7,"turns":4},{"damage":0,"enemies":"2 Fungi Beasts","floor":10,"turns":3},{"damage":9,"enemies":"Gremlin Gang","floor":11,"turns":6},{"damage":3,"enemies":"Red Slaver","floor":13,"turns":4},{"damage":14,"enemies":"3 Sentries","floor":14,"turns":13},{"damage":52,"enemies":"Slime Boss","floor":16,"turns":15}],"seed_played":"-4756676209505621961","potions_obtained":[{"floor":1,"key":"Block Potion"},{"floor":7,"key":"Strength Potion"},{"floor":13,"key":"EssenceOfSteel"},{"floor":14,"key":"SkillPotion"}],"is_trial":false,"path_per_floor":["M","?","?","M","M","R","E","R","T","M","M","?","M","E","R","B"],"character_chosen":"THE_SILENT","items_purchased":[],"campfire_rested":1,"item_purchase_floors":[],"current_hp_per_floor":[70,67,67,66,61,61,48,48,48,48,39,39,36,22,43,0],"gold":317,"neow_bonus":"THREE_CARDS","is_prod":false,"is_daily":false,"chose_seed":false,"campfire_upgraded":2,"win_rate":0,"timestamp":1553645274,"path_taken":["M","?","?","?","M","R","E","R","T","M","M","?","?","E","R","BOSS"],"build_version":"2019-01-23","purchased_purges":0,"victory":false,"max_hp_per_floor":[70,70,70,70,70,70,70,70,70,70,70,70,70,70,70,70],"card_choices":[{"not_picked":["Noxious Fumes","Deflect"],"picked":"Backflip","floor":0},{"not_picked":["Choke","Finisher","PiercingWail"],"picked":"SKIP","floor":1},{"not_picked":["Deflect","Prepared"],"picked":"Dagger Throw","floor":4},{"not_picked":["Backflip","Bane"],"picked":"Cloak And Dagger","floor":5},{"not_picked":["Blade Dance","PiercingWail"],"picked":"Blur","floor":7},{"not_picked":["Heel Hook","Noxious Fumes"],"picked":"Dash","floor":10},{"not_picked":["PiercingWail","Flying Knee","Finisher"],"picked":"SKIP","floor":11},{"not_picked":["All Out Attack","Flying Knee","Dash"],"picked":"SKIP","floor":13},{"not_picked":["Underhanded Strike","A Thousand Cuts"],"picked":"Quick Slash","floor":14}],"player_experience":757623,"relics_obtained":[{"floor":7,"key":"Ancient Tea Set"},{"floor":9,"key":"Darkstone Periapt"},{"floor":14,"key":"War Paint"}],"event_choices":[{"damage_healed":0,"gold_gain":0,"player_choice":"Success","damage_taken":3,"relics_obtained":["Centennial Puzzle"],"max_hp_gain":0,"max_hp_loss":0,"event_name":"Scrap Ooze","floor":2,"gold_loss":0},{"damage_healed":0,"gold_gain":0,"player_choice":"Bought 0 Potions","damage_taken":0,"max_hp_gain":0,"max_hp_loss":0,"event_name":"The Woman in Blue","floor":3,"gold_loss":0},{"cards_removed":["Strike_G"],"damage_healed":0,"gold_gain":0,"player_choice":"Offered Basic","damage_taken":0,"max_hp_gain":0,"max_hp_loss":0,"event_name":"Bonfire Elementals","floor":12,"gold_loss":0}],"is_beta":false,"boss_relics":[],"items_purged_floors":[],"is_endless":false,"potions_floor_spawned":[1,7,13,14],"killed_by":"Slime Boss","ascension_level":2}