{"gold_per_floor":[13,13,13,13,29,69,69,88,88,111,74,74,87,103,103,232,295,316,340,255,354,368,368,408,184,184,184,205,228,29,47,47,173,173,193,15,15,15,31,75,0,0,0,0,40,53,53,53,53,53],"floor_reached":51,"playtime":2951,"items_purged":["Strike_B","Strike_B"],"score":1096,"play_id":"fee3bace-ce0f-4b2c-8fcd-60137a60d838","local_time":"20180918064052","is_ascension_mode":true,"campfire_choices":[{"floor":7,"key":"REST"},{"data":"Static Discharge","floor":12,"key":"SMITH"},{"floor":15,"key":"REST"},{"floor":23,"key":"REST"},{"floor":27,"key":"REST"},{"floor":32,"key":"REST"},{"floor":42,"key":"REST"},{"data":"Storm","floor":44,"key":"SMITH"},{"floor":47,"key":"REST"},{"data":"Defragment","floor":49,"key":"SMITH"}],"neow_cost":"NO_GOLD","seed_source_timestamp":234995804350274,"circlet_count":0,"master_deck":["Strike_B","Strike_B","Defend_B","Defend_B","Defend_B","Defend_B","Zap","Dualcast","AscendersBane","Static Discharge+1","Doom and Gloom","Reinforced Body","Heatsinks","Reboot","Electrodynamics+1","Reprogram+1","Self Repair+1","Reinforced Body+1","Double Energy+1","Heatsinks","Storm+1","Seek","Go for the Eyes+1","Electrodynamics","Defragment+1","Streamline+1","Reinforced Body+1","Heatsinks+1"],"relics":["Cracked Core","Thread and Needle","Golden Idol","Art of War","Mummified Hand","Tiny House","Kunai","DataDisk","Omamori","Pantograph","Sozu","Mango","Juzu Bracelet","Red Mask","Nunchaku","Vajra"],"potions_floor_usage":[6,16,24,24],"damage_taken":[{"damage":0,"enemies":"Small Slimes","floor":1,"turns":4},{"damage":0,"enemies":"Jaw Worm","floor":5,"turns":3},{"damage":28,"enemies":"Lagavulin","floor":6,"turns":5},{"damage":0,"enemies":"Cultist","floor":8,"turns":3},{"damage":5,"enemies":"Large Slime","floor":10,"turns":6},{"damage":5,"enemies":"Looter","floor":13,"turns":4},{"damage":6,"enemies":"2 Fungi Beasts","floor":14,"turns":3},{"damage":49,"enemies":"Slime Boss","floor":16,"turns":10},{"damage":14,"enemies":"Shell Parasite","floor":18,"turns":3},{"damage":7,"enemies":"Spheric Guardian","floor":19,"turns":3},{"damage":15,"enemies":"Snecko","floor":22,"turns":4},{"damage":20,"enemies":"Slavers","floor":24,"turns":4},{"damage":13,"enemies":"Centurion and Healer","floor":28,"turns":9},{"damage":20,"enemies":"Shelled Parasite and Fungi","floor":29,"turns":2},{"damage":0,"enemies":"3 Cultists","floor":31,"turns":2},{"damage":71,"enemies":"Champ","floor":33,"turns":13},{"damage":10,"enemies":"Orb Walker","floor":35,"turns":3},{"damage":4,"enemies":"Mind Bloom Boss Battle","floor":37,"turns":6},{"damage":12,"enemies":"3 Darklings","floor":39,"turns":2},{"damage":45,"enemies":"Nemesis","floor":40,"turns":7},{"damage":26,"enemies":"2 Orb Walkers","floor":45,"turns":3},{"damage":5,"enemies":"Sphere and 2 Shapes","floor":46,"turns":3},{"damage":47,"enemies":"Donu and Deca","floor":50,"turns":5}],"seed_played":"3100213889527717508","potions_obtained":[{"floor":5,"key":"Fire Potion"},{"floor":16,"key":"Fruit Juice"},{"floor":17,"key":"SpeedPotion"},{"floor":19,"key":"GamblersBrew"},{"floor":28,"key":"SmokeBomb"},{"floor":31,"key":"SmokeBomb"}],"is_trial":false,"path_per_floor":["M","$","?","?","M","E","R","M","T","M","$","R","M","M","R","B",null,"M","M","?","?","M","R","E","$","T","R","M","M","$","M","R","B",null,"M","$","?","$","M","E","?","R","T","R","E","M","R","?","R","B"],"character_chosen":"DEFECT","items_purchased":["Heatsinks","Omamori","Storm","Seek","Defragment"],"campfire_rested":7,"item_purchase_floors":[11,25,30,30,36],"current_hp_per_floor":[68,68,68,68,68,40,60,60,60,55,55,55,50,44,64,20,66,52,45,45,45,30,53,33,33,33,56,53,33,33,43,66,18,64,64,64,93,93,91,56,56,83,83,83,57,52,79,93,93,56],"gold":53,"neow_bonus":"ONE_RARE_RELIC","is_prod":false,"is_daily":false,"chose_seed":false,"campfire_upgraded":3,"win_rate":0,"timestamp":1537245652,"path_taken":["M","$","?","?","?","E","R","M","T","M","$","R","?","M","R","BOSS","M","M","?","?","M","R","E","$","T","R","M","M","$","M","R","BOSS","M","$","?","?","M","E","?","R","T","R","E","M","R","?","R","BOSS"],"build_version":"2018-09-06","purchased_purges":2,"victory":true,"max_hp_per_floor":[75,75,69,69,69,69,69,69,69,69,69,69,69,69,69,74,79,79,79,79,79,79,79,79,79,79,79,79,79,79,79,79,79,79,79,79,93,93,93,93,93,93,93,93,93,93,93,93,93,93],"card_choices":[{"not_picked":["Compile Driver","Rebound"],"picked":"Static Discharge","floor":1},{"not_picked":["Redo","Go for the Eyes"],"picked":"Doom and Gloom","floor":5},{"not_picked":["Stack","Cold Snap","Redo"],"picked":"SKIP","floor":6},{"not_picked":["Skim","Auto Shields"],"picked":"Reinforced Body","floor":8},{"not_picked":["Sweeping Beam","Redo","Conserve Battery"],"picked":"SKIP","floor":10},{"not_picked":["Hologram","Cold Snap","Beam Cell"],"picked":"SKIP","floor":13},{"not_picked":["Go for the Eyes","Scrape"],"picked":"Reboot","floor":14},{"not_picked":["Machine Learning","Reboot"],"picked":"Electrodynamics","floor":16},{"not_picked":["Recycle","Fusion"],"picked":"Reprogram+1","floor":18},{"not_picked":["Leap","Barrage","Ball Lightning"],"picked":"SKIP","floor":19},{"not_picked":["Rebound+1","Undo"],"picked":"Self Repair+1","floor":22},{"not_picked":["Darkness","Rebound"],"picked":"Reinforced Body+1","floor":24},{"not_picked":["Ball Lightning","Turbo+1"],"picked":"Double Energy+1","floor":28},{"not_picked":["Reprogram","Doom and Gloom"],"picked":"Heatsinks","floor":29},{"not_picked":["Leap","Cold Snap"],"picked":"Go for the Eyes+1","floor":31},{"not_picked":["Hyperbeam","Reboot"],"picked":"Electrodynamics","floor":33},{"not_picked":["Steam","Ball Lightning","Cold Snap"],"picked":"SKIP","floor":35},{"not_picked":["Cold Snap","Capacitor"],"picked":"Streamline+1","floor":37},{"not_picked":["Rebound","Go for the Eyes+1","Coolheaded+1"],"picked":"SKIP","floor":39},{"not_picked":["Cold Snap+1","Stack"],"picked":"Reinforced Body+1","floor":40},{"not_picked":["Tempest","Aggregate+1","Glacier+1"],"picked":"SKIP","floor":45},{"not_picked":["Gash","Beam Cell"],"picked":"Heatsinks+1","floor":46}],"player_experience":333303,"relics_obtained":[{"floor":6,"key":"Art of War"},{"floor":9,"key":"Mummified Hand"},{"floor":24,"key":"DataDisk"},{"floor":26,"key":"Pantograph"},{"floor":37,"key":"Mango"},{"floor":40,"key":"Juzu Bracelet"},{"floor":43,"key":"Nunchaku"},{"floor":45,"key":"Vajra"}],"event_choices":[{"event_name":"Golden Idol","player_choice":"Lose Max HP","floor":3,"damage_taken":0},{"event_name":"The Cleric","player_choice":"Leave","floor":4,"damage_taken":0},{"event_name":"Addict","player_choice":"Obtained Relic","floor":20,"damage_taken":0},{"event_name":"Nest","player_choice":"Stole From Cult","floor":21,"damage_taken":0},{"event_name":"MindBloom","player_choice":"Fight","floor":37,"damage_taken":0},{"event_name":"Tomb of Lord Red Mask","player_choice":"Paid","floor":41,"damage_taken":0},{"event_name":"Winding Halls","player_choice":"Writhe","floor":48,"damage_taken":0}],"is_beta":false,"boss_relics":[{"not_picked":["Calling Bell","Coffee Dripper"],"picked":"Tiny House"},{"not_picked":["Empty Cage","White Beast Statue"],"picked":"Sozu"}],"items_purged_floors":[25,36],"is_endless":false,"potions_floor_spawned":[5,16,19,28,31,40,45,46],"ascension_level":11}