{"gold_per_floor":[109,109,123,135,11,11,11,11,11,11,21,49,49,78,78,78],"floor_reached":16,"playtime":566,"items_purged":["Defend_B"],"score":176,"play_id":"fa9b6703-9121-419a-b22a-8775b0ac6fd9","local_time":"20181205223441","is_ascension_mode":true,"campfire_choices":[{"data":"Defend_B","floor":6,"key":"PURGE"},{"data":"Dualcast","floor":8,"key":"PURGE"},{"data":"Hologram","floor":10,"key":"SMITH"},{"floor":15,"key":"REST"}],"neow_cost":"NONE","seed_source_timestamp":703763690360106,"circlet_count":0,"master_deck":["Strike_B","Strike_B","Strike_B","Defend_B","Defend_B","Zap","Rebound","Leap","Hologram+1","Leap"],"relics":["Eternal Feather","Peace Pipe","Pear","Potion Belt","Centennial Puzzle"],"potions_floor_usage":[12,14,16],"damage_taken":[{"damage":4,"enemies":"2 Louse","floor":1,"turns":3},{"damage":13,"enemies":"Jaw Worm","floor":3,"turns":4},{"damage":0,"enemies":"Cultist","floor":4,"turns":3},{"damage":6,"enemies":"Exordium Wildlife","floor":11,"turns":4},{"damage":23,"enemies":"3 Sentries","floor":12,"turns":10},{"damage":35,"enemies":"Gremlin Nob","floor":14,"turns":5},{"damage":72,"enemies":"Slime Boss","floor":16,"turns":8}],"seed_played":"-5003933305663167886","potions_obtained":[{"floor":3,"key":"Explosive Potion"},{"floor":12,"key":"Regen Potion"},{"floor":14,"key":"GamblersBrew"}],"is_trial":false,"path_per_floor":["M","?","M","M","$","R","?","R","T","R","M","E","?","E","R","B"],"character_chosen":"DEFECT","items_purchased":["Hologram"],"campfire_rested":1,"item_purchase_floors":[5],"current_hp_per_floor":[64,61,48,48,48,54,59,65,75,81,75,52,52,29,62,0],"gold":78,"neow_bonus":"BOSS_RELIC","is_prod":false,"is_daily":false,"chose_seed":false,"campfire_upgraded":1,"win_rate":0,"timestamp":1544078081,"path_taken":["M","?","M","M","$","R","?","R","T","R","M","E","?","E","R","BOSS"],"build_version":"2018-11-15","purchased_purges":1,"victory":false,"max_hp_per_floor":[75,75,75,75,75,75,80,80,90,90,90,90,90,90,90,90],"card_choices":[{"not_picked":["Sunder","Leap"],"picked":"Rebound","floor":1},{"not_picked":["Cold Snap","Conserve Battery"],"picked":"Leap","floor":3},{"not_picked":["Lockon","Cold Snap","Recycle"],"picked":"SKIP","floor":4},{"not_picked":["Blizzard","Steam"],"picked":"Leap","floor":11},{"not_picked":["Storm","Cold Snap","Reboot"],"picked":"SKIP","floor":12},{"not_picked":["White Noise","Rip and Tear","Heatsinks"],"picked":"SKIP","floor":14}],"player_experience":566898,"relics_obtained":[{"floor":9,"key":"Pear"},{"floor":12,"key":"Potion Belt"},{"floor":14,"key":"Centennial Puzzle"}],"event_choices":[{"damage_healed":0,"gold_gain":0,"player_choice":"Success","damage_taken":3,"relics_obtained":["Peace Pipe"],"max_hp_gain":0,"max_hp_loss":0,"event_name":"Scrap Ooze","floor":2,"gold_loss":0},{"damage_healed":0,"gold_gain":0,"player_choice":"Donut","damage_taken":0,"max_hp_gain":5,"max_hp_loss":0,"event_name":"Big Fish","floor":7,"gold_loss":0},{"cards_removed":["Strike_B"],"damage_healed":0,"gold_gain":0,"player_choice":"Purged","damage_taken":0,"max_hp_gain":0,"max_hp_loss":0,"event_name":"Purifier","floor":13,"gold_loss":0}],"is_beta":false,"boss_relics":[],"items_purged_floors":[5],"is_endless":false,"potions_floor_spawned":[3,12,14],"killed_by":"Slime Boss","ascension_level":8}