{"gold_per_floor":[109,109,109,124,136,136,147,147,170,205,205,224,256,266,266,341,341,351,351,20,35,35,35,35,35,35,47,47,59,84,103,103,103],"floor_reached":33,"playtime":2718,"items_purged":["Writhe"],"score":488,"play_id":"14be1b1e-cef3-4134-894a-cf8856c3ce68","local_time":"20180925122033","is_ascension_mode":true,"campfire_choices":[{"data":"Sunder","floor":6,"key":"SMITH"},{"data":"Defragment","floor":8,"key":"SMITH"},{"floor":11,"key":"REST"},{"data":"Conserve Battery","floor":15,"key":"SMITH"},{"data":"Echo Form","floor":23,"key":"SMITH"},{"floor":25,"key":"REST"},{"floor":32,"key":"REST"}],"neow_cost":"NONE","seed_source_timestamp":860430389956261,"circlet_count":0,"master_deck":["Strike_B","Strike_B","Strike_B","Defend_B","Defend_B","Defend_B+1","Defend_B","Zap+1","Dualcast+1","AscendersBane","FTL+1","Sunder+1","Conserve Battery+1","Defragment+1","Seek","Cold Snap","Multi-Cast+1","Steam+1","Echo Form+1","Reinforced Body+1","Ball Lightning+1","BootSequence+1","Consume+1","Melter","Capacitor"],"relics":["Cracked Core","Strawberry","Blood Vial","Orichalcum","War Paint","Toxic Egg 2","Velvet Choker","Bag of Marbles","Membership Card","Question Card","Whetstone"],"potions_floor_usage":[10,12,16,22,22,29,31,33,33],"damage_taken":[{"damage":0,"enemies":"2 Louse","floor":1,"turns":2},{"damage":0,"enemies":"Cultist","floor":4,"turns":3},{"damage":2,"enemies":"Jaw Worm","floor":5,"turns":2},{"damage":9,"enemies":"Red Slaver","floor":7,"turns":2},{"damage":17,"enemies":"Lagavulin","floor":10,"turns":4},{"damage":0,"enemies":"Gremlin Gang","floor":12,"turns":3},{"damage":14,"enemies":"3 Sentries","floor":13,"turns":6},{"damage":6,"enemies":"Lots of Slimes","floor":14,"turns":4},{"damage":40,"enemies":"Hexaghost","floor":16,"turns":12},{"damage":7,"enemies":"Spheric Guardian","floor":18,"turns":5},{"damage":0,"enemies":"Chosen","floor":21,"turns":3},{"damage":6,"enemies":"Colosseum Slavers","floor":22,"turns":3},{"damage":9,"enemies":"3 Cultists","floor":27,"turns":5},{"damage":12,"enemies":"Chosen and Byrds","floor":29,"turns":8},{"damage":0,"enemies":"Snake Plant","floor":31,"turns":2},{"damage":110,"enemies":"Automaton","floor":33,"turns":10}],"seed_played":"4993040580362349589","potions_obtained":[{"floor":1,"key":"FearPotion"},{"floor":5,"key":"Weak Potion"},{"floor":10,"key":"AttackPotion"},{"floor":14,"key":"Block Potion"},{"floor":16,"key":"Dexterity Potion"},{"floor":21,"key":"Weak Potion"},{"floor":27,"key":"EntropicBrew"},{"floor":31,"key":"Regen Potion"}],"is_trial":false,"path_per_floor":["M","?","?","M","M","R","M","R","T","E","R","M","E","M","R","B",null,"M","?","$","M","?","R","$","R","T","M","?","M","T","M","R"],"character_chosen":"DEFECT","items_purchased":["Membership Card","Ball Lightning"],"campfire_rested":3,"item_purchase_floors":[20,20],"current_hp_per_floor":[71,71,71,73,73,73,66,66,66,51,74,76,64,60,60,22,64,59,59,59,61,57,57,57,78,78,69,69,59,59,61,78,0],"gold":103,"neow_bonus":"RANDOM_COMMON_RELIC","is_prod":false,"is_daily":false,"chose_seed":false,"campfire_upgraded":4,"win_rate":0,"timestamp":1537870833,"path_taken":["M","?","?","M","M","R","?","R","T","E","R","M","E","?","R","BOSS","M","?","$","M","?","R","$","R","T","M","?","M","?","?","R","BOSS"],"build_version":"2018-09-20","purchased_purges":1,"victory":false,"max_hp_per_floor":[78,78,78,78,78,78,78,78,78,78,78,78,78,78,78,78,78,78,78,78,78,78,78,78,78,78,78,78,78,78,78,78,78],"card_choices":[{"not_picked":["Leap","Double Energy"],"picked":"FTL","floor":1},{"not_picked":["Genetic Algorithm","Redo"],"picked":"Sunder","floor":4},{"not_picked":["Go for the Eyes","Thunder Strike"],"picked":"Conserve Battery","floor":5},{"not_picked":["Rebound","Gash"],"picked":"Defragment","floor":7},{"not_picked":["Barrage","Leap"],"picked":"Seek","floor":10},{"not_picked":["Conserve Battery","Redo"],"picked":"Cold Snap","floor":12},{"not_picked":["Conserve Battery","Leap"],"picked":"Multi-Cast","floor":13},{"not_picked":["Undo+1","Coolheaded+1"],"picked":"Steam+1","floor":14},{"not_picked":["Meteor Strike","Amplify+1"],"picked":"Echo Form","floor":16},{"not_picked":["Recycle+1","Steam+1"],"picked":"Reinforced Body+1","floor":18},{"not_picked":["Aggregate+1","Conserve Battery+1"],"picked":"BootSequence+1","floor":21},{"not_picked":["Go for the Eyes","Gash","Steam+1"],"picked":"Consume+1","floor":27},{"not_picked":["Sweeping Beam","Hologram+1","Coolheaded+1"],"picked":"Melter","floor":29},{"not_picked":["Buffer","Barrage","Cold Snap"],"picked":"Capacitor","floor":31}],"player_experience":665467,"relics_obtained":[{"floor":9,"key":"Orichalcum"},{"floor":10,"key":"War Paint"},{"floor":13,"key":"Toxic Egg 2"},{"floor":26,"key":"Question Card"},{"floor":30,"key":"Whetstone"}],"event_choices":[{"event_name":"Accursed Blacksmith","player_choice":"Forge","floor":2,"damage_taken":0},{"event_name":"WeMeetAgain","player_choice":"Potion","floor":3,"damage_taken":0},{"event_name":"The Mausoleum","player_choice":"Yes","floor":19,"damage_taken":0},{"event_name":"Colosseum","player_choice":"Fight","floor":22,"damage_taken":0},{"event_name":"Colosseum","player_choice":"Fled From Nobs","floor":22,"damage_taken":0},{"event_name":"Back to Basics","player_choice":"Elegance","floor":28,"damage_taken":0}],"is_beta":false,"boss_relics":[{"not_picked":["Busted Crown","Lizard Tail"],"picked":"Velvet Choker"}],"items_purged_floors":[20],"is_endless":false,"potions_floor_spawned":[1,5,10,14,16,21,27,31],"killed_by":"Automaton","ascension_level":18}