{"path_per_floor":["M","M","?","?","?","R","M","E","T","?","R","M","?","$","R","B",null,"M","?","M","?","M","R"],"character_chosen":"IRONCLAD","items_purchased":["Corruption"],"gold_per_floor":[18,28,28,28,28,28,43,76,100,55,55,70,136,24,24,117,117,107,357,381,381,397,397,397],"floor_reached":24,"campfire_rested":1,"playtime":980,"current_hp_per_floor":[61,52,52,47,47,47,46,20,20,20,40,43,43,43,43,8,53,57,57,57,47,34,34,0],"items_purged":["Strike_R"],"gold":397,"score":365,"play_id":"300c3574-7e23-478f-97b4-b50ff8fcc475","local_time":"20180413094553","is_prod":false,"is_daily":false,"chose_seed":false,"is_ascension_mode":true,"campfire_upgraded":3,"timestamp":1523605553,"path_taken":["M","M","?","?","?","R","?","E","T","?","R","M","?","$","R","BOSS","M","?","?","?","M","R","E"],"build_version":"2018-04-12","seed_source_timestamp":84889228794695,"purchased_purges":1,"victory":false,"master_deck":["Defend_R","Defend_R","Defend_R","Defend_R","Bash+1","AscendersBane","Limit Break","Hemokinesis+1","True Grit+1","Shrug It Off","Ghostly Armor","Flame Barrier","Corruption+1","Demon Form+1","Clothesline","Regret","Inflame+1","Bite","Bite","Bite","Bite","Bite"],"max_hp_per_floor":[75,75,68,68,68,68,68,68,68,68,68,68,68,68,68,68,68,68,68,68,47,47,47,47],"relics":["Burning Blood","Golden Idol","Frozen Egg 2","Du-Vu Doll","Anchor","Snecko Eye"],"card_choices":[{"not_picked":["Reaper","Brutality"],"picked":"Limit Break","floor":0},{"not_picked":["Second Wind","Feel No Pain"],"picked":"Hemokinesis","floor":1},{"not_picked":["Burning Pact","Body Slam"],"picked":"True Grit","floor":2},{"not_picked":["Pommel Strike","Twin Strike"],"picked":"Shrug It Off","floor":7},{"not_picked":["Heavy Blade","Dropkick"],"picked":"Ghostly Armor","floor":8},{"not_picked":["Battle Trance","Iron Wave"],"picked":"Flame Barrier","floor":12},{"not_picked":["Impervious","Double Tap"],"picked":"Demon Form","floor":16},{"not_picked":["Reckless Charge","True Grit"],"picked":"Clothesline","floor":18},{"not_picked":["Headbutt","Perfected Strike"],"picked":"Inflame","floor":20}],"player_experience":302268,"potions_floor_usage":[8,16],"damage_taken":[{"damage":13,"enemies":"2 Louse","floor":1,"turns":4},{"damage":15,"enemies":"Jaw Worm","floor":2,"turns":2},{"damage":7,"enemies":"Small Slimes","floor":7,"turns":3},{"damage":44,"enemies":"Lagavulin","floor":8,"turns":9},{"damage":3,"enemies":"Looter","floor":12,"turns":3},{"damage":41,"enemies":"Slime Boss","floor":16,"turns":11},{"damage":2,"enemies":"2 Thieves","floor":18,"turns":4},{"damage":6,"enemies":"Spheric Guardian","floor":20,"turns":3},{"damage":25,"enemies":"Cultist and Chosen","floor":22,"turns":6},{"damage":37,"enemies":"Slavers","floor":24,"turns":3}],"event_choices":[{"event_name":"Golden Idol","player_choice":"Lose Max HP","floor":3,"damage_taken":0},{"event_name":"Scrap Ooze","player_choice":"success","floor":4,"damage_taken":5},{"event_name":"The Cleric","player_choice":"Leave","floor":5,"damage_taken":0},{"event_name":"World of Goop","player_choice":"Left","floor":10,"damage_taken":0},{"event_name":"Golden Wing","player_choice":"Gained Gold","floor":13,"damage_taken":0},{"event_name":"Golden Shrine","player_choice":"Desecrate","floor":19,"damage_taken":0},{"event_name":"Vampires","player_choice":"Became a vampire","floor":21,"damage_taken":0}],"boss_relics":[{"not_picked":["Astrolabe","Pandora\u0027s Box"],"picked":"Snecko Eye"}],"potions_floor_spawned":[1,2],"seed_played":"-7904970631091089215","killed_by":"Slavers","ascension_level":15,"is_trial":false}