{"gold_per_floor":[111,126,136,150,49,78,78,93,93,93,120,120,42,73,73,172,172,187,102,102,112,112,112,123,123,172,186,206,222,222,238,238,334,334,347,194,207,307,322,322,351,351,404,417,430,430,448,467,467,467],"floor_reached":51,"playtime":3473,"items_purged":["Strike_B","Gash"],"score":1030,"play_id":"566838e0-5cc3-41b6-ab59-d673f9c7f59a","local_time":"20181124005350","is_ascension_mode":true,"campfire_choices":[{"floor":7,"key":"REST"},{"data":"Zap","floor":10,"key":"SMITH"},{"floor":12,"key":"REST"},{"data":"Creative AI","floor":15,"key":"SMITH"},{"data":"Electrodynamics","floor":23,"key":"SMITH"},{"data":"Glacier","floor":32,"key":"SMITH"},{"data":"Echo Form","floor":40,"key":"SMITH"},{"data":"Chill","floor":46,"key":"SMITH"},{"data":"Consume","floor":49,"key":"SMITH"}],"neow_cost":"NONE","seed_source_timestamp":243113163119464,"circlet_count":0,"master_deck":["AscendersBane","Defend_B","Defend_B","Defend_B","Defend_B","Zap+1","Dualcast","Self Repair","Cold Snap","Go for the Eyes","Sweeping Beam+1","Cold Snap+1","Sunder+1","Creative AI+1","Electrodynamics+1","Barrage+1","Bite+1","Bite+1","Bite+1","Bite+1","Bite+1","Sweeping Beam+1","Glacier+1","Echo Form+1","Consume+1","Sweeping Beam+1","Chill+1","Ball Lightning+1","Barrage+1","Consume+1","BootSequence+1"],"relics":["Philosopher\u0027s Stone","Molten Egg 2","Mercury Hourglass","Bottled Lightning","Boot","Inserter","Strawberry","Smiling Mask","Orichalcum","Coffee Dripper","Torii","StoneCalendar","Art of War"],"potions_floor_usage":[6,29,33,33,37,39,41,50,50],"damage_taken":[{"damage":0,"enemies":"Cultist","floor":1,"turns":3},{"damage":15,"enemies":"2 Louse","floor":2,"turns":4},{"damage":15,"enemies":"Small Slimes","floor":3,"turns":4},{"damage":14,"enemies":"Looter","floor":4,"turns":4},{"damage":29,"enemies":"3 Sentries","floor":6,"turns":11},{"damage":0,"enemies":"Large Slime","floor":8,"turns":5},{"damage":30,"enemies":"Lagavulin","floor":11,"turns":6},{"damage":15,"enemies":"Gremlin Nob","floor":14,"turns":3},{"damage":3,"enemies":"Hexaghost","floor":16,"turns":8},{"damage":27,"enemies":"2 Thieves","floor":18,"turns":3},{"damage":5,"enemies":"Chosen","floor":21,"turns":3},{"damage":18,"enemies":"Snecko","floor":24,"turns":4},{"damage":5,"enemies":"Sentry and Sphere","floor":27,"turns":3},{"damage":27,"enemies":"3 Cultists","floor":28,"turns":4},{"damage":15,"enemies":"Cultist and Chosen","floor":29,"turns":5},{"damage":23,"enemies":"Snecko","floor":31,"turns":5},{"damage":32,"enemies":"Collector","floor":33,"turns":9},{"damage":24,"enemies":"3 Darklings","floor":35,"turns":3},{"damage":17,"enemies":"Orb Walker","floor":37,"turns":4},{"damage":9,"enemies":"Mind Bloom Boss Battle","floor":38,"turns":6},{"damage":21,"enemies":"Transient","floor":39,"turns":5},{"damage":57,"enemies":"Giant Head","floor":41,"turns":11},{"damage":7,"enemies":"4 Shapes","floor":44,"turns":3},{"damage":9,"enemies":"Maw","floor":45,"turns":8},{"damage":39,"enemies":"Jaw Worm Horde","floor":47,"turns":4},{"damage":22,"enemies":"Transient","floor":48,"turns":5},{"damage":36,"enemies":"Awakened One","floor":50,"turns":12}],"seed_played":"-7953826487899681175","potions_obtained":[{"floor":1,"key":"Dexterity Potion"},{"floor":8,"key":"Regen Potion"},{"floor":16,"key":"SpeedPotion"},{"floor":21,"key":"Regen Potion"},{"floor":29,"key":"PowerPotion"},{"floor":37,"key":"FearPotion"},{"floor":41,"key":"SpeedPotion"},{"floor":48,"key":"Strength Potion"}],"is_trial":false,"path_per_floor":["M","M","M","M","$","E","R","M","T","R","E","R","$","E","R","B",null,"M","?","?","M","?","R","M","?","T","M","M","M","T","M","R","B",null,"M","$","M","?","M","R","E","?","T","M","M","R","M","M","R","B",null],"character_chosen":"DEFECT","items_purchased":["Go for the Eyes","Sunder+1","Block Potion","Sweeping Beam+1"],"campfire_rested":2,"item_purchase_floors":[5,13,36,36],"current_hp_per_floor":[68,60,52,45,45,23,45,52,52,52,29,51,51,43,43,47,68,48,55,55,57,48,48,46,46,46,47,39,58,58,51,51,46,58,34,34,23,36,36,36,22,22,22,24,62,62,34,24,24,12],"gold":467,"neow_bonus":"BOSS_RELIC","is_prod":false,"is_daily":false,"chose_seed":false,"campfire_upgraded":7,"win_rate":0,"timestamp":1543042430,"path_taken":["M","M","M","M","?","E","R","M","T","R","E","R","$","E","R","BOSS","M","?","?","M","?","R","M","?","T","M","M","M","?","M","R","BOSS","M","$","M","?","M","R","E","?","T","M","M","R","M","M","R","BOSS"],"build_version":"2018-11-15","purchased_purges":2,"victory":true,"max_hp_per_floor":[75,75,75,75,75,75,75,75,75,75,75,75,75,75,75,75,75,75,82,57,57,62,62,62,62,62,62,62,62,62,62,62,62,62,62,62,62,62,62,62,62,62,62,62,62,62,62,62,62,62],"card_choices":[{"not_picked":["Skim","Leap"],"picked":"Self Repair","floor":1},{"not_picked":["Conserve Battery","Genetic Algorithm"],"picked":"Gash","floor":2},{"not_picked":["Heatsinks","Beam Cell","Self Repair"],"picked":"SKIP","floor":3},{"not_picked":["Sunder","Heatsinks"],"picked":"Cold Snap","floor":4},{"not_picked":["Hologram","Amplify"],"picked":"Sweeping Beam","floor":6},{"not_picked":["Compile Driver+1","Beam Cell+1"],"picked":"Cold Snap+1","floor":8},{"not_picked":["Recycle","Steam","Double Energy"],"picked":"SKIP","floor":11},{"not_picked":["Tempest","Rebound+1"],"picked":"Creative AI","floor":14},{"not_picked":["Core Surge+1","Biased Cognition"],"picked":"Electrodynamics","floor":16},{"not_picked":["Conserve Battery","Blizzard+1"],"picked":"Barrage+1","floor":18},{"not_picked":["Cold Snap+1","Skim"],"picked":"Sweeping Beam+1","floor":21},{"not_picked":["Redo","Stack+1","Cold Snap+1"],"picked":"SKIP","floor":24},{"not_picked":["Go for the Eyes+1","Lockon+1"],"picked":"Loop","floor":27},{"not_picked":["Self Repair","Blizzard+1","Multi-Cast"],"picked":"SKIP","floor":28},{"not_picked":["Steam Power+1","Compile Driver+1","Darkness"],"picked":"SKIP","floor":29},{"not_picked":["Streamline+1","Rebound+1","Melter+1"],"picked":"SKIP","floor":31},{"not_picked":["Amplify","Core Surge+1"],"picked":"Echo Form","floor":33},{"not_picked":["Stack+1","Doom and Gloom+1"],"picked":"Consume+1","floor":35},{"not_picked":["Rebound+1","Turbo"],"picked":"Chill","floor":37},{"not_picked":["Melter+1","Compile Driver+1"],"picked":"Ball Lightning+1","floor":38},{"not_picked":["Turbo+1","Hologram","Go for the Eyes+1"],"picked":"SKIP","floor":39},{"not_picked":["Cold Snap+1","Capacitor"],"picked":"Barrage+1","floor":41},{"not_picked":["Streamline+1","Redo"],"picked":"Consume","floor":44},{"not_picked":["Hello World+1","Stack","Scrape+1"],"picked":"SKIP","floor":45},{"not_picked":["Compile Driver+1","Lockon+1","Hello World+1"],"picked":"SKIP","floor":47},{"not_picked":["Conserve Battery+1","Sweeping Beam+1"],"picked":"BootSequence+1","floor":48}],"player_experience":222015,"relics_obtained":[{"floor":6,"key":"Molten Egg 2"},{"floor":9,"key":"Mercury Hourglass"},{"floor":11,"key":"Bottled Lightning"},{"floor":14,"key":"Boot"},{"floor":26,"key":"Smiling Mask"},{"floor":30,"key":"Orichalcum"},{"floor":38,"key":"Torii"},{"floor":41,"key":"StoneCalendar"},{"floor":43,"key":"Art of War"}],"event_choices":[{"damage_healed":0,"gold_gain":0,"player_choice":"Obtained Relic","damage_taken":0,"relics_obtained":["Strawberry"],"max_hp_gain":0,"max_hp_loss":0,"event_name":"Addict","floor":19,"gold_loss":85},{"damage_healed":0,"gold_gain":0,"player_choice":"Became a vampire","damage_taken":0,"max_hp_gain":0,"max_hp_loss":25,"event_name":"Vampires","floor":20,"gold_loss":0,"cards_obtained":["Bite","Bite","Bite","Bite","Bite"]},{"damage_healed":0,"gold_gain":0,"player_choice":"Shed Blood","damage_taken":14,"max_hp_gain":5,"max_hp_loss":0,"event_name":"Forgotten Altar","floor":22,"gold_loss":0},{"damage_healed":0,"gold_gain":0,"player_choice":"Read","damage_taken":0,"max_hp_gain":0,"max_hp_loss":0,"event_name":"The Library","floor":25,"gold_loss":0,"cards_obtained":["Glacier"]},{"damage_healed":0,"gold_gain":0,"player_choice":"Fight","damage_taken":0,"max_hp_gain":0,"max_hp_loss":0,"event_name":"MindBloom","floor":38,"gold_loss":0},{"cards_removed":["Loop"],"damage_healed":0,"gold_gain":0,"player_choice":"Removed Power","damage_taken":0,"max_hp_gain":0,"max_hp_loss":0,"event_name":"Falling","floor":42,"gold_loss":0}],"is_beta":false,"boss_relics":[{"not_picked":["Velvet Choker","Eternal Feather"],"picked":"Inserter"},{"not_picked":["Astrolabe","White Beast Statue"],"picked":"Coffee Dripper"}],"items_purged_floors":[5,36],"is_endless":false,"potions_floor_spawned":[1,8,16,21,24,28,29,37,41,48],"ascension_level":10}