{"path_per_floor":["M","M","M","M","M","E","R","E","T","R","M","?","M","M","R","B",null,"M","?","$","M","M"],"character_chosen":"IRONCLAD","items_purchased":[],"gold_per_floor":[118,132,148,159,176,203,203,230,230,230,243,193,206,223,223,324,324,337,337,262,276,286],"floor_reached":23,"campfire_rested":0,"playtime":1388,"current_hp_per_floor":[79,79,74,74,66,52,52,50,50,50,46,46,43,49,49,49,80,65,65,65,71,56],"items_purged":["Decay"],"gold":286,"play_id":"cf6b542f-4cc8-473e-8f10-32bad26cc8e1","is_prod":false,"is_daily":false,"is_ascension_mode":true,"campfire_upgraded":3,"path_taken":["M","M","M","M","M","E","R","E","T","R","M","?","M","M","R","BOSS","M","?","$","M","M","E"],"build_version":"2018-01-25-PROD3","purchased_purges":1,"victory":false,"master_deck":["Strike_R","Strike_R","Strike_R","Strike_R","Strike_R+1","Defend_R","Defend_R","Defend_R","Defend_R","Cleave+1","Flame Barrier+1","Inflame","Flame Barrier+1","Inflame","Flame Barrier","Body Slam+1","Shrug It Off+1","Shrug It Off+1"],"max_hp_per_floor":[80,80,80,80,80,80,80,80,80,80,80,80,80,80,80,80,80,80,80,80,80,80],"relics":["Burning Blood","Oddly Smooth Stone","Frozen Eye","Molten Egg","Black Star"],"card_choices":[{"not_picked":["Corruption","Shrug It Off"],"picked":"Cleave"},{"not_picked":["Twin Strike","Burning Pact"],"picked":"Flame Barrier"},{"not_picked":["Fire Breathing","Pommel Strike"],"picked":"Inflame"},{"not_picked":["Bloodletting","Brutality"],"picked":"Flame Barrier"},{"not_picked":["Clash","Havoc"],"picked":"Inflame"},{"not_picked":["Armaments","Perfected Strike"],"picked":"Flame Barrier"},{"not_picked":["Disarm","Heavy Blade"],"picked":"Body Slam"},{"not_picked":["Fire Breathing","Flex"],"picked":"Shrug It Off"},{"not_picked":["Twin Strike","Combust"],"picked":"Shrug It Off"}],"player_experience":40310,"potions_floor_usage":[8,14,16,21,22,22],"damage_taken":[{"damage":7,"enemies":"Small Slimes","floor":1,"turns":3},{"damage":6,"enemies":"Cultist","floor":2,"turns":3},{"damage":11,"enemies":"Jaw Worm","floor":3,"turns":4},{"damage":6,"enemies":"2 Fungi Beasts","floor":4,"turns":3},{"damage":14,"enemies":"Red Slaver","floor":5,"turns":4},{"damage":20,"enemies":"Gremlin Nob","floor":6,"turns":5},{"damage":8,"enemies":"3 Sentries","floor":8,"turns":5},{"damage":10,"enemies":"Exordium Thugs","floor":11,"turns":4},{"damage":9,"enemies":"2 Fungi Beasts","floor":13,"turns":2},{"damage":0,"enemies":"Looter","floor":14,"turns":4},{"damage":6,"enemies":"Hexaghost","floor":16,"turns":9},{"damage":21,"enemies":"Spheric Guardian","floor":18,"turns":4},{"damage":15,"enemies":"Shell Parasite","floor":21,"turns":8},{"damage":21,"enemies":"Snake Plant","floor":22,"turns":6},{"damage":58,"enemies":"Gremlin Leader","floor":23,"turns":5}],"event_choices":[{"event_name":"The Cleric","player_choice":"Card Removal","floor":12,"damage_taken":0},{"event_name":"Wheel of Change","player_choice":"Curse","floor":19,"damage_taken":0}],"boss_relics":[{"not_picked":["Lizard Tail","Tiny House"],"picked":"Black Star"}],"potions_floor_spawned":[1,3,6,11,14,16,18],"seed_played":"9143670023869118819","killed_by":"Gremlin Leader","ascension_level":2,"is_trial":false}