{"gold_per_floor":[112,123,142,217,234,234,234,265,265,300,75,110,129,155,155,257,257,277,377,387,398,52,52,79,79,103,114,149,64,64,76,76,171,171,189,208,118,138,0,0,31,42,42,42,62,62,73,108,108,108],"floor_reached":51,"playtime":2133,"items_purged":["Strike_R","Strike_R"],"score":1303,"play_id":"d1955c7c-b2b3-488c-8d28-b1304f059498","local_time":"20181013163758","is_ascension_mode":true,"campfire_choices":[{"data":"Whirlwind","floor":6,"key":"SMITH"},{"data":"True Grit","floor":15,"key":"SMITH"},{"data":"Evolve","floor":23,"key":"SMITH"},{"data":"Inflame","floor":25,"key":"SMITH"},{"data":"Flame Barrier","floor":32,"key":"SMITH"},{"data":"Limit Break","floor":40,"key":"SMITH"},{"data":"Clothesline","floor":44,"key":"SMITH"},{"data":"Flex","floor":46,"key":"SMITH"},{"data":"Double Tap","floor":49,"key":"SMITH"}],"neow_cost":"PERCENT_DAMAGE","seed_source_timestamp":21524327361819,"circlet_count":0,"master_deck":["Strike_R","Strike_R","Defend_R+1","Defend_R+1","Defend_R","Defend_R+1","Bash+1","AscendersBane","Whirlwind+1","Iron Wave","Clash","Spot Weakness","Clothesline+1","True Grit+1","Reaper","Flame Barrier+1","Offering","Inflame+1","Evolve+1","Headbutt+1","Flex+1","Seeing Red+1","Pummel+1","Heavy Blade","Limit Break+1","Armaments+1","Intimidate+1","Shrug It Off+1","Battle Trance+1","Double Tap+1","Corruption"],"relics":["Burning Blood","Incense Burner","Ice Cream","Magic Flower","Bag of Marbles","Anchor","Juzu Bracelet","Mark of Pain","Prayer Wheel","Letter Opener","Gremlin Horn","War Paint","Potion Belt","Pen Nib","Ancient Tea Set","Coffee Dripper","Red Mask","The Courier","Molten Egg 2","Paper Frog"],"potions_floor_usage":[12,33,41,45,45,48,50,50],"damage_taken":[{"damage":0,"enemies":"Small Slimes","floor":1,"turns":3},{"damage":0,"enemies":"2 Louse","floor":2,"turns":2},{"damage":6,"enemies":"Cultist","floor":3,"turns":4},{"damage":0,"enemies":"3 Louse","floor":5,"turns":2},{"damage":15,"enemies":"Gremlin Nob","floor":8,"turns":4},{"damage":0,"enemies":"Lagavulin","floor":10,"turns":4},{"damage":1,"enemies":"Gremlin Nob","floor":12,"turns":3},{"damage":0,"enemies":"Red Slaver","floor":13,"turns":2},{"damage":3,"enemies":"3 Sentries","floor":14,"turns":5},{"damage":39,"enemies":"Hexaghost","floor":16,"turns":9},{"damage":0,"enemies":"3 Byrds","floor":18,"turns":3},{"damage":9,"enemies":"Colosseum Slavers","floor":19,"turns":2},{"damage":14,"enemies":"Colosseum Nobs","floor":19,"turns":4},{"damage":0,"enemies":"Chosen","floor":20,"turns":4},{"damage":23,"enemies":"Snake Plant","floor":21,"turns":4},{"damage":19,"enemies":"Book of Stabbing","floor":24,"turns":4},{"damage":7,"enemies":"Snecko","floor":27,"turns":4},{"damage":10,"enemies":"Gremlin Leader","floor":28,"turns":3},{"damage":0,"enemies":"Centurion and Healer","floor":31,"turns":4},{"damage":29,"enemies":"Champ","floor":33,"turns":6},{"damage":10,"enemies":"3 Shapes","floor":35,"turns":1},{"damage":0,"enemies":"Orb Walker","floor":36,"turns":2},{"damage":92,"enemies":"4 Shapes","floor":38,"turns":3},{"damage":9,"enemies":"2 Orb Walkers","floor":41,"turns":3},{"damage":9,"enemies":"Spire Growth","floor":42,"turns":5},{"damage":12,"enemies":"Reptomancer","floor":45,"turns":4},{"damage":9,"enemies":"Maw","floor":47,"turns":7},{"damage":16,"enemies":"Nemesis","floor":48,"turns":3},{"damage":61,"enemies":"Time Eater","floor":50,"turns":9}],"seed_played":"-5266352798508276218","potions_obtained":[{"floor":1,"key":"Weak Potion"},{"floor":8,"key":"SkillPotion"},{"floor":10,"key":"Dexterity Potion"},{"floor":12,"key":"SpeedPotion"},{"floor":18,"key":"Strength Potion"},{"floor":33,"key":"Poison Potion"},{"floor":36,"key":"Dexterity Potion"},{"floor":42,"key":"Block Potion"},{"floor":45,"key":"Fruit Juice"},{"floor":47,"key":"Explosive Potion"}],"is_trial":false,"path_per_floor":["M","M","M","?","M","R","?","E","T","E","$","E","M","E","R","B",null,"M","?","M","M","$","R","E","R","T","M","E","?","?","M","R","B",null,"M","M","?","M","?","R","E","M","T","R","M","R","M","E","R","B"],"character_chosen":"IRONCLAD","items_purchased":["Bag of Marbles","Gremlin Horn"],"campfire_rested":0,"item_purchase_floors":[11,22],"current_hp_per_floor":[73,79,79,68,74,74,74,65,65,71,71,79,88,96,96,66,89,96,91,96,96,96,96,96,96,96,96,96,96,96,96,96,76,91,90,96,96,13,13,13,13,58,58,58,84,84,101,94,94,84],"gold":108,"neow_bonus":"TWENTY_PERCENT_HP_BONUS","is_prod":false,"is_daily":false,"chose_seed":false,"campfire_upgraded":9,"win_rate":0,"timestamp":1539441478,"path_taken":["M","M","M","?","M","R","?","E","T","E","$","E","?","E","R","BOSS","M","?","M","M","$","R","E","R","T","M","E","?","?","M","R","BOSS","M","M","?","M","?","R","E","M","T","R","M","R","M","E","R","BOSS"],"build_version":"2018-10-11","purchased_purges":2,"victory":true,"max_hp_per_floor":[96,96,96,96,96,96,96,96,96,96,96,96,96,96,96,96,96,96,96,96,96,96,96,96,96,96,96,96,96,96,96,96,96,96,96,96,96,96,96,96,96,96,96,96,101,101,101,101,101,101],"card_choices":[{"not_picked":["Body Slam","Thunderclap"],"picked":"Whirlwind","floor":1},{"not_picked":["Burning Pact","Sentinel"],"picked":"Iron Wave","floor":2},{"not_picked":["Body Slam","Pummel"],"picked":"Clash","floor":3},{"not_picked":["Iron Wave","Perfected Strike"],"picked":"Spot Weakness","floor":5},{"not_picked":["Infernal Blade","Wild Strike"],"picked":"Clothesline","floor":8},{"not_picked":["Dropkick","Fire Breathing"],"picked":"True Grit","floor":10},{"not_picked":["Havoc","Iron Wave"],"picked":"Reaper","floor":12},{"not_picked":["Combust","Body Slam"],"picked":"Flame Barrier","floor":13},{"not_picked":["Flex","Infernal Blade","Anger"],"picked":"SKIP","floor":14},{"not_picked":["Fiend Fire","Brutality"],"picked":"Offering","floor":16},{"not_picked":["Fire Breathing","Battle Trance"],"picked":"Inflame","floor":18},{"not_picked":["Disarm+1","Feel No Pain"],"picked":"Evolve","floor":19},{"not_picked":["True Grit","Entrench+1"],"picked":"Headbutt+1","floor":20},{"not_picked":["Flex","Havoc","Headbutt"],"picked":"SKIP","floor":20},{"not_picked":["Seeing Red+1","Clothesline"],"picked":"Flex","floor":21},{"not_picked":["Infernal Blade","Iron Wave","Twin Strike"],"picked":"SKIP","floor":21},{"not_picked":["Wild Strike","Cleave"],"picked":"Seeing Red+1","floor":24},{"not_picked":["Entrench","Ghostly Armor"],"picked":"Pummel+1","floor":27},{"not_picked":["Cleave","Headbutt","Perfected Strike"],"picked":"SKIP","floor":27},{"not_picked":["Cleave","Burning Pact","Sword Boomerang"],"picked":"SKIP","floor":28},{"not_picked":["Thunderclap","Sword Boomerang"],"picked":"Heavy Blade","floor":31},{"not_picked":["Burning Pact+1","Dual Wield","Immolate"],"picked":"SKIP","floor":31},{"not_picked":["Offering","Impervious"],"picked":"Limit Break","floor":33},{"not_picked":["Anger+1","Sword Boomerang","Rage+1"],"picked":"SKIP","floor":35},{"not_picked":["Wild Strike","Iron Wave+1","Perfected Strike+1"],"picked":"SKIP","floor":35},{"not_picked":["Anger+1","Sword Boomerang","Rage+1"],"picked":"SKIP","floor":35},{"not_picked":["Wild Strike","Iron Wave+1","Perfected Strike+1"],"picked":"SKIP","floor":35},{"not_picked":["Cleave+1","Blood for Blood+1"],"picked":"Armaments+1","floor":36},{"not_picked":["Body Slam","Clash","Heavy Blade"],"picked":"SKIP","floor":36},{"not_picked":["Clothesline","Headbutt+1"],"picked":"Intimidate+1","floor":38},{"not_picked":["Whirlwind","Dark Embrace","Clash"],"picked":"SKIP","floor":38},{"not_picked":["Sword Boomerang+1","Thunderclap","True Grit"],"picked":"SKIP","floor":41},{"not_picked":["Heavy Blade","Reckless Charge","Headbutt"],"picked":"SKIP","floor":42},{"not_picked":["Dropkick","Cleave+1","Perfected Strike"],"picked":"SKIP","floor":42},{"not_picked":["Sword Boomerang+1","Infernal Blade"],"picked":"Shrug It Off+1","floor":45},{"not_picked":["True Grit+1","Evolve","Infernal Blade"],"picked":"SKIP","floor":45},{"not_picked":["Clothesline+1","True Grit+1"],"picked":"Battle Trance+1","floor":47},{"not_picked":["Iron Wave+1","Clash+1"],"picked":"Double Tap","floor":47},{"not_picked":["Sentinel","Heavy Blade+1"],"picked":"Corruption","floor":48}],"player_experience":231180,"relics_obtained":[{"floor":8,"key":"Incense Burner"},{"floor":9,"key":"Ice Cream"},{"floor":10,"key":"Magic Flower"},{"floor":12,"key":"Anchor"},{"floor":14,"key":"Juzu Bracelet"},{"floor":19,"key":"Prayer Wheel"},{"floor":19,"key":"Letter Opener"},{"floor":24,"key":"War Paint"},{"floor":26,"key":"Potion Belt"},{"floor":28,"key":"Pen Nib"},{"floor":41,"key":"The Courier"},{"floor":43,"key":"Molten Egg 2"},{"floor":48,"key":"Paper Frog"}],"event_choices":[{"event_name":"World of Goop","player_choice":"Gather Gold","floor":4,"damage_taken":0},{"event_name":"Upgrade Shrine","player_choice":"Upgraded","floor":7,"damage_taken":0},{"event_name":"Colosseum","player_choice":"Fight","floor":19,"damage_taken":0},{"event_name":"Colosseum","player_choice":"Fought Nobs","floor":19,"damage_taken":0},{"event_name":"Addict","player_choice":"Obtained Relic","floor":29,"damage_taken":0},{"event_name":"Ghosts","player_choice":"Ignored","floor":30,"damage_taken":0},{"event_name":"Designer","player_choice":"Full Service","floor":37,"damage_taken":0},{"event_name":"Tomb of Lord Red Mask","player_choice":"Paid","floor":39,"damage_taken":0}],"is_beta":true,"boss_relics":[{"not_picked":["Orrery","Runic Dome"],"picked":"Mark of Pain"},{"not_picked":["Runic Cube","Black Blood"],"picked":"Coffee Dripper"}],"items_purged_floors":[11,22],"is_endless":false,"potions_floor_spawned":[1,8,10,12,13,18,21,24,33,36,42,45,47],"ascension_level":10}