{"gold_per_floor":[20,33,33,33,51,51,84,84,84,101,101,119,137,61,61,157,157,176,188,148,162,178,178,209,209,209,209,209,229,246,246,246,246],"floor_reached":33,"playtime":1304,"items_purged":[],"score":430,"play_id":"3ee2cbc3-a6db-45cc-a152-58931a511a73","local_time":"20180918222800","is_ascension_mode":true,"campfire_choices":[{"data":"Dualcast","floor":6,"key":"SMITH"},{"floor":11,"key":"REST"},{"floor":15,"key":"REST"},{"floor":23,"key":"REST"},{"floor":25,"key":"REST"},{"floor":27,"key":"REST"},{"floor":32,"key":"REST"}],"neow_cost":"NO_GOLD","seed_source_timestamp":293484095652237,"circlet_count":0,"master_deck":["Strike_B","Strike_B","Defend_B","Defend_B","Defend_B","Zap","Dualcast+1","AscendersBane","FTL","Auto Shields","Melter","Leap","Static Discharge","Static Discharge","Electrodynamics","Storm+1","Static Discharge","White Noise","Conserve Battery","Echo Form","Regret","FTL","Auto Shields"],"relics":["Cracked Core","Blue Candle","Symbiotic Virus","Orichalcum","Cursed Key","Lantern","Letter Opener","Strawberry"],"potions_floor_usage":[7,10,10,19,21,30,33],"damage_taken":[{"damage":7,"enemies":"2 Louse","floor":1,"turns":2},{"damage":0,"enemies":"Small Slimes","floor":2,"turns":3},{"damage":2,"enemies":"Jaw Worm","floor":5,"turns":3},{"damage":22,"enemies":"Gremlin Nob","floor":7,"turns":4},{"damage":4,"enemies":"Exordium Thugs","floor":10,"turns":4},{"damage":3,"enemies":"Exordium Wildlife","floor":12,"turns":4},{"damage":8,"enemies":"3 Louse","floor":13,"turns":3},{"damage":51,"enemies":"The Guardian","floor":16,"turns":8},{"damage":2,"enemies":"Spheric Guardian","floor":18,"turns":3},{"damage":7,"enemies":"Shell Parasite","floor":19,"turns":3},{"damage":15,"enemies":"Cultist and Chosen","floor":21,"turns":4},{"damage":23,"enemies":"Centurion and Healer","floor":22,"turns":3},{"damage":32,"enemies":"Book of Stabbing","floor":24,"turns":4},{"damage":4,"enemies":"Chosen and Byrds","floor":29,"turns":4},{"damage":10,"enemies":"Cultist and Chosen","floor":30,"turns":4},{"damage":89,"enemies":"Champ","floor":33,"turns":10}],"seed_played":"673099280612938314","potions_obtained":[{"floor":2,"key":"Swift Potion"},{"floor":5,"key":"Dexterity Potion"},{"floor":7,"key":"Explosive Potion"},{"floor":16,"key":"Energy Potion"},{"floor":19,"key":"Dexterity Potion"},{"floor":29,"key":"Weak Potion"},{"floor":30,"key":"LiquidBronze"}],"is_trial":false,"path_per_floor":["M","M","?","?","M","R","E","?","T","M","R","M","M","$","R","B",null,"M","M","?","M","M","R","E","R","T","R","?","M","M","?","R"],"character_chosen":"DEFECT","items_purchased":["Static Discharge"],"campfire_rested":6,"item_purchase_floors":[14],"current_hp_per_floor":[61,61,61,75,73,73,51,39,39,35,57,54,46,46,68,17,61,59,52,52,37,14,36,11,33,33,55,55,51,41,48,72,0],"gold":246,"neow_bonus":"REMOVE_TWO","is_prod":false,"is_daily":false,"chose_seed":false,"campfire_upgraded":1,"win_rate":0,"timestamp":1537302480,"path_taken":["M","M","?","?","M","R","E","?","T","M","R","M","?","$","R","BOSS","M","M","?","M","?","R","E","R","T","R","?","?","M","?","R","BOSS"],"build_version":"2018-09-06","purchased_purges":0,"victory":false,"max_hp_per_floor":[75,75,75,75,75,75,75,75,75,75,75,75,75,75,75,75,75,75,75,75,75,75,75,75,75,75,75,75,75,75,82,82,82],"card_choices":[{"not_picked":["Compile Driver","Lockon"],"picked":"FTL","floor":1},{"not_picked":["Sweeping Beam","FTL"],"picked":"Auto Shields","floor":2},{"not_picked":["Streamline","Steam"],"picked":"Melter","floor":5},{"not_picked":["Darkness","Reprogram"],"picked":"Leap","floor":7},{"not_picked":["Steam Power","Sweeping Beam"],"picked":"Static Discharge","floor":10},{"not_picked":["Turbo","Ball Lightning","Aggregate"],"picked":"SKIP","floor":12},{"not_picked":["Redo","Biased Cognition","Genetic Algorithm"],"picked":"SKIP","floor":13},{"not_picked":["Seek","Biased Cognition"],"picked":"Electrodynamics","floor":16},{"not_picked":["Glacier","Leap"],"picked":"Storm","floor":18},{"not_picked":["Steam","Gash"],"picked":"Static Discharge","floor":19},{"not_picked":["Conserve Battery","Sunder"],"picked":"White Noise","floor":21},{"not_picked":["Cold Snap","Auto Shields"],"picked":"Conserve Battery","floor":22},{"not_picked":["Darkness","Scrape"],"picked":"Echo Form","floor":24},{"not_picked":["Steam","Stack"],"picked":"FTL","floor":29},{"not_picked":["Chaos","Turbo"],"picked":"Auto Shields","floor":30}],"player_experience":369881,"relics_obtained":[{"floor":7,"key":"Blue Candle"},{"floor":9,"key":"Orichalcum"},{"floor":24,"key":"Lantern"},{"floor":26,"key":"Letter Opener"},{"floor":31,"key":"Strawberry"}],"event_choices":[{"event_name":"Liars Game","player_choice":"disagreed","floor":3,"damage_taken":0},{"event_name":"Big Fish","player_choice":"Banana","floor":4,"damage_taken":0},{"event_name":"Scrap Ooze","player_choice":"success","floor":8,"damage_taken":12},{"event_name":"Designer","player_choice":"Upgrade Card","floor":20,"damage_taken":0},{"event_name":"Back to Basics","player_choice":"Elegance","floor":28,"damage_taken":0},{"event_name":"Wheel of Change","player_choice":"Relic","floor":31,"damage_taken":0}],"is_beta":false,"boss_relics":[{"not_picked":["White Beast Statue","Pandora\u0027s Box"],"picked":"Cursed Key"}],"items_purged_floors":[],"is_endless":false,"potions_floor_spawned":[2,5,7,16,19,29,30],"killed_by":"Champ","ascension_level":12}