{"gold_per_floor":[116,116,44,54,54,54,73,144,170,181,181,197,211,1,1,104,104,119,69,85,8,8,8,28,41,41,56,76,0,0,0],"floor_reached":31,"playtime":727,"items_purged":[],"score":332,"play_id":"b267b45a-3bf6-47a9-bc72-f5aac3cc1598","local_time":"20181230000319","is_ascension_mode":true,"campfire_choices":[{"data":"Genetic Algorithm","floor":6,"key":"SMITH"},{"data":"Zap","floor":11,"key":"SMITH"},{"floor":15,"key":"REST"},{"data":"Buffer","floor":23,"key":"SMITH"},{"floor":30,"key":"REST"}],"neow_cost":"NONE","seed_source_timestamp":723546987856604,"circlet_count":0,"master_deck":["Strike_B","Strike_B","Strike_B+1","Strike_B","Defend_B","Defend_B+1","Defend_B","Defend_B","Zap+1","Dualcast","Genetic Algorithm+1","Steam","Stack","Ball Lightning","Skim","Biased Cognition","Double Energy","Hello World","Buffer+1","Machine Learning","Stack","Defragment","Storm","Hello World","Lockon","Rebound","Beam Cell+1"],"relics":["Cracked Core","Mercury Hourglass","Question Card","Smiling Mask","Sozu","Vajra","Bottled Flame"],"potions_floor_usage":[10,13,16],"damage_taken":[{"damage":6,"enemies":"Jaw Worm","floor":1,"turns":3},{"damage":0,"enemies":"Cultist","floor":4,"turns":3},{"damage":0,"enemies":"Small Slimes","floor":7,"turns":2},{"damage":0,"enemies":"Exordium Thugs","floor":10,"turns":3},{"damage":6,"enemies":"Looter","floor":12,"turns":3},{"damage":4,"enemies":"Large Slime","floor":13,"turns":2},{"damage":17,"enemies":"Slime Boss","floor":16,"turns":7},{"damage":6,"enemies":"Spheric Guardian","floor":18,"turns":4},{"damage":0,"enemies":"Chosen","floor":20,"turns":4},{"damage":18,"enemies":"Snake Plant","floor":24,"turns":4},{"damage":8,"enemies":"Centurion and Healer","floor":25,"turns":6},{"damage":5,"enemies":"Snecko","floor":27,"turns":4},{"damage":22,"enemies":"Cultist and Chosen","floor":28,"turns":5},{"damage":0,"enemies":"Shelled Parasite and Fungi","floor":31,"turns":1}],"seed_played":"6426355534220766769","potions_obtained":[{"floor":1,"key":"SkillPotion"},{"floor":10,"key":"Fire Potion"},{"floor":12,"key":"Strength Potion"}],"is_trial":false,"path_per_floor":["M","?","$","M","?","R","M","T","T","M","R","M","M","$","R","B",null,"M","?","M","$","?","R","M","M","T","M","M","?","R","M"],"character_chosen":"DEFECT","items_purchased":["Stack","Ball Lightning","Buffer","SkillPotion","Storm"],"campfire_rested":2,"item_purchase_floors":[3,3,14,14,21],"current_hp_per_floor":[62,47,47,47,35,35,35,35,35,35,35,29,25,25,47,30,64,58,58,58,58,58,58,40,32,32,27,5,5,27,27],"gold":0,"neow_bonus":"THREE_CARDS","is_prod":false,"is_daily":false,"chose_seed":false,"campfire_upgraded":3,"win_rate":0,"timestamp":1546124599,"path_taken":["M","?","$","M","?","R","M","?","T","M","R","?","M","$","R","BOSS","M","?","M","?","?","R","M","M","T","M","?","?","R","M"],"build_version":"2018-12-20","purchased_purges":0,"victory":false,"max_hp_per_floor":[75,75,75,75,75,75,75,75,75,75,75,75,75,75,75,75,75,75,75,75,75,75,75,75,75,75,75,75,75,75,75],"card_choices":[{"not_picked":["Fusion","Beam Cell"],"picked":"Genetic Algorithm","floor":0},{"not_picked":["Darkness","Hologram"],"picked":"Steam","floor":1},{"not_picked":["Gash","Darkness"],"picked":"Skim","floor":4},{"not_picked":["Reinforced Body","Go for the Eyes","Turbo"],"picked":"SKIP","floor":7},{"not_picked":["Redo","Coolheaded","Beam Cell"],"picked":"Biased Cognition","floor":10},{"not_picked":["Cold Snap","Barrage","Conserve Battery"],"picked":"Double Energy","floor":12},{"not_picked":["Coolheaded","Turbo","Barrage"],"picked":"Hello World","floor":13},{"not_picked":["Fission","Multi-Cast","Hyperbeam"],"picked":"Machine Learning","floor":16},{"not_picked":["Rip and Tear","Hologram","Beam Cell"],"picked":"Stack","floor":18},{"not_picked":["Ball Lightning","Go for the Eyes","Chaos"],"picked":"Defragment","floor":20},{"not_picked":["Steam","Conserve Battery","Seek"],"picked":"Hello World","floor":24},{"not_picked":["Blizzard+1","FTL","Leap"],"picked":"Lockon","floor":25},{"not_picked":["Hologram","Darkness","Go for the Eyes"],"picked":"Rebound","floor":27},{"not_picked":["Fusion","Compile Driver","Gash"],"picked":"Beam Cell+1","floor":28}],"player_experience":490119,"relics_obtained":[{"floor":8,"key":"Question Card"},{"floor":9,"key":"Smiling Mask"},{"floor":26,"key":"Bottled Flame"}],"event_choices":[{"damage_healed":0,"gold_gain":0,"player_choice":"Entered Light","damage_taken":15,"max_hp_gain":0,"max_hp_loss":0,"event_name":"Shining Light","floor":2,"gold_loss":0,"cards_upgraded":["Strike_B","Defend_B"]},{"damage_healed":0,"gold_gain":0,"player_choice":"Success","damage_taken":12,"relics_obtained":["Mercury Hourglass"],"max_hp_gain":0,"max_hp_loss":0,"event_name":"Scrap Ooze","floor":5,"gold_loss":0},{"damage_healed":0,"gold_gain":0,"player_choice":"Bet on Murderer","damage_taken":0,"max_hp_gain":0,"max_hp_loss":0,"event_name":"The Joust","floor":19,"gold_loss":50},{"damage_healed":0,"gold_gain":0,"player_choice":"Opened","damage_taken":0,"relics_obtained":["Vajra"],"max_hp_gain":0,"max_hp_loss":0,"event_name":"The Mausoleum","floor":22,"gold_loss":0},{"damage_healed":0,"gold_gain":0,"player_choice":"Paid Fearfully","damage_taken":0,"max_hp_gain":0,"max_hp_loss":0,"event_name":"Masked Bandits","floor":29,"gold_loss":76}],"is_beta":false,"boss_relics":[{"not_picked":["Empty Cage","Tiny House"],"picked":"Sozu"}],"items_purged_floors":[],"is_endless":false,"potions_floor_spawned":[1,10,12,20,27],"killed_by":"Shelled Parasite and Fungi","ascension_level":9}