{"gold_per_floor":[114,134,150,150,170,170,184,184,184,4,18,18,30,48,48,152,152,167,4,21,21,34,34,34,34,59,59,59,59,76,76],"floor_reached":31,"playtime":1640,"items_purged":[],"score":229,"play_id":"0a6a45ad-a4ee-475a-86c4-a4453b52c7ba","local_time":"20180624222956","is_ascension_mode":false,"campfire_choices":[{"floor":6,"key":"REST"},{"data":"Flame Barrier","floor":8,"key":"SMITH"},{"floor":12,"key":"REST"},{"data":"Seeing Red","floor":15,"key":"SMITH"},{"floor":23,"key":"REST"},{"data":"Impervious","floor":25,"key":"SMITH"},{"data":"Juggernaut","floor":27,"key":"SMITH"}],"neow_cost":"CURSE","seed_source_timestamp":921294937098256,"circlet_count":0,"master_deck":["Strike_R","Strike_R","Strike_R","Strike_R","Defend_R","Defend_R","Defend_R","Defend_R","Iron Wave","Combust","Dual Wield","Metallicize+1","Second Wind","Flame Barrier+1","Armaments","Carnage","Clothesline","Trip","Blood for Blood","Juggernaut+1","Seeing Red+1","Impervious+1","Anger","Intimidate","Inflame","Battle Trance","Twin Strike","Uppercut","Carnage","Armaments","Perfected Strike+1","Anger","Flex","Power Through"],"relics":["Burning Blood","Darkstone Periapt","Orrery","Orichalcum"],"potions_floor_usage":[14,30],"damage_taken":[{"damage":8,"enemies":"2 Louse","floor":1,"turns":3},{"damage":4,"enemies":"Jaw Worm","floor":2,"turns":5},{"damage":12,"enemies":"Small Slimes","floor":3,"turns":4},{"damage":23,"enemies":"2 Fungi Beasts","floor":5,"turns":6},{"damage":17,"enemies":"Exordium Thugs","floor":7,"turns":6},{"damage":11,"enemies":"Exordium Wildlife","floor":11,"turns":3},{"damage":0,"enemies":"Blue Slaver","floor":13,"turns":3},{"damage":12,"enemies":"Red Slaver","floor":14,"turns":2},{"damage":31,"enemies":"Slime Boss","floor":16,"turns":9},{"damage":19,"enemies":"Spheric Guardian","floor":18,"turns":6},{"damage":1,"enemies":"2 Thieves","floor":20,"turns":5},{"damage":31,"enemies":"Snake Plant","floor":22,"turns":4},{"damage":92,"enemies":"3 Cultists","floor":30,"turns":9},{"damage":10,"enemies":"Slavers","floor":31,"turns":4}],"seed_played":"-2771429851367224159","potions_obtained":[{"floor":1,"key":"Swift Potion"},{"floor":2,"key":"Dexterity Potion"},{"floor":3,"key":"SkillPotion"},{"floor":11,"key":"FairyPotion"}],"is_trial":false,"path_per_floor":["M","M","M","?","M","R","M","R","T","$","M","R","M","M","R","B",null,"M","$","M","$","M","R","?","R","T","R","?","?","M"],"character_chosen":"IRONCLAD","items_purchased":["Carnage","Clothesline","Trip","Uppercut","Carnage","Armaments"],"campfire_rested":3,"item_purchase_floors":[10,10,10,19,19,19],"current_hp_per_floor":[78,80,74,74,57,80,69,69,69,69,64,80,80,74,74,49,80,67,67,72,72,47,71,71,71,71,71,80,80,9,0],"gold":76,"neow_bonus":"TRANSFORM_TWO_CARDS","is_prod":false,"is_daily":false,"chose_seed":false,"campfire_upgraded":4,"win_rate":0.0,"timestamp":1529872196,"path_taken":["M","M","M","?","M","R","M","R","T","$","M","R","M","M","R","BOSS","M","$","?","$","M","R","?","R","T","R","?","?","M","E"],"build_version":"2018-06-21v2","purchased_purges":0,"victory":false,"max_hp_per_floor":[80,80,80,80,80,80,80,80,80,80,80,80,80,80,80,80,80,80,80,80,80,80,80,80,80,80,80,80,80,80,80],"card_choices":[{"not_picked":["Shrug It Off","Armaments"],"picked":"Dual Wield","floor":1},{"not_picked":["Flex","Thunderclap"],"picked":"Metallicize","floor":2},{"not_picked":["Clash","True Grit"],"picked":"Second Wind","floor":3},{"not_picked":["True Grit","Shockwave"],"picked":"Flame Barrier","floor":5},{"not_picked":["Heavy Blade","Iron Wave"],"picked":"Armaments","floor":7},{"not_picked":["True Grit","Flex"],"picked":"Blood for Blood","floor":11},{"not_picked":["Thunderclap","Shrug It Off"],"picked":"Juggernaut","floor":13},{"not_picked":["Body Slam","Second Wind"],"picked":"Seeing Red","floor":14},{"not_picked":["Dark Embrace","Berserk"],"picked":"Impervious","floor":16},{"not_picked":["Bloodletting","Twin Strike"],"picked":"Anger","floor":17},{"not_picked":["Flex","Cleave"],"picked":"Intimidate","floor":17},{"not_picked":["Hemokinesis","Headbutt"],"picked":"Inflame","floor":17},{"not_picked":["Clash","Sever Soul"],"picked":"Battle Trance","floor":17},{"not_picked":["Cleave","Clash"],"picked":"Twin Strike","floor":17},{"not_picked":["Cleave","Sever Soul"],"picked":"Blood for Blood","floor":18},{"not_picked":["Hemokinesis+1","Sever Soul+1"],"picked":"Perfected Strike+1","floor":20},{"not_picked":["Carnage","Intimidate+1"],"picked":"Anger","floor":22},{"not_picked":["Twin Strike","Carnage"],"picked":"Power Through","floor":30}],"player_experience":23157,"relics_obtained":[{"floor":9,"key":"Darkstone Periapt"},{"floor":26,"key":"Orichalcum"}],"event_choices":[{"event_name":"Living Wall","player_choice":"Grow","floor":4,"damage_taken":0},{"event_name":"Fountain of Cleansing","player_choice":"Removed Curse","floor":24,"damage_taken":0},{"event_name":"Bonfire Elementals","player_choice":"UNCOMMON","floor":28,"damage_taken":0},{"event_name":"The Library","player_choice":"Read","floor":29,"damage_taken":0}],"boss_relics":[{"not_picked":["Astrolabe","Sozu"],"picked":"Orrery"}],"items_purged_floors":[],"is_endless":false,"potions_floor_spawned":[1,2,3,11,13],"killed_by":"Slavers","ascension_level":0}