{"gold_per_floor":[113,124,124,124,41,72,72,30,30,59,59,91,91,49,49,125,125,141,141,141],"floor_reached":20,"playtime":1269,"items_purged":[],"score":363,"play_id":"7e3b5467-9b0f-46ce-8973-3a4ea3c01b7e","local_time":"20181102103133","is_ascension_mode":true,"campfire_choices":[{"data":"Forethought","floor":7,"key":"SMITH"},{"floor":11,"key":"REST"},{"data":"Coolheaded","floor":13,"key":"SMITH"},{"data":"Go for the Eyes","floor":15,"key":"SMITH"}],"neow_cost":"NONE","seed_source_timestamp":578114493096815,"circlet_count":0,"master_deck":["AscendersBane","Strike_B","Strike_B","Strike_B","Strike_B+1","Defend_B","Defend_B","Defend_B","Defend_B","Zap+1","Dualcast","Forethought+1","Coolheaded+1","Scrape+1","FTL","Undo","Compile Driver","Rebound","Go for the Eyes+1","Hyperbeam","Sweeping Beam"],"relics":["Cracked Core","Darkstone Periapt","Sundial","The Courier","Whetstone","Runic Pyramid"],"potions_floor_usage":[16,20],"damage_taken":[{"damage":2,"enemies":"Cultist","floor":1,"turns":4},{"damage":1,"enemies":"2 Louse","floor":2,"turns":3},{"damage":28,"enemies":"3 Sentries","floor":6,"turns":9},{"damage":15,"enemies":"Lagavulin","floor":10,"turns":7},{"damage":24,"enemies":"3 Sentries","floor":12,"turns":7},{"damage":9,"enemies":"Hexaghost","floor":16,"turns":12},{"damage":15,"enemies":"Spheric Guardian","floor":18,"turns":4},{"damage":41,"enemies":"Colosseum Slavers","floor":19,"turns":5},{"damage":11,"enemies":"3 Byrds","floor":20,"turns":2}],"seed_played":"-4913863879091902180","potions_obtained":[{"floor":12,"key":"Swift Potion"},{"floor":16,"key":"FairyPotion"},{"floor":18,"key":"PowerPotion"}],"is_trial":false,"path_per_floor":["M","M","?","?","$","E","R","?","T","E","R","E","R","$","R","B",null,"M","?","M"],"character_chosen":"DEFECT","items_purchased":["FTL","Go for the Eyes"],"campfire_rested":1,"item_purchase_floors":[5,14],"current_hp_per_floor":[62,61,61,66,66,38,38,38,38,23,45,21,21,21,21,12,60,45,4,0],"gold":141,"neow_bonus":"RANDOM_COLORLESS","is_prod":false,"is_daily":false,"chose_seed":false,"campfire_upgraded":3,"win_rate":0,"timestamp":1541151093,"path_taken":["M","M","?","?","$","E","R","?","T","E","R","E","R","?","R","BOSS","M","?","M"],"build_version":"2018-11-01v2","purchased_purges":0,"victory":false,"max_hp_per_floor":[71,71,71,76,76,76,76,76,76,76,76,76,76,76,76,76,76,76,76,76],"card_choices":[{"not_picked":["Leap","Hologram"],"picked":"Coolheaded","floor":1},{"not_picked":["Loop","Self Repair"],"picked":"Scrape","floor":2},{"not_picked":["Hologram","Force Field"],"picked":"Undo","floor":6},{"not_picked":["Hologram","Tempest"],"picked":"Compile Driver","floor":10},{"not_picked":["Doom and Gloom","Stack"],"picked":"Rebound","floor":12},{"not_picked":["Reboot","Seek"],"picked":"Hyperbeam","floor":16},{"not_picked":["Cold Snap+1","Gash+1"],"picked":"Sweeping Beam","floor":18}],"player_experience":298441,"relics_obtained":[{"floor":6,"key":"Darkstone Periapt"},{"floor":9,"key":"Sundial"},{"floor":10,"key":"The Courier"},{"floor":12,"key":"Whetstone"}],"event_choices":[{"damage_healed":0,"gold_gain":0,"player_choice":"Grow","damage_taken":0,"max_hp_gain":0,"max_hp_loss":0,"event_name":"Living Wall","floor":3,"gold_loss":0,"cards_upgraded":["Zap"]},{"damage_healed":0,"gold_gain":0,"player_choice":"Donut","damage_taken":0,"max_hp_gain":5,"max_hp_loss":0,"event_name":"Big Fish","floor":4,"gold_loss":0},{"damage_healed":0,"gold_gain":0,"player_choice":"Left Gold","damage_taken":0,"max_hp_gain":0,"max_hp_loss":0,"event_name":"World of Goop","floor":8,"gold_loss":42},{"damage_healed":0,"gold_gain":0,"player_choice":"Fight","damage_taken":0,"max_hp_gain":0,"max_hp_loss":0,"event_name":"Colosseum","floor":19,"gold_loss":0},{"damage_healed":0,"gold_gain":0,"player_choice":"Fled From Nobs","damage_taken":0,"max_hp_gain":0,"max_hp_loss":0,"event_name":"Colosseum","floor":19,"gold_loss":0}],"is_beta":true,"boss_relics":[{"not_picked":["White Beast Statue","Fusion Hammer"],"picked":"Runic Pyramid"}],"items_purged_floors":[],"is_endless":false,"potions_floor_spawned":[12,16,18,19],"killed_by":"3 Byrds","ascension_level":19}