{"gold_per_floor":[109,32,43,55,71,96,96,96,122,135,201,251,264,0,0,105,105,124,174,134,154,204],"floor_reached":22,"playtime":724,"items_purged":[],"score":235,"play_id":"4b650b8a-48f8-4fa2-9978-ae7061d874a7","local_time":"20181202080742","is_ascension_mode":true,"campfire_choices":[{"data":"Loop","floor":7,"key":"SMITH"},{"floor":15,"key":"REST"}],"neow_cost":"NONE","seed_source_timestamp":1353753932259354,"circlet_count":0,"master_deck":["Strike_B","Strike_B","Defend_B","Defend_B+1","Defend_B","Zap","Dualcast","Conserve Battery","Defragment","Loop+1","Steam","Skim","Hologram","Melter","Doom and Gloom","Static Discharge","Zap","Leap","Turbo","Static Discharge","Creative AI","Steam Power+1","Undo+1","Streamline+1","Double Energy","Heatsinks"],"relics":["Cracked Core","Centennial Puzzle","Bronze Scales","SsserpentHead","Art of War","Vajra","Astrolabe"],"potions_floor_usage":[5,5,6,13,16,16],"damage_taken":[{"damage":2,"enemies":"2 Louse","floor":1,"turns":2},{"damage":0,"enemies":"Cultist","floor":3,"turns":3},{"damage":5,"enemies":"Jaw Worm","floor":4,"turns":4},{"damage":12,"enemies":"Exordium Thugs","floor":5,"turns":4},{"damage":20,"enemies":"3 Sentries","floor":6,"turns":6},{"damage":11,"enemies":"Looter","floor":10,"turns":3},{"damage":6,"enemies":"Blue Slaver","floor":11,"turns":3},{"damage":1,"enemies":"3 Louse","floor":13,"turns":2},{"damage":14,"enemies":"The Guardian","floor":16,"turns":6},{"damage":33,"enemies":"Shell Parasite","floor":18,"turns":4},{"damage":20,"enemies":"2 Thieves","floor":21,"turns":4},{"damage":8,"enemies":"Snake Plant","floor":22,"turns":2}],"seed_played":"-3735990762581092532","potions_obtained":[{"floor":1,"key":"SpeedPotion"},{"floor":3,"key":"EssenceOfSteel"},{"floor":4,"key":"SpeedPotion"},{"floor":10,"key":"Energy Potion"},{"floor":11,"key":"FocusPotion"},{"floor":13,"key":"EssenceOfSteel"}],"is_trial":false,"path_per_floor":["M","$","M","M","M","E","R","?","T","M","M","?","M","$","R","B",null,"M","?","?","M","M"],"character_chosen":"DEFECT","items_purchased":["Defragment","Turbo","Static Discharge","Vajra"],"campfire_rested":1,"item_purchase_floors":[2,14,14,14],"current_hp_per_floor":[73,73,73,68,56,36,36,36,36,25,19,19,18,18,40,26,63,30,30,30,10,2],"gold":204,"neow_bonus":"RANDOM_COMMON_RELIC","is_prod":false,"is_daily":false,"chose_seed":false,"campfire_upgraded":1,"win_rate":0,"timestamp":1543734462,"path_taken":["M","$","M","M","M","E","R","?","T","M","?","?","M","$","R","BOSS","M","?","?","M","?"],"build_version":"2018-11-15","purchased_purges":0,"victory":false,"max_hp_per_floor":[75,75,75,75,75,75,75,75,75,75,75,75,75,75,75,75,75,75,75,75,75,75],"card_choices":[{"not_picked":["Compile Driver","Beam Cell"],"picked":"Conserve Battery","floor":1},{"not_picked":["Sweeping Beam","Stack"],"picked":"Loop","floor":3},{"not_picked":["Gash","Hyperbeam"],"picked":"Steam","floor":4},{"not_picked":["Hologram","Stack"],"picked":"Skim","floor":5},{"not_picked":["Hyperbeam","Fusion"],"picked":"Hologram","floor":6},{"not_picked":["Stack","Conserve Battery"],"picked":"Melter","floor":10},{"not_picked":["Double Energy","Compile Driver"],"picked":"Doom and Gloom","floor":11},{"not_picked":["Stack","Barrage"],"picked":"Leap","floor":13},{"not_picked":["Amplify","Hyperbeam"],"picked":"Creative AI","floor":16},{"not_picked":["Fusion","Cold Snap"],"picked":"Double Energy","floor":18},{"not_picked":["Gash","Hologram"],"picked":"Heatsinks","floor":21}],"player_experience":388397,"relics_obtained":[{"floor":6,"key":"Bronze Scales"},{"floor":9,"key":"Art of War"}],"event_choices":[{"damage_healed":0,"gold_gain":0,"player_choice":"Trade","damage_taken":0,"relics_obtained":["SsserpentHead"],"max_hp_gain":0,"max_hp_loss":0,"event_name":"FaceTrader","floor":8,"gold_loss":0},{"damage_healed":0,"gold_gain":0,"player_choice":"2 cards matched","damage_taken":0,"max_hp_gain":0,"max_hp_loss":0,"event_name":"Match and Keep!","floor":12,"gold_loss":0,"cards_obtained":["Static Discharge","Zap"]},{"damage_healed":0,"gold_gain":0,"player_choice":"Smashed Altar","damage_taken":0,"max_hp_gain":0,"max_hp_loss":0,"event_name":"Forgotten Altar","floor":19,"gold_loss":0,"cards_obtained":["Decay"]},{"cards_removed":["Decay"],"damage_healed":0,"gold_gain":0,"player_choice":"Upgrade and Remove","damage_taken":0,"max_hp_gain":0,"max_hp_loss":0,"event_name":"Designer","floor":20,"gold_loss":90,"cards_upgraded":["Defend_B"]}],"is_beta":false,"boss_relics":[{"not_picked":["Coffee Dripper","White Beast Statue"],"picked":"Astrolabe"}],"items_purged_floors":[],"is_endless":false,"potions_floor_spawned":[1,3,4,10,11,13],"killed_by":"Snake Plant","ascension_level":5}