{"path_per_floor":["M","M","M","M","?","R","M","R","T","M","T","M","R","M","R","B",null,"M","M","T","$","M","R","?","R","T","M","R","$","M","M","R","B",null,"M","M","?","?","M","R","M","R","T","R","M","$","M","$","R"],"character_chosen":"DEFECT","items_purchased":["Anchor","Ball Lightning","Capacitor","White Noise","Static Discharge"],"gold_per_floor":[111,126,143,156,106,106,122,122,122,141,141,155,155,165,165,269,269,280,293,293,86,98,98,124,124,150,169,169,68,79,99,99,194,194,211,229,229,451,463,463,478,478,478,478,488,317,334,142,142,142],"floor_reached":50,"campfire_rested":0,"playtime":3209,"current_hp_per_floor":[65,64,56,55,55,55,52,52,52,35,35,35,35,35,35,16,75,70,70,70,70,64,64,64,64,64,64,64,64,59,59,59,51,75,74,74,75,75,66,66,54,54,54,54,52,52,36,36,36,0],"items_purged":["Strike_B","Strike_B","Strike_B"],"gold":142,"score":465,"play_id":"28326084-c223-4450-8a47-8df38a55308a","local_time":"20180519043413","is_prod":false,"is_daily":false,"chose_seed":false,"is_ascension_mode":false,"campfire_upgraded":12,"timestamp":1526697253,"campfire_choices":[{"data":"Electrodynamics","floor":6,"key":"SMITH"},{"data":"Zap","floor":8,"key":"SMITH"},{"data":"Barrage","floor":13,"key":"SMITH"},{"data":"Tempest","floor":15,"key":"SMITH"},{"data":"Rainbow","floor":23,"key":"SMITH"},{"data":"Ball Lightning","floor":25,"key":"SMITH"},{"data":"Ball Lightning","floor":28,"key":"SMITH"},{"data":"Darkness","floor":32,"key":"SMITH"},{"data":"Fission","floor":40,"key":"SMITH"},{"data":"Capacitor","floor":42,"key":"SMITH"},{"data":"Ball Lightning","floor":44,"key":"SMITH"},{"data":"Buffer","floor":49,"key":"SMITH"}],"path_taken":["M","M","M","M","?","R","M","R","T","M","?","M","R","M","R","BOSS","M","M","?","?","M","R","?","R","T","M","R","$","?","M","R","BOSS","M","M","?","?","M","R","?","R","T","R","M","$","M","$","R","BOSS"],"build_version":"2018-05-17","seed_source_timestamp":282986600866943,"purchased_purges":3,"victory":false,"master_deck":["Defend_B","Defend_B","Defend_B+1","Defend_B+1","Zap+1","Electrodynamics+1","Ball Lightning","Ball Lightning","Ball Lightning+1","Barrage+1","Tempest+1","Rainbow+1","Ball Lightning+1","Coolheaded+1","Capacitor+1","Darkness+1","Ball Lightning+1","Fission+1","Ball Lightning+1","Capacitor+1","Coolheaded+1","White Noise","Buffer+1","Static Discharge"],"max_hp_per_floor":[75,75,75,75,75,75,75,75,75,75,75,75,75,75,75,75,75,75,75,75,75,75,75,75,75,75,75,75,75,75,75,75,75,75,75,75,75,75,75,75,75,75,75,75,75,75,75,75,75,75],"relics":["Cracked Core","Dodecahedron","Bottled Tornado","Nuclear Battery","War Paint","Anchor","Red Mask","Art of War","Velvet Choker","Pantograph"],"card_choices":[{"not_picked":["Streamline","Loop"],"picked":"Ball Lightning","floor":1},{"not_picked":["Hologram","Streamline","Axe Kick"],"picked":"SKIP","floor":2},{"not_picked":["Scrape","Go for the Eyes","Sweeping Beam"],"picked":"SKIP","floor":3},{"not_picked":["Leap","Heatsinks","Skim"],"picked":"SKIP","floor":4},{"not_picked":["Steam","Axe Kick"],"picked":"Ball Lightning","floor":7},{"not_picked":["Sunder","Electrodynamics"],"picked":"Ball Lightning","floor":10},{"not_picked":["Scrape","Rebound"],"picked":"Barrage","floor":12},{"not_picked":["Chaos","Sweeping Beam"],"picked":"Tempest","floor":14},{"not_picked":["Meteor Strike","Electrodynamics"],"picked":"Rainbow","floor":16},{"not_picked":["Heatsinks+1","Streamline+1","Hello World"],"picked":"SKIP","floor":18},{"not_picked":["Go for the Eyes","Auto Shields","Gash+1"],"picked":"SKIP","floor":19},{"not_picked":["Force Field","Leap","Gash+1"],"picked":"SKIP","floor":22},{"not_picked":["Force Field","Leap","Gash+1"],"picked":"SKIP","floor":22},{"not_picked":["Genetic Algorithm","Leap"],"picked":"Coolheaded+1","floor":24},{"not_picked":["Seek","Recycle+1","Sunder"],"picked":"SKIP","floor":27},{"not_picked":["Hologram+1","Sweeping Beam"],"picked":"Darkness","floor":30},{"not_picked":["Streamline+1","Amplify"],"picked":"Ball Lightning","floor":31},{"not_picked":["Reboot","All For One"],"picked":"Fission","floor":33},{"not_picked":["Lockon+1","Doom and Gloom"],"picked":"Ball Lightning+1","floor":35},{"not_picked":["Sweeping Beam","Beam Cell"],"picked":"Capacitor+1","floor":36},{"not_picked":["Storm+1","Rip and Tear","Heatsinks+1"],"picked":"SKIP","floor":39},{"not_picked":["Coolheaded","Barrage","Heatsinks+1"],"picked":"SKIP","floor":41},{"not_picked":["Reinforced Body","Steam+1"],"picked":"Coolheaded+1","floor":45},{"not_picked":["Hologram+1","Capacitor"],"picked":"Buffer","floor":47}],"player_experience":99386,"potions_floor_usage":[7,14,16,19,24,33,33,33,45,45],"damage_taken":[{"damage":10,"enemies":"Small Slimes","floor":1,"turns":4},{"damage":1,"enemies":"Jaw Worm","floor":2,"turns":4},{"damage":8,"enemies":"2 Louse","floor":3,"turns":3},{"damage":1,"enemies":"Exordium Wildlife","floor":4,"turns":5},{"damage":3,"enemies":"Red Slaver","floor":7,"turns":3},{"damage":17,"enemies":"Exordium Thugs","floor":10,"turns":4},{"damage":0,"enemies":"Looter","floor":12,"turns":3},{"damage":0,"enemies":"Large Slime","floor":14,"turns":2},{"damage":19,"enemies":"Hexaghost","floor":16,"turns":5},{"damage":5,"enemies":"3 Byrds","floor":18,"turns":3},{"damage":0,"enemies":"Spheric Guardian","floor":19,"turns":2},{"damage":6,"enemies":"Snake Plant","floor":22,"turns":3},{"damage":0,"enemies":"Maskierte Banditen","floor":24,"turns":2},{"damage":0,"enemies":"Snecko","floor":27,"turns":2},{"damage":5,"enemies":"Slaver and Parasite","floor":30,"turns":3},{"damage":0,"enemies":"Cultist and Chosen","floor":31,"turns":3},{"damage":8,"enemies":"Collector","floor":33,"turns":4},{"damage":1,"enemies":"Orb Walker","floor":35,"turns":2},{"damage":0,"enemies":"Flame Bruiser 1 Orb","floor":36,"turns":2},{"damage":9,"enemies":"3 Darklings","floor":39,"turns":2},{"damage":12,"enemies":"4 Shapes","floor":41,"turns":3},{"damage":2,"enemies":"Spire Growth","floor":45,"turns":2},{"damage":16,"enemies":"3 Darklings","floor":47,"turns":3},{"damage":70,"enemies":"Awakened One","floor":50,"turns":7}],"relics_obtained":[{"floor":9,"key":"Dodecahedron"},{"floor":11,"key":"Bottled Tornado"},{"floor":20,"key":"War Paint"},{"floor":24,"key":"Red Mask"},{"floor":26,"key":"Art of War"},{"floor":43,"key":"Pantograph"}],"event_choices":[{"event_name":"The Cleric","player_choice":"Card Removal","floor":5,"damage_taken":0},{"event_name":"Masked Bandits","player_choice":"Fought over 98 gold","floor":24,"damage_taken":0},{"event_name":"Wheel of Change","player_choice":"Full Heal","floor":37,"damage_taken":0},{"event_name":"Tomb of Lord Red Mask","player_choice":"Wore Mask","floor":38,"damage_taken":0}],"boss_relics":[{"not_picked":["Runic Pyramid","Cursed Key"],"picked":"Nuclear Battery"},{"not_picked":["Calling Bell","Philosopher\u0027s Stone"],"picked":"Velvet Choker"}],"potions_floor_spawned":[2,3,4,7,12,16,22,27,30,31,35,36],"seed_played":"-8895688247548639936","killed_by":"Awakened One","ascension_level":0,"potions_obtained":[{"floor":2,"key":"EssenceOfSteel"},{"floor":3,"key":"Energy Potion"},{"floor":4,"key":"Fire Potion"},{"floor":7,"key":"SmokeBomb"},{"floor":16,"key":"Poison Potion"},{"floor":22,"key":"LiquidBronze"},{"floor":27,"key":"Poison Potion"},{"floor":30,"key":"Strength Potion"},{"floor":31,"key":"Energy Potion"},{"floor":35,"key":"PowerPotion"},{"floor":36,"key":"Dexterity Potion"}],"is_trial":false}