{"gold_per_floor":[114,131,149,163,181,181,207,222,222,222,222,233,233],"floor_reached":13,"playtime":425,"items_purged":[],"score":89,"play_id":"fcd557ce-a17a-4604-84a7-583687144a22","local_time":"20190222013530","is_ascension_mode":false,"campfire_choices":[{"data":"Crippling Poison","floor":6,"key":"SMITH"},{"floor":11,"key":"REST"}],"neow_cost":"NONE","seed_source_timestamp":32799278062899,"circlet_count":0,"master_deck":["Defend_G","Defend_G","Defend_G","Defend_G","Defend_G","Strike_G","Strike_G","Strike_G","Strike_G","Strike_G","Survivor","Neutralize","Backstab","Infinite Blades","Poisoned Stab","Crippling Poison+1","Backflip","Escape Plan","Footwork+1","Dagger Spray+1","Envenom"],"relics":["Ring of the Snake","Boot","Dream Catcher","Molten Egg 2"],"potions_floor_usage":[4,5,13],"damage_taken":[{"damage":10,"enemies":"Small Slimes","floor":1,"turns":3},{"damage":6,"enemies":"Cultist","floor":2,"turns":3},{"damage":2,"enemies":"2 Louse","floor":3,"turns":3},{"damage":7,"enemies":"Red Slaver","floor":4,"turns":4},{"damage":9,"enemies":"Blue Slaver","floor":5,"turns":2},{"damage":15,"enemies":"3 Sentries","floor":7,"turns":9},{"damage":3,"enemies":"2 Fungi Beasts","floor":8,"turns":3},{"damage":0,"enemies":"Looter","floor":12,"turns":3},{"damage":41,"enemies":"Gremlin Nob","floor":13,"turns":4}],"seed_played":"-4967306655525241738","potions_obtained":[{"floor":3,"key":"Poison Potion"},{"floor":4,"key":"SkillPotion"},{"floor":5,"key":"Ancient Potion"},{"floor":8,"key":"AttackPotion"}],"is_trial":false,"path_per_floor":["M","M","M","M","M","R","E","M","T","?","R","M","E"],"character_chosen":"THE_SILENT","items_purchased":[],"campfire_rested":1,"item_purchase_floors":[],"current_hp_per_floor":[60,54,52,45,36,36,21,18,18,18,39,39,0],"gold":233,"neow_bonus":"RANDOM_COMMON_RELIC","is_prod":false,"is_daily":false,"chose_seed":false,"campfire_upgraded":1,"win_rate":0,"timestamp":1550817330,"path_taken":["M","M","M","M","M","R","E","M","T","?","R","?","E"],"build_version":"2019-01-23","purchased_purges":0,"victory":false,"max_hp_per_floor":[70,70,70,70,70,70,70,70,70,70,70,70,70],"card_choices":[{"not_picked":["Prepared","Quick Slash"],"picked":"Backstab","floor":1},{"not_picked":["Eviscerate","Bane"],"picked":"Infinite Blades","floor":2},{"not_picked":["Blade Dance","Deflect"],"picked":"Poisoned Stab","floor":3},{"not_picked":["Sucker Punch","Underhanded Strike"],"picked":"Crippling Poison","floor":4},{"not_picked":["Quick Slash","Underhanded Strike"],"picked":"Backflip","floor":5},{"not_picked":["Masterful Stab","Bouncing Flask"],"picked":"Escape Plan","floor":7},{"not_picked":["Heel Hook","Prepared"],"picked":"Footwork","floor":8},{"not_picked":["Prepared","Dodge and Roll"],"picked":"Dagger Spray+1","floor":11},{"not_picked":["Choke+1","Riddle With Holes+1"],"picked":"Envenom","floor":12}],"player_experience":721704,"relics_obtained":[{"floor":7,"key":"Dream Catcher"},{"floor":9,"key":"Molten Egg 2"}],"event_choices":[{"damage_healed":0,"gold_gain":0,"player_choice":"Forge","damage_taken":0,"max_hp_gain":0,"max_hp_loss":0,"event_name":"Accursed Blacksmith","floor":10,"gold_loss":0,"cards_upgraded":["Footwork"]}],"is_beta":false,"boss_relics":[],"items_purged_floors":[],"is_endless":false,"potions_floor_spawned":[3,4,5,8],"killed_by":"Gremlin Nob","ascension_level":0}