{"gold_per_floor":[116,116,135,151,167,192,192,222,270,301,301,81,144,194,194,298,298,310,330,380,430],"floor_reached":21,"playtime":1342,"items_purged":["Strike_R"],"score":308,"play_id":"a0f8e266-f879-42f6-8112-55ffcff83fcd","local_time":"20190324120005","is_ascension_mode":true,"campfire_choices":[{"data":"Flex","floor":7,"key":"SMITH"},{"floor":11,"key":"REST"},{"data":"Disarm","floor":15,"key":"SMITH"}],"neow_cost":"TEN_PERCENT_HP_LOSS","seed_source_timestamp":917447011449600,"circlet_count":0,"master_deck":["AscendersBane","Strike_R","Strike_R","Defend_R","Defend_R","Defend_R","Defend_R","Bash","Offering","Flex+1","Clothesline","Shockwave","Anger","Whirlwind","Ghostly Armor","Metallicize","Disarm+1","Feed","Shrug It Off+1","Corruption"],"relics":["Burning Blood","SsserpentHead","Blue Candle","Question Card","Lantern","Ancient Tea Set","Oddly Smooth Stone","Philosopher\u0027s Stone"],"potions_floor_usage":[10,21,21],"damage_taken":[{"damage":6,"enemies":"Small Slimes","floor":1,"turns":3},{"damage":6,"enemies":"Cultist","floor":3,"turns":2},{"damage":6,"enemies":"2 Louse","floor":4,"turns":2},{"damage":10,"enemies":"Red Slaver","floor":5,"turns":4},{"damage":33,"enemies":"Gremlin Nob","floor":6,"turns":4},{"damage":36,"enemies":"3 Sentries","floor":8,"turns":10},{"damage":8,"enemies":"Lagavulin","floor":10,"turns":6},{"damage":6,"enemies":"3 Louse","floor":13,"turns":1},{"damage":10,"enemies":"The Guardian","floor":16,"turns":12},{"damage":5,"enemies":"Chosen","floor":18,"turns":5},{"damage":8,"enemies":"3 Byrds","floor":19,"turns":5},{"damage":30,"enemies":"Colosseum Slavers","floor":21,"turns":4},{"damage":61,"enemies":"Colosseum Nobs","floor":21,"turns":5}],"seed_played":"7460380780392025961","potions_obtained":[{"floor":1,"key":"GamblersBrew"},{"floor":6,"key":"Dexterity Potion"},{"floor":13,"key":"Regen Potion"}],"is_trial":false,"path_per_floor":["M","?","M","M","M","E","R","E","T","E","R","$","M","?","R","B",null,"M","M","?","?"],"character_chosen":"IRONCLAD","items_purchased":["Oddly Smooth Stone"],"campfire_rested":1,"item_purchase_floors":[12],"current_hp_per_floor":[72,72,72,72,68,41,41,11,11,9,30,30,30,30,30,26,61,65,66,66,0],"gold":430,"neow_bonus":"TRANSFORM_TWO_CARDS","is_prod":false,"is_daily":false,"chose_seed":false,"campfire_upgraded":2,"win_rate":0,"timestamp":1553454005,"path_taken":["M","?","M","M","M","E","R","E","T","E","R","$","?","?","R","BOSS","M","M","?","?"],"build_version":"2019-01-23","purchased_purges":1,"victory":false,"max_hp_per_floor":[72,72,72,72,72,72,72,72,72,72,72,72,72,72,72,72,72,75,78,78,81],"card_choices":[{"not_picked":["True Grit","Burning Pact","Perfected Strike"],"picked":"SKIP","floor":1},{"not_picked":["Intimidate","Thunderclap"],"picked":"Clothesline","floor":3},{"not_picked":["Hemokinesis","True Grit","Clash"],"picked":"SKIP","floor":4},{"not_picked":["Havoc","Wild Strike"],"picked":"Shockwave","floor":5},{"not_picked":["Armaments","Ghostly Armor"],"picked":"Anger","floor":6},{"not_picked":["Dark Embrace","Body Slam"],"picked":"Whirlwind","floor":8},{"not_picked":["Warcry","Uppercut","Battle Trance"],"picked":"Ghostly Armor","floor":10},{"not_picked":["Fire Breathing","Heavy Blade","Bloodletting"],"picked":"Metallicize","floor":13},{"not_picked":["Dark Embrace","Limit Break","Immolate"],"picked":"Feed","floor":16},{"not_picked":["Sword Boomerang","Hemokinesis+1","Wild Strike","Burning Pact"],"picked":"SKIP","floor":18},{"not_picked":["Headbutt","Pommel Strike","Twin Strike"],"picked":"Shrug It Off+1","floor":19}],"player_experience":693854,"relics_obtained":[{"floor":6,"key":"Blue Candle"},{"floor":8,"key":"Question Card"},{"floor":9,"key":"Lantern"},{"floor":10,"key":"Ancient Tea Set"}],"event_choices":[{"damage_healed":0,"gold_gain":0,"player_choice":"Trade","damage_taken":0,"relics_obtained":["SsserpentHead"],"max_hp_gain":0,"max_hp_loss":0,"event_name":"FaceTrader","floor":2,"gold_loss":0},{"damage_healed":0,"gold_gain":0,"player_choice":"1 cards matched","damage_taken":0,"max_hp_gain":0,"max_hp_loss":0,"event_name":"Match and Keep!","floor":14,"gold_loss":0,"cards_obtained":["Disarm"]},{"damage_healed":0,"gold_gain":0,"player_choice":"Read","damage_taken":0,"max_hp_gain":0,"max_hp_loss":0,"event_name":"The Library","floor":20,"gold_loss":0,"cards_obtained":["Corruption"]},{"damage_healed":0,"gold_gain":0,"player_choice":"Fight","damage_taken":0,"max_hp_gain":0,"max_hp_loss":0,"event_name":"Colosseum","floor":21,"gold_loss":0},{"damage_healed":0,"gold_gain":0,"player_choice":"Fought Nobs","damage_taken":0,"max_hp_gain":0,"max_hp_loss":0,"event_name":"Colosseum","floor":21,"gold_loss":0}],"is_beta":false,"boss_relics":[{"not_picked":["Black Star","Tiny House"],"picked":"Philosopher\u0027s Stone"}],"items_purged_floors":[12],"is_endless":false,"potions_floor_spawned":[1,6,8,13,18],"killed_by":"Colosseum Nobs","ascension_level":11}