{"gold_per_floor":[213,488,501,29,48,48,48,13,13,44,44,44,70,84,84,188,188,208,228,228,241,36,36,62,62,88,88,88,106,106],"floor_reached":30,"playtime":824,"items_purged":["Regret","Shame"],"score":256,"play_id":"ac76d081-eba6-4f71-ad9e-6451aec74e32","local_time":"20190223145731","is_ascension_mode":false,"campfire_choices":[{"data":"Shrug It Off","floor":7,"key":"SMITH"},{"data":"Whirlwind","floor":12,"key":"SMITH"},{"data":"Bash","floor":15,"key":"SMITH"},{"floor":23,"key":"REST"},{"data":"Limit Break","floor":25,"key":"SMITH"}],"neow_cost":"NONE","seed_source_timestamp":62984648612891,"circlet_count":0,"master_deck":["Strike_R+1","Strike_R+1","Strike_R+1","Strike_R+1","Defend_R+1","Bash+1","Iron Wave","Berserk+1","Shrug It Off+1","Iron Wave+1","Whirlwind+1","Ghostly Armor","Limit Break+1","Armaments+1","Sword Boomerang+1","Rampage+1"],"relics":["Burning Blood","Sling","Vajra","Matryoshka","Smiling Mask","Gremlin Horn","Astrolabe","PreservedInsect","Strawberry","Mercury Hourglass","Bag of Marbles","Whetstone"],"potions_floor_usage":[10,16,19,29],"damage_taken":[{"damage":6,"enemies":"Jaw Worm","floor":1,"turns":3},{"damage":3,"enemies":"Cultist","floor":3,"turns":3},{"damage":2,"enemies":"Small Slimes","floor":5,"turns":3},{"damage":45,"enemies":"Lagavulin","floor":10,"turns":5},{"damage":9,"enemies":"Gremlin Nob","floor":13,"turns":3},{"damage":0,"enemies":"2 Fungi Beasts","floor":14,"turns":1},{"damage":20,"enemies":"Slime Boss","floor":16,"turns":8},{"damage":37,"enemies":"Shell Parasite","floor":18,"turns":7},{"damage":15,"enemies":"3 Byrds","floor":19,"turns":4},{"damage":23,"enemies":"Cultist and Chosen","floor":21,"turns":4},{"damage":24,"enemies":"Book of Stabbing","floor":24,"turns":4},{"damage":37,"enemies":"Snake Plant","floor":29,"turns":3},{"damage":0,"enemies":"Centurion and Healer","floor":30,"turns":1}],"seed_played":"-3879877815477183692","potions_obtained":[{"floor":5,"key":"AttackPotion"},{"floor":13,"key":"SpeedPotion"},{"floor":18,"key":"EssenceOfSteel"},{"floor":24,"key":"Poison Potion"},{"floor":29,"key":"Poison Potion"}],"is_trial":false,"path_per_floor":["M","?","M","$","M","?","R","?","T","E","?","R","E","M","R","B",null,"M","M","?","M","$","R","E","R","T","?","?","M","M"],"character_chosen":"IRONCLAD","items_purchased":["Sling","Vajra","Shrug It Off","Strawberry"],"campfire_rested":1,"item_purchase_floors":[4,4,4,22],"current_hp_per_floor":[80,80,80,80,80,80,80,80,80,41,34,34,31,37,37,23,80,49,40,40,23,30,56,38,38,38,38,38,7,7],"gold":106,"neow_bonus":"HUNDRED_GOLD","is_prod":false,"is_daily":false,"chose_seed":false,"campfire_upgraded":4,"win_rate":0,"timestamp":1550951851,"path_taken":["M","?","M","$","?","?","R","?","T","E","?","R","E","M","R","BOSS","M","M","?","M","$","R","E","R","T","?","?","M","?"],"build_version":"2019-01-23","purchased_purges":2,"victory":false,"max_hp_per_floor":[80,80,80,80,80,80,80,80,80,80,80,80,80,80,80,80,80,80,80,80,80,87,87,87,87,87,87,87,87,87],"card_choices":[{"not_picked":["Twin Strike","Havoc"],"picked":"Iron Wave","floor":1},{"not_picked":["Power Through","Anger"],"picked":"Berserk","floor":3},{"not_picked":["Pommel Strike","Searing Blow"],"picked":"Iron Wave","floor":5},{"not_picked":["Shockwave","Corruption"],"picked":"Whirlwind","floor":10},{"not_picked":["Sword Boomerang","Whirlwind","Perfected Strike"],"picked":"SKIP","floor":13},{"not_picked":["Burning Pact","Heavy Blade"],"picked":"Ghostly Armor","floor":14},{"not_picked":["Immolate","Fiend Fire"],"picked":"Limit Break","floor":16},{"not_picked":["Shockwave","Clash","Twin Strike"],"picked":"SKIP","floor":18},{"not_picked":["Clothesline+1","Clash","Rupture"],"picked":"SKIP","floor":19},{"not_picked":["True Grit","Cleave+1","Clothesline"],"picked":"SKIP","floor":21},{"not_picked":["Blood for Blood","Intimidate","Anger+1"],"picked":"SKIP","floor":24},{"not_picked":["Heavy Blade","Shrug It Off","Pommel Strike"],"picked":"SKIP","floor":29}],"player_experience":729365,"relics_obtained":[{"floor":9,"key":"Matryoshka"},{"floor":10,"key":"Smiling Mask"},{"floor":13,"key":"Gremlin Horn"},{"floor":24,"key":"Mercury Hourglass"},{"floor":26,"key":"Bag of Marbles"},{"floor":26,"key":"Whetstone"}],"event_choices":[{"damage_healed":0,"gold_gain":275,"player_choice":"Desecrate","damage_taken":0,"max_hp_gain":0,"max_hp_loss":0,"event_name":"Golden Shrine","floor":2,"gold_loss":0,"cards_obtained":["Regret"]},{"damage_healed":0,"gold_gain":0,"player_choice":"Grow","damage_taken":0,"max_hp_gain":0,"max_hp_loss":0,"event_name":"Living Wall","floor":6,"gold_loss":0,"cards_upgraded":["Berserk"]},{"damage_healed":20,"gold_gain":0,"player_choice":"Healed","damage_taken":0,"max_hp_gain":0,"max_hp_loss":0,"event_name":"The Cleric","floor":8,"gold_loss":35},{"cards_removed":["Strike_R"],"damage_healed":0,"gold_gain":0,"player_choice":"Card Removal","damage_taken":7,"max_hp_gain":0,"max_hp_loss":0,"event_name":"Golden Wing","floor":11,"gold_loss":0},{"damage_healed":0,"gold_gain":0,"player_choice":"Stole Relic","damage_taken":0,"relics_obtained":["PreservedInsect"],"max_hp_gain":0,"max_hp_loss":0,"event_name":"Addict","floor":20,"gold_loss":0,"cards_obtained":["Shame"]},{"damage_healed":0,"gold_gain":0,"player_choice":"Simplicity","damage_taken":0,"max_hp_gain":0,"max_hp_loss":0,"event_name":"Back to Basics","floor":27,"gold_loss":0,"cards_upgraded":["Strike_R","Strike_R","Strike_R","Defend_R"]},{"damage_healed":0,"gold_gain":0,"player_choice":"Ignored","damage_taken":0,"max_hp_gain":0,"max_hp_loss":0,"event_name":"Vampires","floor":28,"gold_loss":0}],"is_beta":false,"boss_relics":[{"not_picked":["Runic Pyramid","Eternal Feather"],"picked":"Astrolabe"}],"items_purged_floors":[4,22],"is_endless":false,"potions_floor_spawned":[5,13,18,24,29],"killed_by":"Centurion and Healer","ascension_level":0}