{"path_per_floor":["M","?","M","M","?","R","E","M","T","R","?","M","?","?","R"],"character_chosen":"IRONCLAD","items_purchased":[],"gold_per_floor":[112,112,125,142,242,242,270,287,314,314,344,363,363,363,363,363],"floor_reached":16,"campfire_rested":1,"playtime":796,"current_hp_per_floor":[80,80,80,80,80,80,58,26,26,26,18,13,13,10,37,0],"items_purged":[],"gold":363,"score":100,"play_id":"8f1adedc-2b39-4f89-856e-e9766cf086f1","local_time":"20180407143138","is_prod":false,"is_daily":false,"is_ascension_mode":false,"campfire_upgraded":2,"timestamp":1523107898,"path_taken":["M","?","M","M","?","R","E","M","T","R","?","M","?","?","R","BOSS"],"build_version":"2018-04-05v2","purchased_purges":0,"victory":false,"master_deck":["Strike_R","Strike_R","Strike_R","Strike_R","Defend_R","Defend_R","Defend_R","Defend_R","Bash","Berserk","Fire Breathing+1","Spot Weakness","Anger+1","Rampage","Battle Trance","Anger","Twin Strike"],"max_hp_per_floor":[80,80,80,80,80,80,90,90,90,90,90,90,90,90,90,90],"relics":["Burning Blood","Bag of Preparation","Pear","Juzu Bracelet","Odd Mushroom","Mummified Hand"],"card_choices":[{"not_picked":["Cleave","Intimidate"],"picked":"Berserk","floor":1},{"not_picked":["Warcry","Armaments"],"picked":"Fire Breathing","floor":3},{"not_picked":["Feel No Pain","Headbutt"],"picked":"Spot Weakness","floor":4},{"not_picked":["Cleave","Thunderclap"],"picked":"Anger","floor":7},{"not_picked":["Iron Wave","True Grit"],"picked":"Rampage","floor":8},{"not_picked":["Shrug It Off","Sword Boomerang"],"picked":"Battle Trance","floor":11},{"not_picked":["Rampage","Combust"],"picked":"Anger","floor":12}],"player_experience":27661,"potions_floor_usage":[11,12],"damage_taken":[{"damage":0,"enemies":"Small Slimes","floor":1,"turns":3},{"damage":6,"enemies":"2 Louse","floor":3,"turns":2},{"damage":6,"enemies":"Cultist","floor":4,"turns":3},{"damage":38,"enemies":"3 Sentries","floor":7,"turns":7},{"damage":38,"enemies":"Lots of Slimes","floor":8,"turns":4},{"damage":20,"enemies":"The Mushroom Lair","floor":11,"turns":4},{"damage":11,"enemies":"Large Slime","floor":12,"turns":4},{"damage":41,"enemies":"The Guardian","floor":16,"turns":8}],"event_choices":[{"event_name":"Golden Wing","player_choice":"Ignored","floor":2,"damage_taken":0},{"event_name":"Golden Shrine","player_choice":"Pray","floor":5,"damage_taken":0},{"event_name":"Mushrooms","player_choice":"Fought Mushrooms","floor":11,"damage_taken":0},{"event_name":"Transmorgrifier","player_choice":"Transform","floor":13,"damage_taken":0},{"event_name":"Scrap Ooze","player_choice":"success","floor":14,"damage_taken":3}],"boss_relics":[],"potions_floor_spawned":[3,7,11],"seed_played":"-3964783665204582770","killed_by":"The Guardian","ascension_level":0,"is_trial":false}