{"path_per_floor":["M","?","M","?","M","R","M","E","T","M","$","E","?","E","R","B",null,"M","$","M","?","M","R","E","R","T","?","?","E","R","$","R","B",null,"M","?","?","$","?","E","R","M","T","E","M","R","?","E","R","B"],"character_chosen":"THE_SILENT","items_purchased":["Apotheosis","Anchor","Bag of Preparation","Bottled Lightning","Dagger Spray"],"gold_per_floor":[115,290,300,300,311,311,321,346,415,433,59,86,86,115,115,211,211,221,18,35,35,53,53,84,84,84,84,84,119,119,69,69,168,168,180,180,430,94,0,28,28,47,47,81,96,96,142,167,167,167],"floor_reached":51,"campfire_rested":3,"playtime":4082,"current_hp_per_floor":[69,69,65,62,60,60,60,40,40,40,40,18,18,18,39,22,70,44,44,44,44,37,37,33,33,33,33,39,31,31,31,31,34,76,76,76,82,82,82,79,82,82,82,82,82,82,78,63,82,44],"items_purged":["Doubt","Strike_G","Decay","Regret"],"gold":167,"score":753,"play_id":"bf81ddf2-cd82-431e-9857-245f46705bc4","is_prod":false,"is_daily":false,"is_ascension_mode":true,"campfire_upgraded":6,"path_taken":["M","?","M","?","M","R","M","E","T","?","$","E","?","E","R","BOSS","M","$","M","?","M","R","E","R","T","?","?","E","R","$","R","BOSS","M","?","?","$","?","E","R","M","T","E","M","R","?","E","R","BOSS"],"build_version":"2018-02-15-PROD1","purchased_purges":4,"victory":true,"master_deck":["Defend_G","Defend_G","Defend_G","Defend_G","Defend_G","Strike_G","Strike_G","Strike_G","Survivor","Neutralize+1","Dagger Spray","Footwork+1","Deadly Poison","Night Terror","Caltrops","Apotheosis+1","Malaise+1","Flying Knee","Envenom","Dagger Throw+1","Dash+1","Well Laid Plans+1","Heel Hook+1","Doppelganger+1","Adrenaline+1","Prepared+1","Dagger Spray+1","Finisher+1","Outmaneuver","Catalyst+1","Quick Slash+1","Backflip+1"],"max_hp_per_floor":[70,70,70,70,70,70,70,70,70,70,70,70,70,70,70,70,70,70,70,70,70,70,70,70,70,70,70,76,76,76,76,76,76,76,76,76,82,82,82,82,82,82,82,82,82,82,82,82,82,82],"relics":["Ring of the Snake","Smiling Mask","Pen Nib","Darkstone Periapt","Anchor","Matryoshka","Meat on the Bone","Question Card","Bag of Preparation","Molten Egg 2","Happy Flower","Tough Bandages","Toolbox","Sozu","Bottled Lightning","Red Mask","Dodecahedron","Vajra","Ice Cream","Omamori","Du-Vu Doll","Oddly Smooth Stone"],"card_choices":[{"not_picked":["Acrobatics","All Out Attack"],"picked":"Dagger Spray"},{"not_picked":["Bane","Deadly Poison"],"picked":"Footwork"},{"not_picked":["Quick Slash","Underhanded Strike"],"picked":"Deadly Poison"},{"not_picked":["Dodge and Roll","Leg Sweep"],"picked":"Night Terror"},{"not_picked":["Blade Dance","Sucker Punch"],"picked":"Caltrops"},{"not_picked":["Expertise","Outmaneuver"],"picked":"Malaise"},{"not_picked":["Sucker Punch","Poisoned Stab"],"picked":"Flying Knee"},{"not_picked":["After Image","Phantasmal Killer"],"picked":"Envenom"},{"not_picked":["Dodge and Roll","Flechettes","Footwork"],"picked":"Dagger Throw"},{"not_picked":["Cloak And Dagger","Masterful Stab","PiercingWail"],"picked":"Dash"},{"not_picked":["Cloak And Dagger","Flying Knee","Sucker Punch"],"picked":"Well Laid Plans"},{"not_picked":["Masterful Stab","Skewer","Storm of Steel"],"picked":"Heel Hook"},{"not_picked":["Backflip","Dash","Terror"],"picked":"Doppelganger"},{"not_picked":["Storm of Steel","Envenom","After Image"],"picked":"Adrenaline"},{"not_picked":["Cloak And Dagger","Poisoned Stab","Noxious Fumes"],"picked":"Prepared"},{"not_picked":["Slice","Acrobatics","Dodge and Roll"],"picked":"Finisher"},{"not_picked":["Dagger Spray","Well Laid Plans","Leg Sweep"],"picked":"Outmaneuver"},{"not_picked":["Storm of Steel","Calculated Gamble","Outmaneuver"],"picked":"Catalyst"},{"not_picked":["Sucker Punch","Dagger Spray","Blade Dance"],"picked":"Quick Slash"},{"not_picked":["Distraction","Infinite Blades","Dodge and Roll"],"picked":"Backflip"}],"player_experience":125850,"potions_floor_usage":[7,10,12,18,29,33],"damage_taken":[{"damage":1,"enemies":"Small Slimes","floor":1,"turns":4},{"damage":4,"enemies":"2 Louse","floor":3,"turns":4},{"damage":2,"enemies":"Jaw Worm","floor":5,"turns":5},{"damage":0,"enemies":"3 Louse","floor":7,"turns":3},{"damage":20,"enemies":"3 Sentries","floor":8,"turns":10},{"damage":0,"enemies":"Looter","floor":10,"turns":4},{"damage":22,"enemies":"Gremlin Nob","floor":12,"turns":5},{"damage":0,"enemies":"Lagavulin","floor":14,"turns":6},{"damage":29,"enemies":"Slime Boss","floor":16,"turns":10},{"damage":26,"enemies":"2 Thieves","floor":18,"turns":4},{"damage":0,"enemies":"Shell Parasite","floor":20,"turns":8},{"damage":7,"enemies":"Snake Plant","floor":22,"turns":6},{"damage":16,"enemies":"Book of Stabbing","floor":24,"turns":7},{"damage":20,"enemies":"Gremlin Leader","floor":29,"turns":7},{"damage":9,"enemies":"Champ","floor":33,"turns":10},{"damage":0,"enemies":"Orb Walker","floor":35,"turns":2},{"damage":3,"enemies":"2 Orb Walkers","floor":40,"turns":4},{"damage":0,"enemies":"3 Darklings","floor":42,"turns":2},{"damage":0,"enemies":"Nemesis","floor":44,"turns":7},{"damage":0,"enemies":"Maw","floor":45,"turns":4},{"damage":4,"enemies":"Mysterious Sphere","floor":47,"turns":3},{"damage":15,"enemies":"Giant Head","floor":48,"turns":7},{"damage":50,"enemies":"Awakened One","floor":50,"turns":8}],"event_choices":[{"event_name":"Liars Game","player_choice":"agreed","floor":2,"damage_taken":0},{"event_name":"Scrap Ooze","player_choice":"success","floor":4,"damage_taken":3},{"event_name":"Living Wall","player_choice":"Grow","floor":13,"damage_taken":0},{"event_name":"Beggar","player_choice":"Ignored","floor":21,"damage_taken":0},{"event_name":"Drug Dealer","player_choice":"Ignored","floor":27,"damage_taken":0},{"event_name":"Forgotten Altar","player_choice":"Smashed Altar","floor":28,"damage_taken":0},{"event_name":"Golden Shrine","player_choice":"Desecrate","floor":37,"damage_taken":0},{"event_name":"Tomb of Lord Red Mask","player_choice":"Paid","floor":39,"damage_taken":0},{"event_name":"Mysterious Sphere","player_choice":"Fight","floor":47,"damage_taken":0}],"boss_relics":[{"not_picked":["Snecko Eye","Runic Pyramid"],"picked":"Question Card"},{"not_picked":["Black Star","Velvet Choker"],"picked":"Sozu"}],"potions_floor_spawned":[3,7,8,12,24,29,40,42,47],"seed_played":"-5735640009180456078","ascension_level":2,"is_trial":false}