{"gold_per_floor":[114,134,134,134,59,89,108,108,108,136,136,168,168,182,182,285,285,303,503,33,33,29,58,58,91,91,91],"floor_reached":27,"playtime":1173,"items_purged":["Defend_R"],"score":346,"play_id":"c4a6454c-d79f-49f8-a672-d5fd50cabdb5","local_time":"20190326003757","is_ascension_mode":true,"campfire_choices":[{"data":"Rampage","floor":8,"key":"SMITH"},{"floor":11,"key":"REST"},{"data":"Shrug It Off","floor":15,"key":"SMITH"},{"data":"Feed","floor":24,"key":"SMITH"}],"neow_cost":"NONE","seed_source_timestamp":10242795214101,"circlet_count":0,"master_deck":["Strike_R+1","Defend_R","Defend_R","Defend_R","Bash+1","Shrug It Off+1","Spot Weakness","Dropkick","Rampage+1","Fire Breathing","Juggernaut","Berserk+1","Dual Wield+1","Evolve+1","Chrysalis","Armaments","Ghostly","Ghostly","Ghostly","Ghostly","Ghostly","Feed+1","Fire Breathing+1"],"relics":["Burning Blood","NeowsBlessing","Mummified Hand","Ginger","Gambling Chip","Singing Bowl","Omamori","Astrolabe","PreservedInsect","Bag of Preparation","Bottled Flame"],"potions_floor_usage":[12,16,25,27],"damage_taken":[{"damage":0,"enemies":"2 Louse","floor":1,"turns":1},{"damage":0,"enemies":"Small Slimes","floor":2,"turns":1},{"damage":0,"enemies":"3 Sentries","floor":6,"turns":2},{"damage":6,"enemies":"Cultist","floor":7,"turns":4},{"damage":40,"enemies":"Lagavulin","floor":10,"turns":4},{"damage":11,"enemies":"Gremlin Nob","floor":12,"turns":3},{"damage":19,"enemies":"Large Slime","floor":14,"turns":8},{"damage":29,"enemies":"Hexaghost","floor":16,"turns":8},{"damage":12,"enemies":"Chosen","floor":18,"turns":5},{"damage":3,"enemies":"2 Thieves","floor":22,"turns":5},{"damage":7,"enemies":"Book of Stabbing","floor":23,"turns":7},{"damage":10,"enemies":"Slavers","floor":25,"turns":6},{"damage":53,"enemies":"Gremlin Leader","floor":27,"turns":2}],"seed_played":"-8361104166621251241","potions_obtained":[{"floor":10,"key":"Poison Potion"},{"floor":12,"key":"SteroidPotion"},{"floor":14,"key":"Fire Potion"},{"floor":22,"key":"GamblersBrew"},{"floor":23,"key":"AttackPotion"},{"floor":25,"key":"SteroidPotion"}],"is_trial":false,"path_per_floor":["M","M","?","?","$","E","M","R","T","E","R","E","?","M","R","B",null,"M","?","$","?","M","E","R","E","T","E"],"character_chosen":"IRONCLAD","items_purchased":["Dropkick","PreservedInsect","Chrysalis","Armaments"],"campfire_rested":1,"item_purchase_floors":[5,20,20,20],"current_hp_per_floor":[80,80,64,57,57,63,63,63,63,29,53,50,50,39,39,16,84,80,80,80,43,45,44,44,44,44,0],"gold":91,"neow_bonus":"THREE_ENEMY_KILL","is_prod":false,"is_daily":false,"chose_seed":false,"campfire_upgraded":3,"win_rate":0,"timestamp":1553575077,"path_taken":["M","M","?","?","$","E","M","R","T","E","R","E","?","?","R","BOSS","M","?","?","?","M","E","R","E","T","E"],"build_version":"2019-01-23","purchased_purges":1,"victory":false,"max_hp_per_floor":[80,80,80,80,80,80,80,80,80,80,80,82,82,84,84,84,84,86,86,86,43,45,45,45,49,49,49],"card_choices":[{"not_picked":["Body Slam","Wild Strike"],"picked":"Shrug It Off","floor":1},{"not_picked":["Body Slam","Twin Strike"],"picked":"Spot Weakness","floor":2},{"not_picked":["Warcry","Pommel Strike"],"picked":"Rampage","floor":6},{"not_picked":["Twin Strike","Hemokinesis","Warcry"],"picked":"SKIP","floor":7},{"not_picked":["Disarm","Twin Strike"],"picked":"Fire Breathing","floor":10},{"not_picked":["Berserk","Heavy Blade","Cleave"],"picked":"Singing Bowl","floor":12},{"not_picked":["Intimidate","Havoc","Flex"],"picked":"Singing Bowl","floor":14},{"not_picked":["Offering","Brutality"],"picked":"Juggernaut","floor":16},{"not_picked":["Armaments","Flex","Whirlwind"],"picked":"Singing Bowl","floor":18},{"not_picked":["True Grit","Dropkick+1","Wild Strike+1"],"picked":"Singing Bowl","floor":22},{"not_picked":["Pommel Strike","Searing Blow"],"picked":"Feed","floor":23},{"not_picked":["Intimidate","Dropkick"],"picked":"Fire Breathing+1","floor":25}],"player_experience":747779,"relics_obtained":[{"floor":6,"key":"Mummified Hand"},{"floor":9,"key":"Ginger"},{"floor":10,"key":"Gambling Chip"},{"floor":12,"key":"Singing Bowl"},{"floor":23,"key":"Bag of Preparation"},{"floor":25,"key":"Bottled Flame"}],"event_choices":[{"damage_healed":0,"gold_gain":0,"player_choice":"Entered Light","damage_taken":16,"max_hp_gain":0,"max_hp_loss":0,"event_name":"Shining Light","floor":3,"gold_loss":0,"cards_upgraded":["Bash","Strike_R"]},{"cards_removed":["Strike_R"],"damage_healed":0,"gold_gain":0,"player_choice":"Card Removal","damage_taken":7,"max_hp_gain":0,"max_hp_loss":0,"event_name":"Golden Wing","floor":4,"gold_loss":0},{"damage_healed":0,"gold_gain":0,"player_choice":"Gave Potion","damage_taken":0,"relics_obtained":["Omamori"],"max_hp_gain":0,"max_hp_loss":0,"event_name":"WeMeetAgain","floor":13,"gold_loss":0},{"damage_healed":0,"gold_gain":250,"player_choice":"Bet on Owner","damage_taken":0,"max_hp_gain":0,"max_hp_loss":0,"event_name":"The Joust","floor":19,"gold_loss":50},{"damage_healed":0,"gold_gain":0,"player_choice":"Became a Ghost","damage_taken":0,"max_hp_gain":0,"max_hp_loss":43,"event_name":"Ghosts","floor":21,"gold_loss":0,"cards_obtained":["Ghostly","Ghostly","Ghostly","Ghostly","Ghostly"]}],"is_beta":false,"boss_relics":[{"not_picked":["Black Blood","Runic Pyramid"],"picked":"Astrolabe"}],"items_purged_floors":[20],"is_endless":false,"potions_floor_spawned":[10,12,14,22,23,25],"killed_by":"Gremlin Leader","ascension_level":2}