{"path_per_floor":["M","M","M","?","?","E","?","E","T","M","?","E","R","M","R","B",null,"M","?","M","M","$","E","?","R","T","?","M","M","M","M","R","B",null,"M","?","M","?","$"],"character_chosen":"IRONCLAD","items_purchased":["Apotheosis","Metallicize","Bronze Scales","Limit Break"],"gold_per_floor":[112,129,147,147,147,180,255,289,289,302,302,337,337,354,354,453,453,466,391,410,422,8,42,42,42,88,88,108,122,137,155,155,260,260,270,270,285,285,49],"floor_reached":40,"campfire_rested":2,"playtime":3440,"current_hp_per_floor":[72,72,72,72,72,62,51,52,52,58,44,36,57,63,63,51,72,72,72,72,67,67,69,69,69,76,76,45,47,49,47,79,79,79,79,79,68,68,68],"items_purged":["Parasite"],"gold":49,"play_id":"0235fc7e-0b7c-43ce-88be-6c47282b7e2f","is_prod":false,"is_daily":false,"campfire_rituals":0,"campfire_upgraded":2,"is_hardmode":false,"path_taken":["M","M","M","?","?","E","?","E","T","?","?","E","R","M","R","BOSS","M","?","M","M","$","E","?","R","T","?","?","M","M","M","R","BOSS","M","?","M","?","?","E"],"build_version":"2018-01-18-PROD4","purchased_purges":2,"victory":false,"master_deck":["Strike_R","Strike_R","Defend_R","Defend_R","Defend_R","Defend_R","Bash","Offering","Armaments","Flex","Anger","Limit Break","Battle Trance","Flex","Cleave","Thunderclap","Intimidate","Apotheosis","Metallicize","Barricade","Heavy Blade","Disarm","Reaper","Shrug It Off","Double Tap","Bloodletting","Limit Break"],"max_hp_per_floor":[72,72,72,72,72,72,72,72,72,72,72,72,72,72,72,72,72,72,72,72,72,72,72,72,72,79,79,79,79,79,79,79,79,79,79,79,79,79,76],"relics":["Black Blood","Whetstone","Calipers","Mercury Hourglass","Unceasing Top","Cursed Key","Bronze Scales","Regal Pillow","Strawberry"],"campfire_meditates":0,"card_choices":[{"not_picked":["Dark Embrace","Bludgeon"],"picked":"Offering"},{"not_picked":["Clash","Wild Strike"],"picked":"Armaments"},{"not_picked":["Armaments","Iron Wave"],"picked":"Flex"},{"not_picked":["Clash","Clothesline"],"picked":"Anger"},{"not_picked":["Second Wind","Fire Breathing"],"picked":"Limit Break"},{"not_picked":["Seeing Red","Berserk"],"picked":"Battle Trance"},{"not_picked":["Pommel Strike","Cleave"],"picked":"Flex"},{"not_picked":["Clash","Blood for Blood"],"picked":"Cleave"},{"not_picked":["Corruption","Whirlwind"],"picked":"Thunderclap"},{"not_picked":["Iron Wave","Twin Strike"],"picked":"Intimidate"},{"not_picked":["Cleave","Rampage"],"picked":"Barricade"},{"not_picked":["Reckless Charge","Armaments"],"picked":"Heavy Blade"},{"not_picked":["True Grit","Fire Breathing"],"picked":"Disarm"},{"not_picked":["Bludgeon","Offering"],"picked":"Reaper"},{"not_picked":["Bloodletting","Sword Boomerang"],"picked":"Shrug It Off"},{"not_picked":["Body Slam","Burning Pact"],"picked":"Bloodletting"}],"player_experience":112662,"potions_floor_usage":[6,8,14,16,21,31,33,33,40],"damage_taken":[{"damage":1,"enemies":"2 Louse","floor":1,"turns":3},{"damage":6,"enemies":"Jaw Worm","floor":2,"turns":3},{"damage":5,"enemies":"Cultist","floor":3,"turns":3},{"damage":16,"enemies":"3 Sentries","floor":6,"turns":6},{"damage":5,"enemies":"Lagavulin","floor":8,"turns":3},{"damage":0,"enemies":"Large Slime","floor":10,"turns":3},{"damage":14,"enemies":"3 Sentries","floor":12,"turns":5},{"damage":0,"enemies":"Looter","floor":14,"turns":2},{"damage":18,"enemies":"The Guardian","floor":16,"turns":6},{"damage":4,"enemies":"Shell Parasite","floor":18,"turns":3},{"damage":5,"enemies":"2 Thieves","floor":20,"turns":3},{"damage":11,"enemies":"Slaver and Parasite","floor":21,"turns":4},{"damage":4,"enemies":"Gremlin Leader","floor":23,"turns":4},{"damage":37,"enemies":"Snecko","floor":28,"turns":6},{"damage":4,"enemies":"3 Cultists","floor":29,"turns":3},{"damage":4,"enemies":"Sentry and Sphere","floor":30,"turns":3},{"damage":8,"enemies":"Snake Plant","floor":31,"turns":2},{"damage":5,"enemies":"Collector","floor":33,"turns":8},{"damage":26,"enemies":"3 Darklings","floor":35,"turns":5},{"damage":21,"enemies":"3 Shapes","floor":37,"turns":4},{"damage":95,"enemies":"2 Orb Walkers","floor":40,"turns":7}],"event_choices":[{"event_name":"Liars Game","player_choice":"disagreed","floor":4,"damage_taken":0},{"event_name":"Living Wall","player_choice":"Grow","floor":5,"damage_taken":0},{"event_name":"World of Goop","player_choice":"Gather Gold","floor":7,"damage_taken":0},{"event_name":"Shining Light","player_choice":"Entered Light","floor":11,"damage_taken":0},{"event_name":"Beggar","player_choice":"Gave Gold","floor":19,"damage_taken":0},{"event_name":"Back to Basics","player_choice":"Elegance","floor":24,"damage_taken":0},{"event_name":"Drug Dealer","player_choice":"Ignored","floor":27,"damage_taken":0},{"event_name":"Transmorgrifier","player_choice":"Transform","floor":36,"damage_taken":0},{"event_name":"Tomb of Lord Red Mask","player_choice":"Ignored","floor":38,"damage_taken":0}],"boss_relics":[{"not_picked":["Mark of Pain","Snecko Eye"],"picked":"Cursed Key"},{"not_picked":["Orrery","Black Star"],"picked":"Black Blood"}],"potions_floor_spawned":[2,3,6,10,12,20,21,30,31,33,35,37],"seed_played":"675366330205774235","killed_by":"2 Orb Walkers","is_trial":false}