{"gold_per_floor":[112,112,126,126,138,138,173,186,212,239,239,252,28,58,58,161,161,178,193,93,168,178,211,211,230,300,314,189,189,205,239,239,337,337,349,329,339,352,370,396,408,446,458,485,513,525,637,667,679,691],"floor_reached":51,"playtime":4215,"items_purged":["Strike_R","Strike_R","Strike_R"],"score":890,"play_id":"b7c4c5d2-3faa-4e8e-a824-a6c3c762e0f0","local_time":"20181107224417","is_ascension_mode":true,"campfire_choices":[{"data":"Clothesline","floor":6,"key":"SMITH"},{"data":"Burning Pact","floor":11,"key":"SMITH"},{"floor":15,"key":"REST"},{"floor":24,"key":"REST"},{"data":"Demon Form","floor":29,"key":"SMITH"},{"data":"Pommel Strike","floor":32,"key":"SMITH"},{"data":"Seeing Red","floor":41,"key":"SMITH"},{"data":"Pommel Strike","floor":46,"key":"SMITH"},{"data":"Disarm","floor":49,"key":"SMITH"}],"neow_cost":"NONE","seed_source_timestamp":11136876015356,"circlet_count":0,"master_deck":["Strike_R","Defend_R","Defend_R","Defend_R","Defend_R","Bash","Armaments+1","Clothesline+1","Burning Pact+1","Reaper","Shockwave","Demon Form+1","Double Tap","Iron Wave+1","Disarm+1","Uppercut+1","Juggernaut","Flame Barrier","Seeing Red+1","Uppercut","Pommel Strike+1","Feed","Metallicize+1","True Grit","Shrug It Off","Pommel Strike+1"],"relics":["Burning Blood","NeowsBlessing","Red Skull","Boot","Pen Nib","Orichalcum","Mark of Pain","Thread and Needle","Frozen Egg 2","Pantograph","Coffee Dripper","MawBank","Kunai","Magic Flower"],"potions_floor_usage":[10,14,33,40,44,44],"damage_taken":[{"damage":0,"enemies":"2 Louse","floor":1,"turns":1},{"damage":0,"enemies":"Cultist","floor":3,"turns":1},{"damage":0,"enemies":"Jaw Worm","floor":5,"turns":1},{"damage":42,"enemies":"Gremlin Nob","floor":7,"turns":5},{"damage":17,"enemies":"Exordium Thugs","floor":8,"turns":5},{"damage":13,"enemies":"Lagavulin","floor":10,"turns":5},{"damage":2,"enemies":"Red Slaver","floor":12,"turns":3},{"damage":35,"enemies":"3 Sentries","floor":14,"turns":7},{"damage":20,"enemies":"Hexaghost","floor":16,"turns":9},{"damage":41,"enemies":"Chosen","floor":18,"turns":7},{"damage":7,"enemies":"Shell Parasite","floor":19,"turns":4},{"damage":15,"enemies":"Snecko","floor":22,"turns":6},{"damage":53,"enemies":"Slavers","floor":23,"turns":7},{"damage":21,"enemies":"Centurion and Healer","floor":25,"turns":7},{"damage":2,"enemies":"Snake Plant","floor":27,"turns":4},{"damage":14,"enemies":"Cultist and Chosen","floor":30,"turns":7},{"damage":25,"enemies":"Book of Stabbing","floor":31,"turns":7},{"damage":73,"enemies":"Champ","floor":33,"turns":9},{"damage":47,"enemies":"3 Darklings","floor":35,"turns":7},{"damage":24,"enemies":"3 Shapes","floor":37,"turns":6},{"damage":29,"enemies":"Spire Growth","floor":38,"turns":5},{"damage":40,"enemies":"3 Darklings","floor":39,"turns":5},{"damage":18,"enemies":"Nemesis","floor":40,"turns":7},{"damage":67,"enemies":"Reptomancer","floor":42,"turns":8},{"damage":6,"enemies":"Jaw Worm Horde","floor":44,"turns":5},{"damage":14,"enemies":"Spire Growth","floor":45,"turns":5},{"damage":8,"enemies":"Maw","floor":48,"turns":8},{"damage":97,"enemies":"Awakened One","floor":50,"turns":14}],"seed_played":"-6289763208818040997","potions_obtained":[{"floor":3,"key":"SpeedPotion"},{"floor":5,"key":"Block Potion"},{"floor":10,"key":"SpeedPotion"},{"floor":12,"key":"PowerPotion"},{"floor":23,"key":"Ancient Potion"},{"floor":25,"key":"Fire Potion"},{"floor":31,"key":"PowerPotion"},{"floor":36,"key":"AttackPotion"},{"floor":39,"key":"FairyPotion"},{"floor":40,"key":"SpeedPotion"}],"is_trial":false,"path_per_floor":["M","?","M","?","M","R","E","M","T","E","R","M","$","E","R","B",null,"M","M","$","?","M","E","R","M","T","M","$","R","M","E","R","B",null,"M","?","M","M","M","E","R","E","T","M","M","R","?","M","R","B",null],"character_chosen":"IRONCLAD","items_purchased":["Demon Form"],"campfire_rested":2,"item_purchase_floors":[13],"current_hp_per_floor":[80,80,80,80,80,80,44,33,33,26,26,30,30,28,52,48,80,45,44,44,36,35,18,42,43,43,47,47,47,43,36,36,50,80,54,54,70,66,54,61,61,11,11,19,43,43,43,55,55,23],"gold":703,"neow_bonus":"THREE_ENEMY_KILL","is_prod":false,"is_daily":false,"chose_seed":false,"campfire_upgraded":7,"win_rate":0,"timestamp":1541648657,"path_taken":["M","?","?","?","M","R","E","M","T","E","R","M","$","E","R","BOSS","M","M","?","?","?","E","R","M","T","M","?","R","M","E","R","BOSS","M","?","M","?","M","E","R","E","T","M","M","R","?","?","R","BOSS"],"build_version":"2018-11-01","purchased_purges":3,"victory":true,"max_hp_per_floor":[80,80,80,80,80,80,80,80,80,80,80,80,80,80,80,80,80,80,80,80,80,80,80,80,80,80,80,80,80,80,80,80,80,80,80,80,84,84,84,84,84,84,84,87,90,90,90,90,90,90],"card_choices":[{"not_picked":["Twin Strike","Body Slam"],"picked":"Armaments","floor":1},{"not_picked":["Headbutt","Searing Blow"],"picked":"Clothesline","floor":3},{"not_picked":["Hemokinesis","Bloodletting"],"picked":"Burning Pact","floor":5},{"not_picked":["Headbutt","Armaments","Sentinel"],"picked":"SKIP","floor":7},{"not_picked":["True Grit","Iron Wave"],"picked":"Reaper","floor":8},{"not_picked":["Perfected Strike","Dropkick","Searing Blow"],"picked":"SKIP","floor":10},{"not_picked":["Intimidate","Thunderclap"],"picked":"Shockwave","floor":12},{"not_picked":["Sever Soul","Warcry","Wild Strike"],"picked":"SKIP","floor":14},{"not_picked":["Demon Form","Brutality"],"picked":"Double Tap","floor":16},{"not_picked":["Perfected Strike","Shockwave+1"],"picked":"Iron Wave+1","floor":18},{"not_picked":["Anger","Pommel Strike"],"picked":"Disarm","floor":19},{"not_picked":["Body Slam+1","Cleave"],"picked":"Uppercut+1","floor":22},{"not_picked":["Entrench+1","Twin Strike+1"],"picked":"Juggernaut","floor":23},{"not_picked":["Carnage","Pummel"],"picked":"Flame Barrier","floor":25},{"not_picked":["Pummel","Hemokinesis"],"picked":"Seeing Red","floor":27},{"not_picked":["Armaments+1","Warcry"],"picked":"Uppercut","floor":30},{"not_picked":["Sentinel+1","Iron Wave"],"picked":"Pommel Strike","floor":31},{"not_picked":["Demon Form+1","Berserk+1"],"picked":"Feed","floor":33},{"not_picked":["Thunderclap+1","Burning Pact","Wild Strike"],"picked":"SKIP","floor":35},{"not_picked":["True Grit+1","Carnage"],"picked":"Metallicize+1","floor":37},{"not_picked":["Thunderclap","Twin Strike","Body Slam"],"picked":"SKIP","floor":38},{"not_picked":["Clash","Metallicize+1","Blood for Blood+1"],"picked":"SKIP","floor":39},{"not_picked":["Headbutt","Metallicize+1"],"picked":"True Grit","floor":40},{"not_picked":["Armaments","Headbutt","Berserk+1"],"picked":"SKIP","floor":42},{"not_picked":["Flame Barrier+1","Havoc+1"],"picked":"Shrug It Off","floor":44},{"not_picked":["Wild Strike+1","True Grit+1"],"picked":"Pommel Strike","floor":45},{"not_picked":["Body Slam","Perfected Strike","Sentinel"],"picked":"SKIP","floor":48}],"player_experience":189295,"relics_obtained":[{"floor":7,"key":"Red Skull"},{"floor":9,"key":"Boot"},{"floor":10,"key":"Pen Nib"},{"floor":14,"key":"Orichalcum"},{"floor":23,"key":"Thread and Needle"},{"floor":26,"key":"Frozen Egg 2"},{"floor":31,"key":"Pantograph"},{"floor":40,"key":"MawBank"},{"floor":42,"key":"Kunai"},{"floor":43,"key":"Magic Flower"}],"event_choices":[{"cards_removed":["Strike_R"],"damage_healed":0,"gold_gain":0,"player_choice":"Purged","damage_taken":0,"max_hp_gain":0,"max_hp_loss":0,"event_name":"Purifier","floor":2,"gold_loss":0},{"damage_healed":0,"gold_gain":0,"player_choice":"Upgraded","damage_taken":0,"max_hp_gain":0,"max_hp_loss":0,"event_name":"Upgrade Shrine","floor":4,"gold_loss":0,"cards_upgraded":["Armaments"]},{"damage_healed":0,"gold_gain":75,"player_choice":"Touch","damage_taken":8,"max_hp_gain":0,"max_hp_loss":0,"event_name":"FaceTrader","floor":21,"gold_loss":0},{"damage_healed":0,"gold_gain":0,"player_choice":"Bought 1 Potion","damage_taken":0,"max_hp_gain":0,"max_hp_loss":0,"event_name":"The Woman in Blue","floor":36,"gold_loss":0},{"damage_healed":0,"gold_gain":100,"player_choice":"Pray","damage_taken":0,"max_hp_gain":0,"max_hp_loss":0,"event_name":"Golden Shrine","floor":47,"gold_loss":0}],"is_beta":false,"boss_relics":[{"not_picked":["Philosopher\u0027s Stone","Eternal Feather"],"picked":"Mark of Pain"},{"not_picked":["Black Star","Black Blood"],"picked":"Coffee Dripper"}],"items_purged_floors":[13,20,28],"is_endless":false,"potions_floor_spawned":[3,5,10,12,23,25,30,31,38,39,40,42],"ascension_level":4}