{"gold_per_floor":[113,131,17,17,30,30,57,0,0,0,0,0,25,45,45,121,121,132,132,143,158,171,171,183,183,183,16,16,16,30,30],"floor_reached":31,"playtime":981,"items_purged":["Strike_B"],"score":503,"play_id":"a68e6329-fa67-4c42-b6ea-6df6b1438c84","local_time":"20181030155724","is_ascension_mode":true,"campfire_choices":[{"floor":6.0,"key":"REST"},{"data":"Zap","floor":10.0,"key":"SMITH"},{"floor":12.0,"key":"REST"},{"data":"Strike_B","floor":15.0,"key":"PURGE"},{"data":"Rainbow","floor":23,"key":"SMITH"},{"data":"Defragment","floor":25,"key":"SMITH"}],"neow_cost":"NONE","seed_source_timestamp":0,"circlet_count":0,"master_deck":["Strike_B","Strike_B","Defend_B","Defend_B","Defend_B","Defend_B","Zap+1","Dualcast","AscendersBane","Chaos+1","FTL","Undo+1","Glacier","Cold Snap","Rainbow+1","Static Discharge+1","Defragment+1","Decay"],"special_seed":0,"relics":["Cracked Core","Peace Pipe","Singing Bowl","Molten Egg 2","Emotion Chip","Velvet Choker","Question Card","DataDisk"],"potions_floor_usage":[31],"damage_taken":[{"damage":10.0,"enemies":"Small Slimes","floor":1.0,"turns":4.0},{"damage":7.0,"enemies":"Jaw Worm","floor":2.0,"turns":3.0},{"damage":0.0,"enemies":"2 Louse","floor":5.0,"turns":1.0},{"damage":25.0,"enemies":"Gremlin Nob","floor":7.0,"turns":4.0},{"damage":8.0,"enemies":"Lagavulin","floor":13.0,"turns":8.0},{"damage":9.0,"enemies":"Gremlin Gang","floor":14.0,"turns":3.0},{"damage":30.0,"enemies":"Slime Boss","floor":16.0,"turns":10.0},{"damage":3,"enemies":"3 Byrds","floor":18,"turns":4},{"damage":0,"enemies":"Chosen","floor":20,"turns":4},{"damage":20,"enemies":"Sentry and Sphere","floor":21,"turns":5},{"damage":17,"enemies":"Snecko","floor":22,"turns":6},{"damage":3,"enemies":"Snake Plant","floor":24,"turns":3},{"damage":0,"enemies":"Sentry and Sphere","floor":30,"turns":10},{"damage":29,"enemies":"Slavers","floor":31,"turns":2}],"seed_played":"-1928423049594073156","potions_obtained":[{"floor":1.0,"key":"EssenceOfSteel"},{"floor":5.0,"key":"Swift Potion"},{"floor":7.0,"key":"Fire Potion"},{"floor":14.0,"key":"PowerPotion"},{"floor":20,"key":"FearPotion"},{"floor":24,"key":"SteroidPotion"}],"is_trial":false,"path_per_floor":["M","M","$","?","M","R","E","?","T","R","$","R","E","M","R","B",null,"M","?","M","M","M","R","M","R","T","$","?","?","M"],"character_chosen":"DEFECT","items_purchased":["Undo","DataDisk"],"campfire_rested":2,"item_purchase_floors":[3,27],"current_hp_per_floor":[61,54,54,31,31,54,29,29,29,29,29,52,46,39,39,9,64,63,63,63,45,30,30,27,27,27,27,27,27,29,0],"gold":30,"neow_bonus":"TEN_PERCENT_HP_BONUS","is_prod":false,"is_daily":false,"chose_seed":false,"campfire_upgraded":3,"win_rate":0,"timestamp":1540911444,"path_taken":["M","M","$","?","M","R","E","?","T","R","?","R","E","?","R","BOSS","M","?","M","?","M","R","M","R","T","$","?","?","M","E"],"build_version":"2018-10-29v2","purchased_purges":1,"victory":false,"max_hp_per_floor":[78,78,78,78,78,78,78,78,78,78,78,78,80,82,82,82,82,84,84,84,86,88,88,88,88,88,88,88,88,90,90],"card_choices":[{"not_picked":["Storm","Compile Driver"],"picked":"Chaos","floor":1.0},{"not_picked":["Coolheaded","Stack"],"picked":"FTL","floor":2.0},{"not_picked":["Reprogram","Hologram"],"picked":"Glacier","floor":5.0},{"not_picked":["BootSequence","Turbo"],"picked":"Cold Snap","floor":7.0},{"not_picked":["Beam Cell+1","Leap","Stack"],"picked":"Singing Bowl","floor":13.0},{"not_picked":["Barrage+1","Consume","Beam Cell+1"],"picked":"Singing Bowl","floor":14.0},{"not_picked":["Fission","Electrodynamics"],"picked":"Rainbow","floor":16.0},{"not_picked":["Barrage+1","Melter+1","Turbo"],"picked":"Singing Bowl","floor":18},{"not_picked":["Lockon+1","BootSequence"],"picked":"Static Discharge+1","floor":20},{"not_picked":["Conserve Battery","Force Field","Stack+1"],"picked":"Singing Bowl","floor":21},{"not_picked":["Rebound+1","Beam Cell+1","Cold Snap+1"],"picked":"Singing Bowl","floor":22},{"not_picked":["Gash+1","Storm"],"picked":"Defragment","floor":24},{"not_picked":["Beam Cell+1","Turbo","Leap","Barrage+1"],"picked":"Singing Bowl","floor":30}],"player_experience":289959,"relics_obtained":[{"floor":7.0,"key":"Peace Pipe"},{"floor":9.0,"key":"Molten Egg 2"},{"floor":13.0,"key":"Emotion Chip"},{"floor":26,"key":"Question Card"}],"event_choices":[{"damage_healed":0.0,"max_hp_gain":0.0,"max_hp_loss":0.0,"gold_gain":0.0,"event_name":"Shining Light","player_choice":"Entered Light","floor":4.0,"gold_loss":0.0,"damage_taken":23.0,"cards_upgraded":["Chaos","Undo"]},{"damage_healed":0.0,"max_hp_gain":0.0,"max_hp_loss":0.0,"gold_gain":0.0,"event_name":"WeMeetAgain","player_choice":"Paid Gold","floor":8.0,"gold_loss":57.0,"damage_taken":0.0,"relics_obtained":["Singing Bowl"]},{"damage_healed":0,"gold_gain":0,"player_choice":"Ignored","damage_taken":0,"max_hp_gain":0,"max_hp_loss":0,"event_name":"N\u0027loth","floor":19,"gold_loss":0},{"damage_healed":0,"gold_gain":0,"player_choice":"Ignored","damage_taken":0,"max_hp_gain":0,"max_hp_loss":0,"event_name":"The Mausoleum","floor":28,"gold_loss":0},{"damage_healed":0,"gold_gain":0,"player_choice":"Smashed Altar","damage_taken":0,"max_hp_gain":0,"max_hp_loss":0,"event_name":"Forgotten Altar","floor":29,"gold_loss":0,"cards_obtained":["Decay"]}],"is_beta":true,"boss_relics":[{"not_picked":["Black Star","Philosopher\u0027s Stone"],"picked":"Velvet Choker"}],"items_purged_floors":[3],"is_endless":false,"potions_floor_spawned":[1,5,7,14,20,24],"killed_by":"Slavers","ascension_level":19}