{"gold_per_floor":[109,123,123,141,141,176,196,211,211,224,224,49,72,92,92,216,216,230,255,455,473,473,509,509,525,548,567,567,567,587,587],"floor_reached":31,"playtime":2229,"items_purged":[],"score":288,"play_id":"b6113a91-131d-4008-bd9e-af3962dda7aa","local_time":"20190325214924","is_ascension_mode":false,"campfire_choices":[{"data":"True Grit","floor":11,"key":"SMITH"},{"floor":15,"key":"REST"},{"floor":24,"key":"REST"},{"floor":28,"key":"REST"},{"data":"Bash","floor":29,"key":"SMITH"}],"neow_cost":"NONE","seed_source_timestamp":37451490367600,"circlet_count":0,"master_deck":["Strike_R+1","Strike_R+1","Strike_R+1","Strike_R+1","Strike_R+1","Defend_R+1","Defend_R+1","Defend_R+1","Defend_R+1","Bash+1","Battle Trance","Uppercut","Headbutt+1","Rage+1","Anger","True Grit+1","Pommel Strike","Impervious","Feel No Pain","Headbutt","Anger","Reaper","Anger+1","Warcry+1","Anger","Headbutt","Flame Barrier+1","Anger+1","Whirlwind"],"relics":["Black Blood","Golden Idol","Lantern","Bird Faced Urn","WingedGreaves","War Paint"],"potions_floor_usage":[6,16,23,23],"damage_taken":[{"damage":1,"enemies":"Cultist","floor":1,"turns":3},{"damage":7,"enemies":"2 Louse","floor":2,"turns":3},{"damage":9,"enemies":"Small Slimes","floor":4,"turns":4},{"damage":56,"enemies":"3 Sentries","floor":6,"turns":9},{"damage":3,"enemies":"Blue Slaver","floor":7,"turns":4},{"damage":12,"enemies":"Exordium Thugs","floor":8,"turns":4},{"damage":11,"enemies":"Large Slime","floor":10,"turns":3},{"damage":0,"enemies":"3 Louse","floor":13,"turns":5},{"damage":0,"enemies":"Looter","floor":14,"turns":2},{"damage":57,"enemies":"Hexaghost","floor":16,"turns":12},{"damage":10,"enemies":"Chosen","floor":18,"turns":4},{"damage":25,"enemies":"Spheric Guardian","floor":19,"turns":4},{"damage":55,"enemies":"3 Cultists","floor":21,"turns":7},{"damage":44,"enemies":"Book of Stabbing","floor":23,"turns":6},{"damage":22,"enemies":"Centurion and Healer","floor":25,"turns":7},{"damage":3,"enemies":"Snake Plant","floor":27,"turns":4},{"damage":30,"enemies":"Snecko","floor":30,"turns":6},{"damage":38,"enemies":"Centurion and Healer","floor":31,"turns":5}],"seed_played":"-5700704951768059869","potions_obtained":[{"floor":0,"key":"EntropicBrew"},{"floor":0,"key":"Weak Potion"},{"floor":0,"key":"SneckoOil"},{"floor":4,"key":"Regen Potion"},{"floor":8,"key":"GamblersBrew"},{"floor":10,"key":"Poison Potion"},{"floor":16,"key":"Poison Potion"},{"floor":18,"key":"Regen Potion"},{"floor":21,"key":"Swift Potion"}],"is_trial":false,"path_per_floor":["M","M","?","M","?","E","M","M","T","M","R","$","M","M","R","B",null,"M","M","?","M","?","E","R","M","T","M","R","R","M","M"],"character_chosen":"IRONCLAD","items_purchased":["Impervious","Feel No Pain"],"campfire_rested":3,"item_purchase_floors":[12,12],"current_hp_per_floor":[80,79,74,71,71,36,39,33,33,28,28,28,36,42,64,15,74,74,63,63,30,30,14,36,24,24,31,53,53,35,0],"gold":587,"neow_bonus":"THREE_SMALL_POTIONS","is_prod":false,"is_daily":false,"chose_seed":false,"campfire_upgraded":2,"win_rate":0.0,"timestamp":1553564964,"path_taken":["M","M","?","M","?","E","M","?","T","M","R","$","M","M","R","BOSS","M","M","?","?","?","E","R","M","T","M","R","R","M","M"],"build_version":"2019-01-23","purchased_purges":0,"victory":false,"max_hp_per_floor":[80,80,74,74,74,74,74,74,74,74,74,74,74,74,74,74,74,74,74,74,74,74,74,74,74,74,74,74,74,74,74],"card_choices":[{"not_picked":["Pommel Strike","Shrug It Off"],"picked":"Battle Trance","floor":1},{"not_picked":["Wild Strike","Clothesline"],"picked":"Uppercut","floor":2},{"not_picked":["Body Slam","Anger"],"picked":"Headbutt","floor":4},{"not_picked":["Iron Wave","Juggernaut"],"picked":"Rage","floor":6},{"not_picked":["Seeing Red","Body Slam"],"picked":"Anger","floor":7},{"not_picked":["Twin Strike","Flex"],"picked":"True Grit","floor":8},{"not_picked":["Twin Strike","Spot Weakness"],"picked":"Pommel Strike","floor":10},{"not_picked":["Feel No Pain","Clash"],"picked":"Headbutt","floor":13},{"not_picked":["Pommel Strike","True Grit"],"picked":"Anger","floor":14},{"not_picked":["Bludgeon","Offering"],"picked":"Reaper","floor":16},{"not_picked":["Heavy Blade","Headbutt"],"picked":"Anger+1","floor":18},{"not_picked":["Wild Strike","Sword Boomerang"],"picked":"Warcry","floor":19},{"not_picked":["Clash","Twin Strike"],"picked":"Anger","floor":21},{"not_picked":["Dual Wield+1","Carnage"],"picked":"Headbutt","floor":23},{"not_picked":["Feed","Reckless Charge"],"picked":"Flame Barrier+1","floor":25},{"not_picked":["Dual Wield","Shrug It Off"],"picked":"Anger+1","floor":27},{"not_picked":["Iron Wave","Shrug It Off"],"picked":"Whirlwind","floor":30}],"player_experience":30173,"relics_obtained":[{"floor":6,"key":"Lantern"},{"floor":9,"key":"Bird Faced Urn"},{"floor":23,"key":"WingedGreaves"},{"floor":26,"key":"War Paint"}],"event_choices":[{"damage_healed":0,"gold_gain":0,"player_choice":"Lose Max HP","damage_taken":0,"relics_obtained":["Golden Idol"],"max_hp_gain":0,"max_hp_loss":6,"event_name":"Golden Idol","floor":3,"gold_loss":0},{"damage_healed":0,"gold_gain":0,"player_choice":"Forge","damage_taken":0,"max_hp_gain":0,"max_hp_loss":0,"event_name":"Accursed Blacksmith","floor":5,"gold_loss":0,"cards_upgraded":["Headbutt"]},{"damage_healed":0,"gold_gain":200,"player_choice":"Gold","damage_taken":0,"max_hp_gain":0,"max_hp_loss":0,"event_name":"Wheel of Change","floor":20,"gold_loss":0},{"damage_healed":0,"gold_gain":0,"player_choice":"Simplicity","damage_taken":0,"max_hp_gain":0,"max_hp_loss":0,"event_name":"Back to Basics","floor":22,"gold_loss":0,"cards_upgraded":["Strike_R","Strike_R","Strike_R","Strike_R","Strike_R","Defend_R","Defend_R","Defend_R","Defend_R"]}],"is_beta":false,"boss_relics":[{"not_picked":["Eternal Feather","Ectoplasm"],"picked":"Black Blood"}],"items_purged_floors":[],"is_endless":false,"potions_floor_spawned":[4,8,10,16,18,19,21],"killed_by":"Centurion and Healer","ascension_level":0}