{"gold_per_floor":[114,129,49,64,64,64,94,109,109,139,139,139,199,49,49,149,149,164,164,79,79,94,124,139,139,139,169,169,199,199,229,229,329,329,344,344,346,361,376,406,406,436,486,516,531,561,411,441,441,441],"floor_reached":51,"playtime":2743,"items_purged":[],"score":1237,"play_id":"d149c02b-e991-454f-83f8-07cc31dbf467","local_time":"20190206212245","daily_mods":["Chimera","Hoarder","Elite Swarm"],"is_ascension_mode":false,"campfire_choices":[{"data":"Bash","floor":6,"key":"SMITH"},{"data":"Zap","floor":12,"key":"SMITH"},{"data":"Inflame","floor":15,"key":"SMITH"},{"data":"Offering","floor":25,"key":"SMITH"},{"data":"Inflame","floor":28,"key":"SMITH"},{"data":"Inflame","floor":30,"key":"SMITH"},{"data":"Offering","floor":32,"key":"SMITH"},{"data":"Offering","floor":41,"key":"SMITH"},{"data":"Impervious","floor":49,"key":"SMITH"}],"neow_cost":"","seed_source_timestamp":0,"circlet_count":0,"master_deck":["Bash+1","Survivor","Zap+1","Strike_R","Strike_G","Strike_B","Defend_R","Defend_G","Defend_B","Cleave","Cleave+1","Cleave","Inflame+1","Inflame+1","Inflame+1","Impervious+1","Impervious+1","Impervious+1","Offering+1","Offering+1","Offering+1","Reaper+1","Reaper","Reaper","Feed","Feed","Feed","Shrug It Off","Shrug It Off","Shrug It Off","Uppercut+1","Uppercut+1","Uppercut+1","Limit Break","Limit Break","Limit Break","Reaper","Reaper","Reaper","Impervious+1","Impervious+1","Impervious+1"],"special_seed":17934,"relics":["Burning Blood","Gremlin Horn","Red Skull","Self Forming Clay","Tiny Chest","Whetstone","Black Star","Lantern","Singing Bowl","Pen Nib","Bottled Lightning","Bottled Flame","War Paint","Art of War","Dream Catcher","Letter Opener","Vajra","Centennial Puzzle","Sozu","FossilizedHelix","Bottled Tornado","Strawberry","Boot","Happy Flower","Bag of Marbles","Mercury Hourglass","Potion Belt","Mummified Hand","Toxic Egg 2","Bag of Preparation","Sundial","Regal Pillow"],"potions_floor_usage":[22,23,24,31],"damage_taken":[{"damage":0,"enemies":"Small Slimes","floor":1,"turns":4},{"damage":6,"enemies":"Cultist","floor":2,"turns":3},{"damage":7,"enemies":"2 Louse","floor":4,"turns":2},{"damage":14,"enemies":"Gremlin Nob","floor":7,"turns":4},{"damage":0,"enemies":"2 Fungi Beasts","floor":8,"turns":3},{"damage":14,"enemies":"3 Sentries","floor":10,"turns":4},{"damage":12,"enemies":"Gremlin Nob","floor":13,"turns":3},{"damage":18,"enemies":"Slime Boss","floor":16,"turns":4},{"damage":12,"enemies":"Spheric Guardian","floor":18,"turns":2},{"damage":17,"enemies":"3 Byrds","floor":22,"turns":3},{"damage":21,"enemies":"Slavers","floor":23,"turns":4},{"damage":28,"enemies":"Cultist and Chosen","floor":24,"turns":7},{"damage":28,"enemies":"Book of Stabbing","floor":27,"turns":5},{"damage":18,"enemies":"Slavers","floor":29,"turns":5},{"damage":22,"enemies":"Book of Stabbing","floor":31,"turns":4},{"damage":73,"enemies":"Collector","floor":33,"turns":7},{"damage":12,"enemies":"3 Darklings","floor":35,"turns":2},{"damage":27,"enemies":"2 Orb Walkers","floor":37,"turns":4},{"damage":0,"enemies":"Orb Walker","floor":38,"turns":1},{"damage":12,"enemies":"Jaw Worm Horde","floor":39,"turns":1},{"damage":52,"enemies":"Giant Head","floor":40,"turns":9},{"damage":45,"enemies":"Nemesis","floor":42,"turns":3},{"damage":6,"enemies":"Giant Head","floor":44,"turns":4},{"damage":18,"enemies":"Maw","floor":45,"turns":3},{"damage":6,"enemies":"Nemesis","floor":46,"turns":3},{"damage":0,"enemies":"Reptomancer","floor":48,"turns":1},{"damage":33,"enemies":"Awakened One","floor":50,"turns":7}],"seed_played":"-7067944116089753152","potions_obtained":[{"floor":4,"key":"Swift Potion"},{"floor":7,"key":"Weak Potion"},{"floor":8,"key":"FearPotion"},{"floor":13,"key":"PowerPotion"},{"floor":22,"key":"Weak Potion"},{"floor":23,"key":"FearPotion"},{"floor":33,"key":"PowerPotion"}],"is_trial":false,"path_per_floor":["M","M","$","M","?","R","E","M","T","E","$","R","E","$","R","B",null,"M","?","?","T","M","E","M","R","T","E","R","E","R","E","R","B",null,"M","?","?","M","M","E","R","E","T","E","M","E","$","E","R","B",null],"character_chosen":"IRONCLAD","items_purchased":["Inflame","Whetstone","Bag of Preparation"],"campfire_rested":0,"item_purchase_floors":[3,14,47],"current_hp_per_floor":[80,80,80,79,79,79,71,77,77,69,69,69,63,63,63,80,80,77,61,61,61,63,99,93,93,93,85,85,109,109,117,117,116,124,129,123,126,131,142,127,127,154,154,157,162,162,162,167,167,167],"gold":441,"neow_bonus":"","is_prod":false,"is_daily":true,"chose_seed":false,"campfire_upgraded":9,"win_rate":0,"timestamp":1549516965,"path_taken":["M","M","$","M","?","R","E","?","T","E","?","R","E","$","R","BOSS","M","?","?","?","M","E","?","R","T","E","R","E","R","E","R","BOSS","M","?","?","M","?","E","R","E","T","E","?","E","?","E","R","BOSS"],"build_version":"2019-01-23","purchased_purges":0,"victory":true,"max_hp_per_floor":[80,80,80,80,80,80,80,80,80,80,80,80,80,80,80,80,80,83,88,88,88,88,99,107,107,107,109,109,117,117,119,119,124,124,129,123,126,131,142,151,151,154,154,157,162,162,162,167,167,170],"card_choices":[{"not_picked":["Headbutt","Anger"],"picked":"Cleave","floor":1},{"not_picked":["Flex","Feel No Pain","Clothesline"],"picked":"SKIP","floor":2},{"not_picked":["Corruption","Body Slam","Second Wind"],"picked":"SKIP","floor":4},{"not_picked":["Exhume","Limit Break","Barricade"],"picked":"SKIP","floor":7},{"not_picked":["Cleave","Flex","Corruption"],"picked":"SKIP","floor":8},{"not_picked":["Limit Break","Impervious"],"picked":"Offering","floor":10},{"not_picked":["Barricade","Immolate"],"picked":"Reaper","floor":13},{"not_picked":["Offering","Reaper"],"picked":"Feed","floor":16},{"not_picked":["Rampage","Armaments","Havoc"],"picked":"SKIP","floor":18},{"not_picked":["Body Slam","Heavy Blade+1"],"picked":"Shrug It Off","floor":22},{"not_picked":["Dark Embrace","Brutality","Limit Break"],"picked":"Singing Bowl","floor":23},{"not_picked":["Infernal Blade+1","Combust+1","Twin Strike"],"picked":"Singing Bowl","floor":24},{"not_picked":["Brutality","Dark Embrace","Immolate"],"picked":"Singing Bowl","floor":27},{"not_picked":["Offering","Brutality","Immolate"],"picked":"Singing Bowl","floor":29},{"not_picked":["Exhume","Feed","Dark Embrace"],"picked":"Singing Bowl","floor":31},{"not_picked":["Barricade","Berserk","Juggernaut"],"picked":"Singing Bowl","floor":33},{"not_picked":["Inflame","Body Slam+1","Clothesline"],"picked":"Singing Bowl","floor":35},{"not_picked":["Dropkick+1","Anger+1"],"picked":"Uppercut+1","floor":37},{"not_picked":["True Grit+1","Disarm+1","Metallicize+1"],"picked":"Singing Bowl","floor":38},{"not_picked":["Seeing Red+1","Feel No Pain+1","Warcry+1"],"picked":"Singing Bowl","floor":39},{"not_picked":["Fiend Fire","Feed","Impervious"],"picked":"Singing Bowl","floor":40},{"not_picked":["Berserk","Immolate"],"picked":"Limit Break","floor":42},{"not_picked":["Feed","Brutality"],"picked":"Reaper","floor":44},{"not_picked":["Wild Strike","Seeing Red","Flex+1"],"picked":"Singing Bowl","floor":45},{"not_picked":["Juggernaut","Brutality"],"picked":"Impervious","floor":46},{"not_picked":["Feed","Berserk","Fiend Fire"],"picked":"Singing Bowl","floor":48}],"player_experience":623457,"relics_obtained":[{"floor":7,"key":"Gremlin Horn"},{"floor":9,"key":"Red Skull"},{"floor":10,"key":"Self Forming Clay"},{"floor":13,"key":"Tiny Chest"},{"floor":21,"key":"Singing Bowl"},{"floor":23,"key":"Pen Nib"},{"floor":23,"key":"Bottled Lightning"},{"floor":26,"key":"Bottled Flame"},{"floor":27,"key":"War Paint"},{"floor":27,"key":"Art of War"},{"floor":29,"key":"Dream Catcher"},{"floor":29,"key":"Letter Opener"},{"floor":31,"key":"Vajra"},{"floor":31,"key":"Centennial Puzzle"},{"floor":37,"key":"FossilizedHelix"},{"floor":40,"key":"Bottled Tornado"},{"floor":40,"key":"Strawberry"},{"floor":42,"key":"Boot"},{"floor":42,"key":"Happy Flower"},{"floor":43,"key":"Bag of Marbles"},{"floor":44,"key":"Mercury Hourglass"},{"floor":44,"key":"Potion Belt"},{"floor":46,"key":"Mummified Hand"},{"floor":46,"key":"Toxic Egg 2"},{"floor":48,"key":"Sundial"},{"floor":48,"key":"Regal Pillow"}],"event_choices":[{"damage_healed":0,"gold_gain":0,"player_choice":"1 cards matched","damage_taken":0,"max_hp_gain":0,"max_hp_loss":0,"event_name":"Match and Keep!","floor":5,"gold_loss":0,"cards_obtained":["Impervious"]},{"damage_healed":0,"gold_gain":0,"player_choice":"Shed Blood","damage_taken":21,"max_hp_gain":5,"max_hp_loss":0,"event_name":"Forgotten Altar","floor":19,"gold_loss":0},{"damage_healed":0,"gold_gain":0,"player_choice":"Obtained Relic","damage_taken":0,"relics_obtained":["Lantern"],"max_hp_gain":0,"max_hp_loss":0,"event_name":"Addict","floor":20,"gold_loss":85},{"damage_healed":0,"gold_gain":0,"player_choice":"Max HP","damage_taken":0,"max_hp_gain":0,"max_hp_loss":6,"event_name":"Winding Halls","floor":36,"gold_loss":0},{"damage_healed":0,"gold_gain":0,"player_choice":"Fight","damage_taken":0,"max_hp_gain":0,"max_hp_loss":0,"event_name":"Mysterious Sphere","floor":37,"gold_loss":0}],"is_beta":false,"boss_relics":[{"not_picked":["Lizard Tail","Snecko Eye"],"picked":"Black Star"},{"not_picked":["Astrolabe","White Beast Statue"],"picked":"Sozu"}],"items_purged_floors":[],"is_endless":false,"potions_floor_spawned":[4,7,8,13,18,22,23,33,37,40,44,45,46],"ascension_level":0}