{"path_per_floor":["M","?","?","M","?","R","E","R","T","E","M","E","?","$","R"],"character_chosen":"DEFECT","items_purchased":["FTL"],"gold_per_floor":[114,114,64,79,79,79,109,109,109,139,154,184,137,96,96,96],"floor_reached":16,"campfire_rested":0,"playtime":395,"item_purchase_floors":[14],"current_hp_per_floor":[70,70,70,70,63,63,41,41,41,20,23,23,23,23,23,0],"items_purged":[],"gold":96,"score":141,"play_id":"dbd764c9-c9b1-4ead-a17f-0d44014f0efe","local_time":"20180602014856","daily_mods":["Diverse","Elite Swarm","Night Terrors"],"is_prod":false,"is_daily":true,"chose_seed":false,"is_ascension_mode":false,"campfire_upgraded":3,"win_rate":0,"timestamp":1527918536,"campfire_choices":[{"data":"Dualcast","floor":6,"key":"SMITH"},{"data":"Tools of the Trade","floor":8,"key":"SMITH"},{"data":"Immolate","floor":15,"key":"SMITH"}],"path_taken":["M","?","?","M","?","R","E","R","T","E","M","E","?","$","R","BOSS"],"build_version":"2018-05-30v2","seed_source_timestamp":388850641295819,"purchased_purges":0,"victory":false,"master_deck":["Strike_B","Strike_B","Strike_B","Defend_B","Defend_B","Defend_B","Zap+1","Dualcast+1","Headbutt","Tools of the Trade+1","Feed","Underhanded Strike","Immolate+1","FTL"],"max_hp_per_floor":[75,75,75,75,75,75,75,75,75,75,78,78,78,78,78,78],"relics":["Cracked Core","Bag of Marbles","Question Card","Calipers","Regal Pillow"],"card_choices":[{"not_picked":["Hologram","Combust"],"picked":"Headbutt","floor":1},{"not_picked":["Cleave","Hologram","Heavy Blade"],"picked":"SKIP","floor":4},{"not_picked":["Double Tap","A Thousand Cuts"],"picked":"Tools of the Trade","floor":7},{"not_picked":["Limit Break","Amplify","Tactician"],"picked":"Feed","floor":10},{"not_picked":["Searing Blow","Sucker Punch","Thunderclap"],"picked":"Underhanded Strike","floor":11},{"not_picked":["Grand Finale","Demon Form","Amplify"],"picked":"Immolate","floor":12}],"player_experience":253892,"potions_floor_usage":[7,11,12],"damage_taken":[{"damage":5,"enemies":"Small Slimes","floor":1,"turns":3},{"damage":0,"enemies":"2 Louse","floor":4,"turns":2},{"damage":22,"enemies":"Gremlin Nob","floor":7,"turns":4},{"damage":21,"enemies":"Lagavulin","floor":10,"turns":5},{"damage":0,"enemies":"Cultist","floor":11,"turns":2},{"damage":0,"enemies":"Gremlin Nob","floor":12,"turns":2},{"damage":29,"enemies":"The Guardian","floor":16,"turns":3}],"relics_obtained":[{"floor":7,"key":"Bag of Marbles"},{"floor":9,"key":"Question Card"},{"floor":10,"key":"Calipers"},{"floor":12,"key":"Regal Pillow"}],"event_choices":[{"event_name":"Living Wall","player_choice":"Grow","floor":2,"damage_taken":0},{"event_name":"The Cleric","player_choice":"Card Removal","floor":3,"damage_taken":0},{"event_name":"Golden Wing","player_choice":"Card Removal","floor":5,"damage_taken":0},{"event_name":"World of Goop","player_choice":"Left","floor":13,"damage_taken":0}],"boss_relics":[],"items_purged_floors":[],"potions_floor_spawned":[4,7,11],"seed_played":"8928587464129514231","killed_by":"The Guardian","ascension_level":0,"potions_obtained":[{"floor":4,"key":"PowerPotion"},{"floor":7,"key":"Swift Potion"},{"floor":11,"key":"Fire Potion"}],"is_trial":false}