{"gold_per_floor":[361,379,389,64,64,64,98,115,115,133,133,165,177,208,208,287,287,305,305,405,6,6,6,32,43,93,106,106,116,130,147,147,221,221,237,237,251,264,281,313,313,368,391,426,426,455,475,31,31,31],"floor_reached":51,"playtime":2479,"items_purged":["Shame","Strike_R","Strike_R"],"score":1334,"play_id":"16ce5b5d-ea2c-4e97-9399-73ff1197f86d","local_time":"20181102111312","is_ascension_mode":true,"campfire_choices":[{"data":"Bash","floor":6,"key":"SMITH"},{"data":"Fiend Fire","floor":11,"key":"SMITH"},{"data":"Inflame","floor":15,"key":"SMITH"},{"data":"Transmutation","floor":23,"key":"SMITH"},{"data":"J.A.X.","floor":28,"key":"SMITH"},{"data":"Intimidate","floor":32,"key":"SMITH"},{"data":"Limit Break","floor":41,"key":"SMITH"},{"data":"Rupture","floor":49,"key":"SMITH"}],"neow_cost":"CURSE","seed_source_timestamp":579398254071635,"circlet_count":0,"master_deck":["AscendersBane","Strike_R","Strike_R","Strike_R","Defend_R","Defend_R","Defend_R","Defend_R","Bash+1","Sword Boomerang","Cleave","Twin Strike","Shrug It Off","Fiend Fire+1","Flex","Inflame+1","Reaper","Intimidate+1","Necronomicurse","Blood for Blood+1","Exhume","Transmutation+1","J.A.X.+1","Battle Trance","Anger","Feel No Pain+1","Reaper","Limit Break+1","Combust+1","Offering","Limit Break+1","Rupture+1"],"relics":["Burning Blood","Vajra","Orichalcum","Darkstone Periapt","Ginger","Matryoshka","Runic Dome","Necronomicon","Du-Vu Doll","Pantograph","Ancient Tea Set","Pen Nib","Regal Pillow","Runic Cube","The Courier","Magic Flower","Smiling Mask","PreservedInsect","SsserpentHead","Blue Candle","DollysMirror","Pear"],"potions_floor_usage":[7,12,20,20,33,33,50],"damage_taken":[{"damage":18,"enemies":"Cultist","floor":1,"turns":6},{"damage":2,"enemies":"Jaw Worm","floor":2,"turns":3},{"damage":14,"enemies":"Small Slimes","floor":3,"turns":4},{"damage":7,"enemies":"Lagavulin","floor":7,"turns":5},{"damage":0,"enemies":"3 Louse","floor":8,"turns":2},{"damage":2,"enemies":"2 Fungi Beasts","floor":10,"turns":3},{"damage":0,"enemies":"Gremlin Nob","floor":12,"turns":2},{"damage":8,"enemies":"Blue Slaver","floor":13,"turns":2},{"damage":31,"enemies":"Lagavulin","floor":14,"turns":6},{"damage":35,"enemies":"The Guardian","floor":16,"turns":9},{"damage":5,"enemies":"3 Byrds","floor":18,"turns":6},{"damage":10,"enemies":"Colosseum Slavers","floor":20,"turns":3},{"damage":22,"enemies":"Colosseum Nobs","floor":20,"turns":5},{"damage":15,"enemies":"Gremlin Leader","floor":24,"turns":4},{"damage":10,"enemies":"Shell Parasite","floor":25,"turns":3},{"damage":5,"enemies":"Cultist and Chosen","floor":27,"turns":3},{"damage":10,"enemies":"3 Cultists","floor":29,"turns":3},{"damage":0,"enemies":"Snake Plant","floor":30,"turns":2},{"damage":19,"enemies":"Shelled Parasite and Fungi","floor":31,"turns":3},{"damage":17,"enemies":"Automaton","floor":33,"turns":6},{"damage":31,"enemies":"3 Darklings","floor":35,"turns":3},{"damage":6,"enemies":"Orb Walker","floor":37,"turns":3},{"damage":30,"enemies":"Maw","floor":38,"turns":5},{"damage":24,"enemies":"Jaw Worm Horde","floor":39,"turns":3},{"damage":24,"enemies":"Nemesis","floor":40,"turns":3},{"damage":16,"enemies":"2 Orb Walkers","floor":42,"turns":3},{"damage":11,"enemies":"3 Darklings","floor":44,"turns":4},{"damage":42,"enemies":"Reptomancer","floor":46,"turns":4},{"damage":18,"enemies":"Writhing Mass","floor":47,"turns":2},{"damage":61,"enemies":"Time Eater","floor":50,"turns":3}],"seed_played":"7631590325457278733","potions_obtained":[{"floor":2,"key":"Swift Potion"},{"floor":7,"key":"SteroidPotion"},{"floor":10,"key":"AttackPotion"},{"floor":12,"key":"SteroidPotion"},{"floor":20,"key":"SpeedPotion"},{"floor":27,"key":"Weak Potion"},{"floor":33,"key":"Fruit Juice"},{"floor":36,"key":"Fire Potion"},{"floor":38,"key":"Energy Potion"},{"floor":39,"key":"GamblersBrew"}],"is_trial":false,"path_per_floor":["M","M","M","$","?","R","E","M","T","M","R","E","M","E","R","B",null,"M","?","?","$","?","R","E","M","T","M","R","M","M","M","R","B",null,"M","?","M","M","M","E","R","?","T","M","?","E","M","$","R","B",null],"character_chosen":"IRONCLAD","items_purchased":["Vajra","Shrug It Off","Weak Potion","Exhume","Transmutation","Explosive Potion","DollysMirror","Rupture","Pear"],"campfire_rested":0,"item_purchase_floors":[4,4,4,21,21,21,48,48,48],"current_hp_per_floor":[56,60,52,52,57,57,56,62,62,66,66,72,70,45,45,16,64,65,55,45,45,45,45,86,86,86,86,86,82,86,80,80,88,90,75,75,91,67,91,73,73,91,91,91,91,91,82,92,92,101],"gold":31,"neow_bonus":"TWO_FIFTY_GOLD","is_prod":false,"is_daily":false,"chose_seed":false,"campfire_upgraded":8,"win_rate":0,"timestamp":1541153592,"path_taken":["M","?","M","$","?","R","E","M","T","M","R","E","M","E","R","BOSS","M","?","?","$","?","R","E","M","T","M","R","M","M","M","R","BOSS","M","?","M","?","M","E","R","?","T","M","?","E","M","$","R","BOSS"],"build_version":"2018-11-01v2","purchased_purges":3,"victory":true,"max_hp_per_floor":[75,75,75,75,80,80,80,80,80,80,80,80,80,80,80,80,80,80,86,86,86,86,86,86,86,86,86,86,86,86,86,86,91,91,91,91,91,91,91,91,91,91,91,91,91,91,91,101,101,101],"card_choices":[{"not_picked":["Pummel","Blood for Blood"],"picked":"Sword Boomerang","floor":1},{"not_picked":["Heavy Blade","Flex"],"picked":"Cleave","floor":2},{"not_picked":["Flex","Warcry"],"picked":"Twin Strike","floor":3},{"not_picked":["Body Slam","Headbutt"],"picked":"Fiend Fire","floor":7},{"not_picked":["Cleave","Clash"],"picked":"Flex","floor":8},{"not_picked":["Evolve","Headbutt"],"picked":"Inflame","floor":10},{"not_picked":["Sword Boomerang","Hemokinesis","Cleave"],"picked":"SKIP","floor":12},{"not_picked":["Sentinel","Whirlwind","Sword Boomerang"],"picked":"SKIP","floor":13},{"not_picked":["Iron Wave","Twin Strike","Sever Soul"],"picked":"SKIP","floor":14},{"not_picked":["Feed","Immolate"],"picked":"Reaper","floor":16},{"not_picked":["Feel No Pain","Uppercut"],"picked":"Intimidate","floor":18},{"not_picked":["Sword Boomerang","Seeing Red"],"picked":"Blood for Blood+1","floor":20},{"not_picked":["Cleave","Perfected Strike","Entrench"],"picked":"SKIP","floor":24},{"not_picked":["Sever Soul","Cleave","Perfected Strike"],"picked":"SKIP","floor":25},{"not_picked":["Clothesline","Headbutt"],"picked":"Battle Trance","floor":27},{"not_picked":["Wild Strike","Searing Blow"],"picked":"Anger","floor":29},{"not_picked":["Twin Strike","Shrug It Off"],"picked":"Feel No Pain+1","floor":30},{"not_picked":["Wild Strike","Clash+1"],"picked":"Reaper","floor":31},{"not_picked":["Brutality","Berserk"],"picked":"Limit Break","floor":33},{"not_picked":["Pommel Strike","Searing Blow","Thunderclap+1"],"picked":"SKIP","floor":35},{"not_picked":["Pummel","Wild Strike","Power Through"],"picked":"SKIP","floor":37},{"not_picked":["Metallicize","Armaments+1","Dropkick"],"picked":"SKIP","floor":38},{"not_picked":["Metallicize","Armaments+1","Dropkick"],"picked":"SKIP","floor":38},{"not_picked":["Sword Boomerang","Shrug It Off","Pommel Strike"],"picked":"SKIP","floor":39},{"not_picked":["Warcry+1","Perfected Strike","Armaments+1"],"picked":"SKIP","floor":40},{"not_picked":["Armaments","Reckless Charge"],"picked":"Combust+1","floor":42},{"not_picked":["Intimidate+1","True Grit","Sever Soul"],"picked":"SKIP","floor":44},{"not_picked":["Iron Wave","Anger+1"],"picked":"Offering","floor":46},{"not_picked":["Spot Weakness","Iron Wave","Clash"],"picked":"SKIP","floor":47}],"player_experience":299710,"relics_obtained":[{"floor":7,"key":"Orichalcum"},{"floor":9,"key":"Darkstone Periapt"},{"floor":12,"key":"Ginger"},{"floor":14,"key":"Matryoshka"},{"floor":19,"key":"Necronomicon"},{"floor":20,"key":"Du-Vu Doll"},{"floor":20,"key":"Pantograph"},{"floor":24,"key":"Ancient Tea Set"},{"floor":26,"key":"Pen Nib"},{"floor":26,"key":"Regal Pillow"},{"floor":40,"key":"The Courier"},{"floor":42,"key":"Magic Flower"},{"floor":43,"key":"Smiling Mask"},{"floor":43,"key":"PreservedInsect"},{"floor":46,"key":"Blue Candle"}],"event_choices":[{"damage_healed":0,"gold_gain":0,"player_choice":"Donut","damage_taken":0,"max_hp_gain":5,"max_hp_loss":0,"event_name":"Big Fish","floor":5,"gold_loss":0},{"damage_healed":0,"gold_gain":0,"player_choice":"Obtained Book","damage_taken":16,"max_hp_gain":0,"max_hp_loss":0,"event_name":"Cursed Tome","floor":19,"gold_loss":0},{"damage_healed":0,"gold_gain":0,"player_choice":"Fight","damage_taken":0,"max_hp_gain":0,"max_hp_loss":0,"event_name":"Colosseum","floor":20,"gold_loss":0},{"damage_healed":0,"gold_gain":0,"player_choice":"Fought Nobs","damage_taken":0,"max_hp_gain":0,"max_hp_loss":0,"event_name":"Colosseum","floor":20,"gold_loss":0},{"damage_healed":0,"gold_gain":0,"player_choice":"Obtain J.A.X.","damage_taken":0,"max_hp_gain":0,"max_hp_loss":0,"event_name":"Drug Dealer","floor":22,"gold_loss":0,"cards_obtained":["J.A.X."]},{"damage_healed":0,"gold_gain":0,"player_choice":"Got Potions","damage_taken":0,"max_hp_gain":0,"max_hp_loss":0,"event_name":"Lab","floor":36,"gold_loss":0},{"damage_healed":0,"gold_gain":0,"player_choice":"Fight","damage_taken":0,"max_hp_gain":0,"max_hp_loss":0,"event_name":"Mysterious Sphere","floor":42,"gold_loss":0},{"damage_healed":0,"gold_gain":0,"player_choice":"Trade","damage_taken":0,"relics_obtained":["SsserpentHead"],"max_hp_gain":0,"max_hp_loss":0,"event_name":"FaceTrader","floor":45,"gold_loss":0}],"is_beta":true,"boss_relics":[{"not_picked":["Black Blood","Empty Cage"],"picked":"Runic Dome"},{"not_picked":["Velvet Choker","Orrery"],"picked":"Runic Cube"}],"items_purged_floors":[4,21,48],"is_endless":false,"potions_floor_spawned":[2,7,10,12,13,16,20,20,27,33,38,39,40,44],"ascension_level":14}