{"gold_per_floor":[15,30,45,55,10,10,28,128,128,128,35,50,50,68,68,163,163,163,163,263,281,35,35,52,52,52,67,67],"floor_reached":28,"playtime":1902,"items_purged":[],"score":212,"play_id":"cc04b071-f936-47fd-9492-d51a1f1c252a","local_time":"20180624133220","is_ascension_mode":false,"campfire_choices":[{"floor":6,"key":"REST"},{"data":"Noxious Fumes","floor":10,"key":"SMITH"},{"floor":15,"key":"REST"},{"floor":23,"key":"REST"},{"floor":25,"key":"REST"}],"neow_cost":"NO_GOLD","seed_source_timestamp":888765549471179,"circlet_count":0,"master_deck":["Defend_G","Defend_G","Defend_G","Defend_G","Defend_G","Strike_G","Survivor","Outmaneuver","A Thousand Cuts","Noxious Fumes+1","Catalyst","Infinite Blades","Flying Knee","Deadly Poison","Burst","Dash","Acrobatics","Outmaneuver","Tools of the Trade","Neutralize","Terror","Night Terror","Dodge and Roll+1","Skewer+1","A Thousand Cuts+1","Dash","Distraction","Deadly Poison","Secret Weapon","Bane+1","Crippling Poison+1"],"relics":["Ring of the Snake","Peace Pipe","Astrolabe","Frozen Egg 2","Bottled Lightning"],"potions_floor_usage":[4,16,18,24],"damage_taken":[{"damage":2,"enemies":"Cultist","floor":1,"turns":5},{"damage":10,"enemies":"2 Louse","floor":2,"turns":4},{"damage":0,"enemies":"Jaw Worm","floor":3,"turns":6},{"damage":13,"enemies":"Lots of Slimes","floor":4,"turns":4},{"damage":6,"enemies":"2 Fungi Beasts","floor":7,"turns":4},{"damage":12,"enemies":"Looter","floor":12,"turns":4},{"damage":3,"enemies":"3 Louse","floor":14,"turns":5},{"damage":35,"enemies":"The Guardian","floor":16,"turns":9},{"damage":37,"enemies":"Shell Parasite","floor":18,"turns":8},{"damage":18,"enemies":"Spheric Guardian","floor":21,"turns":6},{"damage":29,"enemies":"Cultist and Chosen","floor":24,"turns":7},{"damage":20,"enemies":"Snecko","floor":27,"turns":6},{"damage":23,"enemies":"Slavers","floor":28,"turns":1}],"seed_played":"-7039659997874507206","potions_obtained":[{"floor":1,"key":"SpeedPotion"},{"floor":7,"key":"Regen Potion"},{"floor":14,"key":"LiquidBronze"},{"floor":21,"key":"Fire Potion"}],"is_trial":false,"path_per_floor":["M","M","M","M","$","R","M","?","T","R","$","M","?","M","R","B",null,"M","?","?","M","$","R","M","R","T","M"],"character_chosen":"THE_SILENT","items_purchased":["Deadly Poison","Dash","Acrobatics","Deadly Poison","Secret Weapon"],"campfire_rested":4,"item_purchase_floors":[5,11,11,22,22],"current_hp_per_floor":[68,58,58,45,45,66,60,60,60,60,60,48,48,45,66,31,70,47,47,47,29,29,50,21,42,42,22,0],"gold":67,"neow_bonus":"TRANSFORM_TWO_CARDS","is_prod":false,"is_daily":false,"chose_seed":false,"campfire_upgraded":1,"win_rate":0.0,"timestamp":1529839940,"path_taken":["M","M","?","M","$","R","M","?","T","R","$","?","?","M","R","BOSS","M","?","?","M","$","R","M","R","T","M","E"],"build_version":"2018-06-21v2","purchased_purges":0,"victory":false,"max_hp_per_floor":[70,70,70,70,70,70,70,70,70,70,70,70,70,70,70,70,70,70,70,70,70,70,70,70,70,70,70,70],"card_choices":[{"not_picked":["Dodge and Roll","Dagger Spray"],"picked":"Noxious Fumes","floor":1},{"not_picked":["Flying Knee","Poisoned Stab"],"picked":"Catalyst","floor":2},{"not_picked":["Outmaneuver","Backflip"],"picked":"Infinite Blades","floor":3},{"not_picked":["Dagger Spray","Sucker Punch"],"picked":"Flying Knee","floor":4},{"not_picked":["Sucker Punch","PiercingWail"],"picked":"Burst","floor":7},{"not_picked":["Slice","Dagger Spray"],"picked":"Outmaneuver","floor":12},{"not_picked":["Reflex","Dagger Spray"],"picked":"Terror","floor":14},{"not_picked":["Wraith Form v2","Doppelganger"],"picked":"Night Terror","floor":16},{"not_picked":["Underhanded Strike","Prepared"],"picked":"Dash","floor":18},{"not_picked":["Slice","Outmaneuver"],"picked":"Distraction","floor":21},{"not_picked":["Quick Slash+1","Predator"],"picked":"Bane+1","floor":24},{"not_picked":["Slice","Bane"],"picked":"Crippling Poison+1","floor":27}],"player_experience":17002,"relics_obtained":[{"floor":9,"key":"Peace Pipe"},{"floor":26,"key":"Bottled Lightning"}],"event_choices":[{"event_name":"Golden Shrine","player_choice":"Pray","floor":8,"damage_taken":0},{"event_name":"Match and Keep!","player_choice":"2 cards matched","floor":13,"damage_taken":0},{"event_name":"Match and Keep!","player_choice":"2 cards matched","floor":13,"damage_taken":0},{"event_name":"The Mausoleum","player_choice":"Yes","floor":19,"damage_taken":0},{"event_name":"Golden Shrine","player_choice":"Pray","floor":20,"damage_taken":0}],"boss_relics":[{"not_picked":["Cursed Key","Snecko Eye"],"picked":"Astrolabe"}],"items_purged_floors":[],"is_endless":false,"potions_floor_spawned":[1,7,14,21],"killed_by":"Slavers","ascension_level":0}