{"gold_per_floor":[115,115,125,137,153,153,181,193,217,217,251,265,265,279,279,374,374,384,402,402,421,439,439],"floor_reached":23,"playtime":2643,"items_purged":[],"score":232,"play_id":"98b449b6-aee3-48da-9210-a09bbd900f41","local_time":"20180624213322","is_ascension_mode":false,"campfire_choices":[{"data":"Body Slam","floor":6.0,"key":"SMITH"},{"floor":10.0,"key":"REST"},{"data":"Impervious","floor":15.0,"key":"SMITH"}],"neow_cost":"","seed_source_timestamp":0,"circlet_count":0,"master_deck":["Strike_R","Strike_R","Strike_R","Strike_R","Defend_R","Defend_R","Defend_R","Defend_R","Impervious+1","Body Slam+1","Blood for Blood","Iron Wave","Whirlwind","Demon Form","Armaments","Armaments","Cleave","Impervious","Juggernaut","Flame Barrier","Shrug It Off","Body Slam+1","Rampage","Headbutt+1"],"special_seed":0,"relics":["Burning Blood","Mercury Hourglass","Ancient Tea Set","Orichalcum","Runic Cube"],"potions_floor_usage":[23],"damage_taken":[{"damage":7.0,"enemies":"Small Slimes","floor":1.0,"turns":6.0},{"damage":1.0,"enemies":"Cultist","floor":3.0,"turns":3.0},{"damage":6.0,"enemies":"Jaw Worm","floor":4.0,"turns":5.0},{"damage":15.0,"enemies":"Gremlin Gang","floor":5.0,"turns":6.0},{"damage":32.0,"enemies":"Lagavulin","floor":7.0,"turns":8.0},{"damage":11.0,"enemies":"Large Slime","floor":8.0,"turns":5.0},{"damage":0.0,"enemies":"3 Sentries","floor":11.0,"turns":4.0},{"damage":0.0,"enemies":"Lots of Slimes","floor":12.0,"turns":1.0},{"damage":4.0,"enemies":"Looter","floor":14.0,"turns":3.0},{"damage":12.0,"enemies":"Hexaghost","floor":16.0,"turns":9.0},{"damage":11.0,"enemies":"3 Byrds","floor":18.0,"turns":4.0},{"damage":14.0,"enemies":"2 Thieves","floor":19.0,"turns":5.0},{"damage":33.0,"enemies":"Snake Plant","floor":21.0,"turns":6.0},{"damage":30,"enemies":"Sentry and Sphere","floor":22,"turns":7},{"damage":17,"enemies":"Slavers","floor":23,"turns":3}],"seed_played":"-7637098793800529289","potions_obtained":[{"floor":3.0,"key":"Explosive Potion"},{"floor":5.0,"key":"AttackPotion"},{"floor":7.0,"key":"Energy Potion"},{"floor":8.0,"key":"Explosive Potion"},{"floor":14.0,"key":"LiquidBronze"},{"floor":21.0,"key":"Strength Potion"}],"is_trial":false,"path_per_floor":["M","?","M","M","M","R","E","M","T","R","E","M","?","M","R","B",null,"M","M","?","M","M"],"character_chosen":"IRONCLAD","items_purchased":[],"campfire_rested":1,"item_purchase_floors":[],"current_hp_per_floor":[79,79,80,80,71,71,45,40,40,64,70,76,76,78,78,72,80,75,67,67,40,16,0],"gold":439,"neow_bonus":"","is_prod":false,"is_daily":false,"chose_seed":false,"campfire_upgraded":2,"win_rate":0.0,"timestamp":1529890402,"path_taken":["M","?","M","M","M","R","E","M","T","R","E","?","?","M","R","BOSS","M","M","?","M","M","E"],"build_version":"2018-06-21v2","purchased_purges":0,"victory":false,"max_hp_per_floor":[80,80,80,80,80,80,80,80,80,80,80,80,80,80,80,80,80,80,80,80,80,80,80],"card_choices":[{"not_picked":["Carnage","Sword Boomerang"],"picked":"Body Slam","floor":1.0},{"not_picked":["Reckless Charge","Inflame"],"picked":"Iron Wave","floor":3.0},{"not_picked":["Corruption","Pommel Strike","Warcry"],"picked":"SKIP","floor":4.0},{"not_picked":["Reckless Charge","Perfected Strike"],"picked":"Whirlwind","floor":5.0},{"not_picked":["Clothesline","Intimidate"],"picked":"Demon Form","floor":7.0},{"not_picked":["Pommel Strike","Thunderclap"],"picked":"Armaments","floor":8.0},{"not_picked":["Twin Strike","Cleave"],"picked":"Armaments","floor":11.0},{"not_picked":["Thunderclap","Body Slam"],"picked":"Cleave","floor":12.0},{"not_picked":["Cleave","Body Slam"],"picked":"Impervious","floor":14.0},{"not_picked":["Feed","Berserk"],"picked":"Juggernaut","floor":16.0},{"not_picked":["Feel No Pain","Sever Soul"],"picked":"Flame Barrier","floor":18.0},{"not_picked":["Battle Trance","Clash"],"picked":"Shrug It Off","floor":19.0},{"not_picked":["Uppercut","Sword Boomerang"],"picked":"Rampage","floor":21.0},{"not_picked":["Anger","Sword Boomerang+1"],"picked":"Headbutt+1","floor":22}],"player_experience":2246,"relics_obtained":[{"floor":7.0,"key":"Mercury Hourglass"},{"floor":9.0,"key":"Ancient Tea Set"},{"floor":11.0,"key":"Orichalcum"}],"event_choices":[{"event_name":"Transmorgrifier","player_choice":"Transform","floor":2.0,"damage_taken":0.0},{"event_name":"Purifier","player_choice":"One Purge","floor":13.0,"damage_taken":0.0},{"event_name":"Duplicator","player_choice":"One dupe","floor":20.0,"damage_taken":0.0}],"boss_relics":[{"not_picked":["Ectoplasm","Snecko Eye"],"picked":"Runic Cube"}],"items_purged_floors":[],"is_endless":false,"potions_floor_spawned":[3,5,7,8,14,16,21],"killed_by":"Slavers","ascension_level":0}