{"path_per_floor":["M","M","M","?","M","R","M","?","T","R","M","M","?","$","R"],"character_chosen":"THE_SILENT","items_purchased":["Footwork","War Paint","Cloak And Dagger"],"gold_per_floor":[110,120,139,314,328,328,341,341,341,341,351,321,321,48,48,48],"floor_reached":16,"campfire_rested":1,"playtime":1389,"current_hp_per_floor":[60,60,59,59,46,46,42,35,35,35,19,19,19,19,37,0],"items_purged":[],"gold":48,"score":92,"play_id":"57f7077e-bfe6-438f-9dfd-db52c9ec0db7","local_time":"20180327172826","is_prod":false,"is_daily":false,"is_ascension_mode":false,"campfire_upgraded":2,"timestamp":1522164506,"path_taken":["M","M","M","?","M","R","?","?","T","R","M","M","?","$","R","BOSS"],"build_version":"2018-03-22v2","purchased_purges":0,"victory":false,"master_deck":["Defend_G","Defend_G+1","Defend_G","Defend_G+1","Defend_G","Strike_G","Strike_G","Strike_G","Strike_G","Strike_G","Survivor+1","Neutralize","Backflip","Outmaneuver+1","Endless Agony","Outmaneuver","Underhanded Strike","Reflex","Footwork","Cloak And Dagger"],"max_hp_per_floor":[63,63,63,63,63,63,63,63,63,63,63,63,63,63,63,63],"relics":["Ring of the Snake","Tingsha","Lantern","War Paint"],"card_choices":[{"not_picked":["Infinite Blades","Riddle With Holes"],"picked":"Backflip","floor":1},{"not_picked":["Expertise","Finisher"],"picked":"Outmaneuver","floor":3},{"not_picked":["Poisoned Stab","PiercingWail"],"picked":"Endless Agony","floor":5},{"not_picked":["Catalyst","PiercingWail"],"picked":"Outmaneuver","floor":7},{"not_picked":["Quick Slash","Dagger Spray"],"picked":"Underhanded Strike","floor":11},{"not_picked":["Outmaneuver","Bouncing Flask"],"picked":"Reflex","floor":12}],"player_experience":112965,"potions_floor_usage":[11,16,16,16],"damage_taken":[{"damage":3,"enemies":"Jaw Worm","floor":1,"turns":5},{"damage":0,"enemies":"Cultist","floor":2,"turns":4},{"damage":1,"enemies":"2 Louse","floor":3,"turns":4},{"damage":13,"enemies":"Large Slime","floor":5,"turns":17},{"damage":4,"enemies":"Red Slaver","floor":7,"turns":5},{"damage":16,"enemies":"Exordium Thugs","floor":11,"turns":8},{"damage":0,"enemies":"Looter","floor":12,"turns":4},{"damage":37,"enemies":"Slime Boss","floor":16,"turns":14}],"event_choices":[{"event_name":"Liars Game","player_choice":"agreed","floor":4,"damage_taken":0},{"event_name":"Golden Wing","player_choice":"Card Removal","floor":8,"damage_taken":0},{"event_name":"The Lab","player_choice":"Got Potions","floor":13,"damage_taken":0}],"boss_relics":[],"potions_floor_spawned":[1,2],"seed_played":"5635707994860351466","killed_by":"Slime Boss","ascension_level":0,"is_trial":false}