{"gold_per_floor":[116,136,136,136,151,184,32,48,48,223,239,239,249,266,266,362,362,379,3,13,13],"floor_reached":21,"playtime":959,"items_purged":["Pain","Regret"],"score":183,"play_id":"0dba0e98-ab89-47b8-bfe2-88df0a631911","local_time":"20190209144516","is_ascension_mode":false,"campfire_choices":[{"floor":12,"key":"REST"},{"floor":15,"key":"REST"}],"neow_cost":"NONE","seed_source_timestamp":19978729594577,"circlet_count":0,"master_deck":["Defend_G","Defend_G","Defend_G","Defend_G","Defend_G","Strike_G","Strike_G","Strike_G","Strike_G","Strike_G","Survivor","Neutralize+1","Dagger Throw","Dodge and Roll","Calculated Gamble","Dagger Spray","Backflip","Doubt","Dodge and Roll","Backflip","A Thousand Cuts+1","Envenom+1","Deflect+1","Well Laid Plans+1","Bouncing Flask+1"],"relics":["Ring of the Snake","Bag of Marbles","WarpedTongs","Pear","Frozen Egg 2","WristBlade","ClockworkSouvenir"],"potions_floor_usage":[13,16,16,16],"damage_taken":[{"damage":2,"enemies":"2 Louse","floor":1,"turns":3},{"damage":0,"enemies":"Cultist","floor":2,"turns":4},{"damage":4,"enemies":"Small Slimes","floor":5,"turns":4},{"damage":46,"enemies":"Lagavulin","floor":6,"turns":12},{"damage":5,"enemies":"Looter","floor":8,"turns":3},{"damage":0,"enemies":"3 Louse","floor":11,"turns":2},{"damage":21,"enemies":"Exordium Thugs","floor":13,"turns":6},{"damage":8,"enemies":"Blue Slaver","floor":14,"turns":3},{"damage":26,"enemies":"Slime Boss","floor":16,"turns":12},{"damage":22,"enemies":"3 Byrds","floor":18,"turns":4},{"damage":3,"enemies":"Shell Parasite","floor":20,"turns":10},{"damage":72,"enemies":"3 Cultists","floor":21,"turns":7}],"seed_played":"2381086858326962954","potions_obtained":[{"floor":8,"key":"EssenceOfSteel"},{"floor":11,"key":"PowerPotion"},{"floor":14,"key":"Weak Potion"}],"is_trial":false,"path_per_floor":["M","M","?","?","M","E","$","M","T","?","M","R","M","M","R","B",null,"M","$","M","M"],"character_chosen":"THE_SILENT","items_purchased":["GhostInAJar","Well Laid Plans+1","ClockworkSouvenir"],"campfire_rested":2,"item_purchase_floors":[7,19,19],"current_hp_per_floor":[68,68,68,68,64,28,28,23,23,23,23,47,26,18,42,16,80,58,58,55,0],"gold":13,"neow_bonus":"UPGRADE_CARD","is_prod":false,"is_daily":false,"chose_seed":false,"campfire_upgraded":0,"win_rate":0,"timestamp":1549741516,"path_taken":["M","M","?","?","?","E","$","M","T","?","M","R","M","M","R","BOSS","M","$","M","M"],"build_version":"2019-01-23","purchased_purges":2,"victory":false,"max_hp_per_floor":[70,70,70,70,70,80,80,80,80,80,80,80,80,80,80,80,80,80,80,80,80],"card_choices":[{"not_picked":["Poisoned Stab","Flying Knee"],"picked":"Dagger Throw","floor":1},{"not_picked":["Sucker Punch","Blade Dance"],"picked":"Dodge and Roll","floor":2},{"not_picked":["All Out Attack","Poisoned Stab"],"picked":"Calculated Gamble","floor":5},{"not_picked":["Grand Finale","A Thousand Cuts"],"picked":"Dagger Spray","floor":6},{"not_picked":["Deflect","Outmaneuver"],"picked":"Backflip","floor":8},{"not_picked":["Terror","Poisoned Stab"],"picked":"Dodge and Roll","floor":11},{"not_picked":["Choke","Concentrate"],"picked":"Backflip","floor":13},{"not_picked":["All Out Attack","Prepared"],"picked":"A Thousand Cuts+1","floor":14},{"not_picked":["Tools of the Trade+1","Phantasmal Killer"],"picked":"Envenom+1","floor":16},{"not_picked":["Blade Dance+1","Poisoned Stab"],"picked":"Deflect+1","floor":18},{"not_picked":["Underhanded Strike+1","Accuracy+1"],"picked":"Bouncing Flask+1","floor":20}],"player_experience":646476,"relics_obtained":[{"floor":6,"key":"Pear"},{"floor":9,"key":"Frozen Egg 2"}],"event_choices":[{"damage_healed":0,"gold_gain":0,"player_choice":"Box","damage_taken":0,"relics_obtained":["Bag of Marbles"],"max_hp_gain":0,"max_hp_loss":0,"event_name":"Big Fish","floor":3,"gold_loss":0,"cards_obtained":["Regret"]},{"damage_healed":0,"gold_gain":0,"player_choice":"Rummage","damage_taken":0,"relics_obtained":["WarpedTongs"],"max_hp_gain":0,"max_hp_loss":0,"event_name":"Accursed Blacksmith","floor":4,"gold_loss":0,"cards_obtained":["Pain"]},{"damage_healed":0,"gold_gain":175,"player_choice":"AGREE","damage_taken":0,"max_hp_gain":0,"max_hp_loss":0,"event_name":"Liars Game","floor":10,"gold_loss":0,"cards_obtained":["Doubt"]}],"is_beta":false,"boss_relics":[{"not_picked":["HoveringKite","White Beast Statue"],"picked":"WristBlade"}],"items_purged_floors":[7,19],"is_endless":false,"potions_floor_spawned":[8,11,14],"killed_by":"3 Cultists","ascension_level":0}