{"gold_per_floor":[109,122,122,122,137,137,62,77,134,57,57,69,69,85,85,164,164,176,196,196,206,206],"floor_reached":22,"playtime":1072,"items_purged":["Strike_B"],"score":303,"play_id":"dd039ff0-e74b-435d-915c-1a570e1a0b91","local_time":"20180922110606","is_ascension_mode":true,"campfire_choices":[{"data":"Zap","floor":6,"key":"SMITH"},{"floor":15,"key":"REST"}],"neow_cost":"NONE","seed_source_timestamp":598404735427367,"circlet_count":0,"master_deck":["Strike_B","Strike_B","Defend_B","Defend_B","Defend_B","Zap+1","Dualcast","AscendersBane","Buffer+1","Zap","Capacitor","White Noise","Core Surge","Cold Snap"],"relics":["Cracked Core","Dream Catcher","Tiny Chest","Eternal Feather"],"potions_floor_usage":[12,12,22],"damage_taken":[{"damage":1,"enemies":"Cultist","floor":1,"turns":3},{"damage":4,"enemies":"Jaw Worm","floor":2,"turns":6},{"damage":4,"enemies":"Small Slimes","floor":5,"turns":3},{"damage":1,"enemies":"Looter","floor":8,"turns":3},{"damage":0,"enemies":"Exordium Thugs","floor":12,"turns":4},{"damage":9,"enemies":"3 Louse","floor":14,"turns":3},{"damage":47,"enemies":"The Guardian","floor":16,"turns":11},{"damage":21,"enemies":"Chosen","floor":18,"turns":5},{"damage":11,"enemies":"Spheric Guardian","floor":19,"turns":4},{"damage":45,"enemies":"Snake Plant","floor":21,"turns":6},{"damage":4,"enemies":"Sentry and Sphere","floor":22,"turns":5}],"seed_played":"7514177762669598216","potions_obtained":[{"floor":5,"key":"SpeedPotion"},{"floor":8,"key":"Fire Potion"},{"floor":16,"key":"Ancient Potion"},{"floor":21,"key":"Block Potion"}],"is_trial":false,"path_per_floor":["M","M","?","?","M","R","$","M","T","$","?","M","?","M","R","B",null,"M","M","?","M"],"character_chosen":"DEFECT","items_purchased":["Capacitor"],"campfire_rested":1,"item_purchase_floors":[10],"current_hp_per_floor":[63,59,59,59,55,55,55,54,54,54,54,54,54,45,66,19,58,37,26,49,4,0],"gold":206,"neow_bonus":"RANDOM_COMMON_RELIC","is_prod":false,"is_daily":false,"chose_seed":false,"campfire_upgraded":1,"win_rate":0,"timestamp":1537607166,"path_taken":["M","?","?","?","?","R","$","M","T","$","?","?","?","M","R","BOSS","M","M","?","M","M"],"build_version":"2018-09-20","purchased_purges":1,"victory":false,"max_hp_per_floor":[71,71,71,71,71,71,71,71,71,71,71,71,71,71,71,71,71,71,71,71,71,71],"card_choices":[{"not_picked":["Go for the Eyes","Stack","Conserve Battery"],"picked":"SKIP","floor":1},{"not_picked":["Rip and Tear","Darkness","Hologram"],"picked":"SKIP","floor":2},{"not_picked":["Heatsinks","Go for the Eyes","Steam Power"],"picked":"SKIP","floor":5},{"not_picked":["Redo","Leap","Compile Driver"],"picked":"SKIP","floor":8},{"not_picked":["Beam Cell","Reprogram","Fusion"],"picked":"SKIP","floor":12},{"not_picked":["Hologram","Doom and Gloom","Leap"],"picked":"SKIP","floor":14},{"not_picked":["Scrape","Turbo"],"picked":"White Noise","floor":15},{"not_picked":["Reboot","Fission"],"picked":"Core Surge","floor":16},{"not_picked":["Double Energy","Beam Cell","Genetic Algorithm"],"picked":"SKIP","floor":18},{"not_picked":["Turbo","Stack","Darkness"],"picked":"SKIP","floor":19},{"not_picked":["Leap","Stack"],"picked":"Cold Snap","floor":21}],"player_experience":533190,"relics_obtained":[{"floor":9,"key":"Tiny Chest"}],"event_choices":[{"event_name":"Match and Keep!","player_choice":"2 cards matched","floor":3,"damage_taken":0},{"event_name":"Purifier","player_choice":"One Purge","floor":4,"damage_taken":0},{"event_name":"Upgrade Shrine","player_choice":"Upgraded","floor":11,"damage_taken":0},{"event_name":"Bonfire Elementals","player_choice":"BASIC","floor":13,"damage_taken":0},{"event_name":"The Library","player_choice":"Heal","floor":20,"damage_taken":0}],"is_beta":false,"boss_relics":[{"not_picked":["Black Star","Pandora\u0027s Box"],"picked":"Eternal Feather"}],"items_purged_floors":[7],"is_endless":false,"potions_floor_spawned":[5,8,16,21],"killed_by":"Sentry and Sphere","ascension_level":14}