{"gold_per_floor":[13,13,23,86,86,86,104,104,104,32,52,52,66,66,66,171,221,232,242,242,72,92,92,125,125,206,219,219,229,229,22,22,122,122,137,154,174,25,25,25,25,25,25,41,41,68,81,109,109,109],"floor_reached":51,"playtime":5762,"items_purged":["Strike_G","Strike_G"],"score":690,"play_id":"6ce640e3-1f3e-419b-b057-6e2c73eaba32","local_time":"20190111032122","is_ascension_mode":false,"campfire_choices":[{"data":"Infinite Blades","floor":6,"key":"SMITH"},{"data":"Finisher","floor":8,"key":"SMITH"},{"data":"Noxious Fumes","floor":12,"key":"SMITH"},{"data":"Accuracy","floor":15,"key":"SMITH"},{"data":"After Image","floor":23,"key":"SMITH"},{"data":"Blade Dance","floor":25,"key":"SMITH"},{"data":"Backflip","floor":30,"key":"SMITH"},{"floor":32,"key":"REST"},{"data":"Noxious Fumes","floor":40,"key":"SMITH"},{"data":"Neutralize","floor":42,"key":"SMITH"},{"data":"PiercingWail","floor":45,"key":"SMITH"},{"data":"Survivor","floor":49,"key":"SMITH"}],"neow_cost":"NO_GOLD","seed_source_timestamp":2761933535523118,"circlet_count":0,"master_deck":["Defend_G","Defend_G","Defend_G","Defend_G","Strike_G+1","Survivor+1","Neutralize+1","Predator","Finisher+1","Quick Slash","Infinite Blades+1","Noxious Fumes+1","Accuracy+1","Noxious Fumes+1","Dash","After Image+1","Blade Dance+1","Well Laid Plans","Bandage Up","Backflip+1","Corpse Explosion","Cloak And Dagger+1","PiercingWail+1","Writhe","Acrobatics","Cloak And Dagger+1"],"relics":["Ring of the Snake","Sundial","Mummified Hand","Tiny House","Question Card","Blue Candle","MutagenicStrength","OrangePellets","Busted Crown","Darkstone Periapt","Kunai","Bottled Flame"],"potions_floor_usage":[7,13,18,19,24,24,33,44,46,50,50],"damage_taken":[{"damage":1,"enemies":"Jaw Worm","floor":1,"turns":4},{"damage":0,"enemies":"Cultist","floor":3,"turns":2},{"damage":2,"enemies":"Small Slimes","floor":7,"turns":3},{"damage":3,"enemies":"Gremlin Gang","floor":11,"turns":4},{"damage":5,"enemies":"2 Fungi Beasts","floor":13,"turns":3},{"damage":28,"enemies":"Hexaghost","floor":16,"turns":7},{"damage":14,"enemies":"2 Thieves","floor":18,"turns":4},{"damage":2,"enemies":"Shell Parasite","floor":19,"turns":4},{"damage":3,"enemies":"Chosen and Byrds","floor":22,"turns":5},{"damage":12,"enemies":"Book of Stabbing","floor":24,"turns":5},{"damage":4,"enemies":"Shelled Parasite and Fungi","floor":27,"turns":4},{"damage":5,"enemies":"Snake Plant","floor":29,"turns":4},{"damage":16,"enemies":"Collector","floor":33,"turns":7},{"damage":16,"enemies":"3 Darklings","floor":35,"turns":5},{"damage":0,"enemies":"Orb Walker","floor":36,"turns":3},{"damage":17,"enemies":"Maw","floor":37,"turns":6},{"damage":1,"enemies":"4 Shapes","floor":44,"turns":4},{"damage":10,"enemies":"Giant Head","floor":46,"turns":7},{"damage":0,"enemies":"Transient","floor":47,"turns":5},{"damage":0,"enemies":"Nemesis","floor":48,"turns":5},{"damage":19,"enemies":"Awakened One","floor":50,"turns":9}],"seed_played":"1202758180735950547","potions_obtained":[{"floor":2,"key":"Ancient Potion"},{"floor":2,"key":"Swift Potion"},{"floor":2,"key":"FearPotion"},{"floor":7,"key":"Strength Potion"},{"floor":16,"key":"Regen Potion"},{"floor":17,"key":"Block Potion"},{"floor":19,"key":"SpeedPotion"},{"floor":22,"key":"Dexterity Potion"},{"floor":29,"key":"Energy Potion"},{"floor":33,"key":"Fruit Juice"},{"floor":46,"key":"PowerPotion"},{"floor":47,"key":"AttackPotion"},{"floor":48,"key":"Swift Potion"}],"is_trial":false,"path_per_floor":["M","?","M","?","T","R","M","R","T","$","M","R","M","$","R","B",null,"M","M","?","$","M","R","E","R","T","M","?","M","R","$","R","B",null,"M","M","M","$","?","R","?","R","T","M","R","E","M","E","R","B",null],"character_chosen":"THE_SILENT","items_purchased":["Accuracy","Bandage Up","OrangePellets","Swift Potion"],"campfire_rested":1,"item_purchase_floors":[10,21,31,38],"current_hp_per_floor":[69,69,69,69,69,69,67,67,67,67,64,64,59,59,59,31,75,61,71,64,64,65,65,57,57,57,57,57,56,56,56,75,68,80,68,72,59,59,79,79,79,79,79,80,80,74,78,80,80,65],"gold":109,"neow_bonus":"TRANSFORM_TWO_CARDS","is_prod":false,"is_daily":false,"chose_seed":false,"campfire_upgraded":11,"win_rate":0.0,"timestamp":1547176882,"path_taken":["M","?","?","?","?","R","M","R","T","?","M","R","M","$","R","BOSS","M","M","?","$","M","R","E","R","T","?","?","M","R","$","R","BOSS","M","M","M","$","?","R","?","R","T","M","R","E","M","E","R","BOSS"],"build_version":"2019-01-10","purchased_purges":2,"victory":true,"max_hp_per_floor":[70,70,70,70,70,70,70,70,70,70,70,70,70,70,70,70,75,75,75,75,75,75,75,75,75,75,75,75,75,75,75,75,80,80,80,80,80,80,80,80,80,80,80,80,80,80,80,80,80,80],"card_choices":[{"not_picked":["Slice","Sucker Punch"],"picked":"Quick Slash","floor":1},{"not_picked":["Deadly Poison","Blade Dance"],"picked":"Infinite Blades","floor":3},{"not_picked":["Sucker Punch","Deadly Poison"],"picked":"Noxious Fumes","floor":7},{"not_picked":["Reflex","Deflect"],"picked":"Noxious Fumes","floor":11},{"not_picked":["Dagger Spray","Venomology"],"picked":"Dash","floor":13},{"not_picked":["Venomology","Tools of the Trade"],"picked":"After Image","floor":16},{"not_picked":["Poisoned Stab","Dagger Throw"],"picked":"Blade Dance","floor":17},{"not_picked":["Bane+1","Calculated Gamble","Outmaneuver+1"],"picked":"SKIP","floor":18},{"not_picked":["Night Terror","Skewer"],"picked":"Well Laid Plans","floor":19},{"not_picked":["Outmaneuver","Well Laid Plans","Deflect+1"],"picked":"SKIP","floor":22},{"not_picked":["Flying Knee","Quick Slash","Blade Dance"],"picked":"SKIP","floor":24},{"not_picked":["Skewer+1","Poisoned Stab","Dodge and Roll","Noxious Fumes"],"picked":"SKIP","floor":27},{"not_picked":["Escape Plan","Caltrops","Distraction"],"picked":"Backflip","floor":29},{"not_picked":["Phantasmal Killer","Venomology","Doppelganger"],"picked":"Corpse Explosion","floor":33},{"not_picked":["Underhanded Strike+1","Poisoned Stab+1"],"picked":"SKIP","floor":35},{"not_picked":["Backflip"],"picked":"Cloak And Dagger+1","floor":36},{"not_picked":["Slice+1"],"picked":"PiercingWail","floor":37},{"not_picked":["Slice","Outmaneuver+1"],"picked":"SKIP","floor":44},{"not_picked":["Prepared"],"picked":"Acrobatics","floor":46},{"not_picked":["Predator+1","Prepared"],"picked":"SKIP","floor":47},{"not_picked":["Burst"],"picked":"Cloak And Dagger+1","floor":48}],"player_experience":115508,"relics_obtained":[{"floor":5,"key":"Sundial"},{"floor":9,"key":"Mummified Hand"},{"floor":24,"key":"Question Card"},{"floor":26,"key":"Blue Candle"},{"floor":43,"key":"Darkstone Periapt"},{"floor":46,"key":"Kunai"},{"floor":48,"key":"Bottled Flame"}],"event_choices":[{"damage_healed":0,"gold_gain":0,"player_choice":"Got Potions","damage_taken":0,"max_hp_gain":0,"max_hp_loss":0,"event_name":"Lab","floor":2,"gold_loss":0},{"damage_healed":0,"gold_gain":63,"player_choice":"Gained Gold","damage_taken":0,"max_hp_gain":0,"max_hp_loss":0,"event_name":"Golden Wing","floor":4,"gold_loss":0},{"damage_healed":0,"gold_gain":0,"player_choice":"","damage_taken":7,"max_hp_gain":0,"max_hp_loss":0,"event_name":"Knowing Skull","floor":20,"potions_obtained":[],"gold_loss":0,"cards_obtained":[]},{"damage_healed":0,"gold_gain":0,"player_choice":"Inject Mutagens","damage_taken":0,"relics_obtained":["MutagenicStrength"],"max_hp_gain":0,"max_hp_loss":0,"event_name":"Drug Dealer","floor":28,"gold_loss":0},{"damage_healed":20,"gold_gain":0,"player_choice":"Writhe","damage_taken":0,"max_hp_gain":0,"max_hp_loss":0,"event_name":"Winding Halls","floor":39,"gold_loss":0,"cards_obtained":["Writhe"]},{"cards_removed":["Strike_G"],"damage_healed":0,"gold_gain":0,"player_choice":"Purged","damage_taken":0,"max_hp_gain":0,"max_hp_loss":0,"event_name":"Purifier","floor":41,"gold_loss":0}],"is_beta":false,"boss_relics":[{"not_picked":["Philosopher\u0027s Stone","Orrery"],"picked":"Tiny House"},{"not_picked":["Coffee Dripper","Cursed Key"],"picked":"Busted Crown"}],"items_purged_floors":[21,38],"is_endless":false,"potions_floor_spawned":[7,11,16,19,22,29,33,46,47,48],"ascension_level":0}