{"path_per_floor":["M","$","M","?","M","E","R","E","T","M","R","E","M","M","R"],"character_chosen":"THE_SILENT","items_purchased":["Footwork","Cloak And Dagger"],"gold_per_floor":[111,18,31,131,148,178,178,203,226,245,245,270,250,263,263,263],"floor_reached":16,"campfire_rested":1,"playtime":829,"current_hp_per_floor":[63,63,63,63,63,41,41,37,37,37,70,57,57,57,57,0],"items_purged":[],"gold":263,"score":201,"play_id":"d4d58cc9-4b16-4ffc-91b5-73d39ed32f01","local_time":"20180421121916","is_prod":false,"is_daily":false,"chose_seed":false,"is_ascension_mode":true,"campfire_upgraded":2,"timestamp":1524305956,"path_taken":["M","$","?","?","?","E","R","E","T","M","R","E","M","M","R","BOSS"],"build_version":"2018-04-19","seed_source_timestamp":130981132018096,"purchased_purges":0,"victory":false,"master_deck":["Defend_G","Defend_G","Defend_G","Defend_G","Defend_G","Strike_G","Strike_G","Strike_G","Strike_G","Strike_G","Survivor","Neutralize+1","AscendersBane","Dodge and Roll","Footwork+1","Cloak And Dagger","PiercingWail","Deadly Poison","Dagger Spray","Backflip","Leg Sweep","Flying Knee","Footwork","Predator"],"max_hp_per_floor":[70,70,70,70,70,70,70,70,70,70,70,70,70,70,70,70],"relics":["Ring of the Snake","NeowsBlessing","Regal Pillow","Prayer Wheel","Lantern","Pen Nib"],"card_choices":[{"not_picked":["All Out Attack","Outmaneuver"],"picked":"Dodge and Roll","floor":1},{"not_picked":["Acrobatics","Finisher"],"picked":"PiercingWail","floor":3},{"not_picked":["Dagger Throw","Poisoned Stab"],"picked":"Deadly Poison","floor":5},{"not_picked":["Reflex","Dodge and Roll"],"picked":"Dagger Spray","floor":6},{"not_picked":["Dagger Throw","Distraction"],"picked":"Backflip","floor":8},{"not_picked":["Poisoned Stab","A Thousand Cuts"],"picked":"Leg Sweep","floor":9},{"not_picked":["Backflip","Masterful Stab"],"picked":"Flying Knee","floor":10},{"not_picked":["Sucker Punch","Backstab"],"picked":"Footwork","floor":12},{"not_picked":["Underhanded Strike","Dagger Spray"],"picked":"Predator","floor":14}],"player_experience":330234,"potions_floor_usage":[16],"damage_taken":[{"damage":0,"enemies":"Cultist","floor":1,"turns":1},{"damage":0,"enemies":"2 Louse","floor":3,"turns":1},{"damage":0,"enemies":"Small Slimes","floor":5,"turns":1},{"damage":22,"enemies":"Lagavulin","floor":6,"turns":11},{"damage":4,"enemies":"3 Sentries","floor":8,"turns":11},{"damage":0,"enemies":"Red Slaver","floor":10,"turns":5},{"damage":13,"enemies":"Lagavulin","floor":12,"turns":11},{"damage":0,"enemies":"Exordium Thugs","floor":13,"turns":4},{"damage":0,"enemies":"Large Slime","floor":14,"turns":9},{"damage":57,"enemies":"Hexaghost","floor":16,"turns":21}],"event_choices":[{"event_name":"Golden Shrine","player_choice":"Pray","floor":4,"damage_taken":0}],"boss_relics":[],"potions_floor_spawned":[1,3,14],"seed_played":"7327362707492849742","killed_by":"Hexaghost","ascension_level":13,"is_trial":false}