{"gold_per_floor":[118,118,88,102,27,58,71,71,71,85,85,85,110,129,129,224,224,235,245,260,260],"floor_reached":21,"playtime":855,"items_purged":["Strike_B"],"score":287,"play_id":"8da3211f-e389-4d0f-8a83-9f6ba63f4979","local_time":"20180917050739","is_ascension_mode":true,"campfire_choices":[{"floor":8,"key":"REST"},{"data":"Steam","floor":11,"key":"SMITH"},{"floor":15,"key":"REST"}],"neow_cost":"NONE","seed_source_timestamp":145110770219352,"circlet_count":0,"master_deck":["Strike_B","Strike_B","Strike_B","Defend_B","Defend_B","Defend_B","Defend_B+1","Zap+1","Dualcast+1","AscendersBane","Steam+1","Doom and Gloom","Sweeping Beam","Darkness","Creative AI","Steam+1","Chaos+1","Leap+1"],"relics":["Cracked Core","Blue Candle","Pantograph","Bag of Preparation","Inserter"],"potions_floor_usage":[6,6,10,13,16,18,20],"damage_taken":[{"damage":0,"enemies":"2 Louse","floor":1,"turns":2},{"damage":0,"enemies":"Jaw Worm","floor":4,"turns":3},{"damage":6,"enemies":"Lagavulin","floor":6,"turns":4},{"damage":0,"enemies":"Small Slimes","floor":7,"turns":2},{"damage":5,"enemies":"Gremlin Gang","floor":10,"turns":3},{"damage":30,"enemies":"3 Sentries","floor":13,"turns":5},{"damage":0,"enemies":"2 Fungi Beasts","floor":14,"turns":2},{"damage":15,"enemies":"The Guardian","floor":16,"turns":9},{"damage":19,"enemies":"Spheric Guardian","floor":18,"turns":4},{"damage":34,"enemies":"2 Thieves","floor":19,"turns":4},{"damage":12,"enemies":"Chosen and Byrds","floor":20,"turns":4},{"damage":7,"enemies":"Shelled Parasite and Fungi","floor":21,"turns":1}],"seed_played":"-4282235528088369389","potions_obtained":[{"floor":1,"key":"FocusPotion"},{"floor":3,"key":"FearPotion"},{"floor":3,"key":"PowerPotion"},{"floor":7,"key":"PowerPotion"},{"floor":13,"key":"Weak Potion"},{"floor":16,"key":"Weak Potion"},{"floor":19,"key":"Energy Potion"},{"floor":20,"key":"GamblersBrew"}],"is_trial":false,"path_per_floor":["M","?","?","M","$","E","M","R","T","M","R","?","E","M","R","B",null,"M","M","M"],"character_chosen":"DEFECT","items_purchased":[],"campfire_rested":2,"item_purchase_floors":[],"current_hp_per_floor":[68,53,53,53,53,47,47,69,69,71,71,71,41,41,63,60,71,52,18,6,0],"gold":260,"neow_bonus":"UPGRADE_CARD","is_prod":false,"is_daily":false,"chose_seed":false,"campfire_upgraded":1,"win_rate":0,"timestamp":1537153659,"path_taken":["M","?","?","M","$","E","M","R","T","M","R","?","E","?","R","BOSS","M","M","M","M"],"build_version":"2018-09-06","purchased_purges":1,"victory":false,"max_hp_per_floor":[75,75,75,75,75,75,75,75,75,75,75,75,75,75,75,75,75,75,75,75,75],"card_choices":[{"not_picked":["Recycle","Gash"],"picked":"Steam","floor":1},{"not_picked":["Scrape","Stack","Tempest"],"picked":"SKIP","floor":4},{"not_picked":["Skim","Glacier"],"picked":"Doom and Gloom","floor":6},{"not_picked":["Go for the Eyes","Turbo"],"picked":"Sweeping Beam","floor":7},{"not_picked":["Streamline","Ball Lightning","Rebound"],"picked":"SKIP","floor":10},{"not_picked":["Steam","Leap","Stack"],"picked":"SKIP","floor":13},{"not_picked":["Go for the Eyes","Consume"],"picked":"Darkness","floor":14},{"not_picked":["Multi-Cast","Biased Cognition"],"picked":"Creative AI","floor":16},{"not_picked":["Go for the Eyes+1","Redo"],"picked":"Steam+1","floor":18},{"not_picked":["Lockon","Barrage"],"picked":"Chaos+1","floor":19},{"not_picked":["Streamline","Ball Lightning"],"picked":"Leap+1","floor":20}],"player_experience":276827,"relics_obtained":[{"floor":6,"key":"Blue Candle"},{"floor":9,"key":"Pantograph"},{"floor":13,"key":"Bag of Preparation"}],"event_choices":[{"event_name":"Shining Light","player_choice":"Entered Light","floor":2,"damage_taken":0},{"event_name":"The Woman in Blue","player_choice":"Bought 2 Potions","floor":3,"damage_taken":0},{"event_name":"Liars Game","player_choice":"disagreed","floor":12,"damage_taken":0}],"is_beta":false,"boss_relics":[{"not_picked":["Orrery","Tiny House"],"picked":"Inserter"}],"items_purged_floors":[5],"is_endless":false,"potions_floor_spawned":[1,4,7,13,16,19,20],"killed_by":"Shelled Parasite and Fungi","ascension_level":10}