{"path_per_floor":["M","$","?","M","$","E","?","R","T","R","M","E","M","M","R","B",null,"M","$","M","$","M","E","R","M","T","E","R"],"character_chosen":"IRONCLAD","items_purchased":["Shrug It Off","Whirlwind","Flame Barrier"],"gold_per_floor":[119,44,44,61,13,42,42,42,93,93,110,145,165,182,182,286,286,300,162,177,97,117,146,146,159,159,187,187],"floor_reached":29,"campfire_rested":0,"playtime":2154,"current_hp_per_floor":[80,80,80,80,80,94,99,99,99,99,99,82,87,87,87,63,99,89,89,95,95,80,75,75,64,64,52,52],"items_purged":["Strike_R","Strike_R"],"gold":187,"play_id":"626054af-1e33-4b39-a6d5-f64c52aaed8f","is_prod":false,"is_daily":false,"is_ascension_mode":true,"campfire_upgraded":5,"path_taken":["M","$","?","M","$","E","?","R","T","R","M","E","?","M","R","BOSS","M","$","M","$","M","E","R","M","T","E","R","E"],"build_version":"2018-01-25-PROD3","purchased_purges":2,"victory":false,"master_deck":["Strike_R+1","Strike_R","Strike_R+1","Defend_R","Defend_R","Defend_R","Defend_R","Bash+1","Body Slam+1","Shrug It Off+1","Intimidate","Rage+1","Headbutt","Feed","Whirlwind","Body Slam+1","Flame Barrier+1","Flex","Shrug It Off"],"max_hp_per_floor":[80,80,80,80,80,94,99,99,99,99,99,99,99,99,99,99,99,99,99,99,99,99,101,101,101,101,103,103],"relics":["Burning Blood","NeowsBlessing","Mango","Whetstone","Bottled Flame","Cursed Key","Singing Bowl","Frozen Eye"],"card_choices":[{"not_picked":["Metallicize","Cleave"],"picked":"Body Slam"},{"not_picked":["Flex","True Grit"],"picked":"Intimidate"},{"not_picked":["Clash","Armaments"],"picked":"Rage"},{"not_picked":["Perfected Strike","Pommel Strike"],"picked":"Headbutt"},{"not_picked":["Reaper","Immolate"],"picked":"Feed"},{"not_picked":["Searing Blow","Fire Breathing"],"picked":"Body Slam"},{"not_picked":["Anger","Sword Boomerang"],"picked":"Flex"},{"not_picked":["Shockwave","Clothesline"],"picked":"Shrug It Off"}],"player_experience":44498,"potions_floor_usage":[23,25,27,29],"damage_taken":[{"damage":0,"enemies":"2 Louse","floor":1,"turns":1},{"damage":0,"enemies":"Cultist","floor":4,"turns":1},{"damage":0,"enemies":"Gremlin Nob","floor":6,"turns":1},{"damage":3,"enemies":"Blue Slaver","floor":11,"turns":3},{"damage":23,"enemies":"Lagavulin","floor":12,"turns":7},{"damage":1,"enemies":"2 Fungi Beasts","floor":13,"turns":4},{"damage":6,"enemies":"Looter","floor":14,"turns":3},{"damage":30,"enemies":"The Guardian","floor":16,"turns":9},{"damage":16,"enemies":"Shell Parasite","floor":18,"turns":5},{"damage":0,"enemies":"Chosen","floor":20,"turns":6},{"damage":21,"enemies":"Snake Plant","floor":22,"turns":4},{"damage":13,"enemies":"Book of Stabbing","floor":23,"turns":5},{"damage":17,"enemies":"Slaver and Parasite","floor":25,"turns":4},{"damage":20,"enemies":"Slavers","floor":27,"turns":4},{"damage":54,"enemies":"Gremlin Leader","floor":29,"turns":5}],"event_choices":[{"event_name":"Upgrade Shrine","player_choice":"Upgraded","floor":3,"damage_taken":0},{"event_name":"Big Fish","player_choice":"Donut","floor":7,"damage_taken":0}],"boss_relics":[{"not_picked":["Snecko Eye","Philosopher\u0027s Stone"],"picked":"Cursed Key"}],"potions_floor_spawned":[4,12,14,16,25,27],"seed_played":"-8988640746036380447","killed_by":"Gremlin Leader","ascension_level":2,"is_trial":false}