{"gold_per_floor":[12,12,187,204,224,224,256,256,283,296,316,327,344,119,119,119],"floor_reached":16,"playtime":486,"items_purged":["Doubt"],"score":104,"play_id":"6f2321fd-ff56-4fbc-a4fc-74e5800bff3b","local_time":"20190124021640","is_ascension_mode":false,"campfire_choices":[{"data":"Forethought","floor":6,"key":"SMITH"},{"data":"Neutralize","floor":8,"key":"SMITH"},{"floor":15,"key":"REST"}],"neow_cost":"NO_GOLD","seed_source_timestamp":0,"circlet_count":0,"master_deck":["Defend_G","Defend_G","Defend_G","Defend_G","Defend_G","Strike_G","Strike_G","Strike_G+1","Strike_G","Strike_G+1","Survivor","Neutralize+1","Forethought+1","Dramatic Entrance","Deadly Poison","Reflex","Die Die Die","Prepared"],"special_seed":0,"relics":["Ring of the Snake","Bag of Marbles","Frozen Egg 2","Whetstone","Snake Skull"],"potions_floor_usage":[7,10,12,16],"damage_taken":[{"damage":0,"enemies":"2 Louse","floor":1,"turns":3},{"damage":3,"enemies":"Jaw Worm","floor":4,"turns":4},{"damage":0,"enemies":"Small Slimes","floor":5,"turns":2},{"damage":32,"enemies":"Lagavulin","floor":7,"turns":10},{"damage":0,"enemies":"3 Louse","floor":10,"turns":3},{"damage":0,"enemies":"2 Fungi Beasts","floor":11,"turns":2},{"damage":4,"enemies":"Blue Slaver","floor":12,"turns":3},{"damage":0,"enemies":"3 Louse","floor":13,"turns":2},{"damage":36,"enemies":"The Guardian","floor":16,"turns":7}],"seed_played":"-7046587637818001615","potions_obtained":[{"floor":4,"key":"SkillPotion"},{"floor":5,"key":"Energy Potion"},{"floor":7,"key":"Swift Potion"},{"floor":10,"key":"Dexterity Potion"}],"is_trial":false,"path_per_floor":["M","?","?","M","M","R","E","R","T","M","M","M","M","$","R","B"],"character_chosen":"THE_SILENT","items_purchased":["Snake Skull"],"campfire_rested":1,"item_purchase_floors":[14],"current_hp_per_floor":[70,52,52,49,49,49,17,17,17,17,17,13,13,13,34,0],"gold":119,"neow_bonus":"RANDOM_COLORLESS_2","is_prod":false,"is_daily":false,"chose_seed":false,"campfire_upgraded":2,"win_rate":0,"timestamp":1548314200,"path_taken":["M","?","?","M","M","R","E","R","T","M","M","?","M","$","R","BOSS"],"build_version":"2019-01-23","purchased_purges":1,"victory":false,"max_hp_per_floor":[70,70,70,70,70,70,70,70,70,70,70,70,70,70,70,70],"card_choices":[{"not_picked":["Skewer","Acrobatics","Deflect"],"picked":"SKIP","floor":1},{"not_picked":["Dagger Throw","Predator"],"picked":"Deadly Poison","floor":4},{"not_picked":["PiercingWail","Bane","Expertise"],"picked":"SKIP","floor":5},{"not_picked":["PiercingWail","Deflect","Deadly Poison"],"picked":"SKIP","floor":7},{"not_picked":["Dagger Throw","Skewer"],"picked":"Reflex","floor":10},{"not_picked":["Dagger Throw","Underhanded Strike"],"picked":"Die Die Die","floor":11},{"not_picked":["Flying Knee","Endless Agony"],"picked":"Prepared","floor":12},{"not_picked":["Slice","Heel Hook","Backflip"],"picked":"SKIP","floor":13}],"player_experience":576628,"relics_obtained":[{"floor":7,"key":"Frozen Egg 2"},{"floor":9,"key":"Whetstone"}],"event_choices":[{"damage_healed":0,"gold_gain":0,"player_choice":"Success","damage_taken":18,"relics_obtained":["Bag of Marbles"],"max_hp_gain":0,"max_hp_loss":0,"event_name":"Scrap Ooze","floor":2,"gold_loss":0},{"damage_healed":0,"gold_gain":175,"player_choice":"AGREE","damage_taken":0,"max_hp_gain":0,"max_hp_loss":0,"event_name":"Liars Game","floor":3,"gold_loss":0,"cards_obtained":["Doubt"]}],"is_beta":false,"boss_relics":[],"items_purged_floors":[14],"is_endless":false,"potions_floor_spawned":[4,5,7,10],"killed_by":"The Guardian","ascension_level":0}