{"gold_per_floor":[112,36,36,50,66,66,94,94,94,94,119,119,145,160,160,255,255,255,255,255,255,205,205,205,205,205,205,205,205,205,205,205,205],"floor_reached":33,"playtime":2308,"items_purged":["Decay"],"score":484,"play_id":"03697d79-53fe-47fa-8d8b-89d5f31b48ad","local_time":"20190317221858","is_ascension_mode":true,"campfire_choices":[{"data":"Neutralize","floor":6,"key":"SMITH"},{"data":"Noxious Fumes","floor":8,"key":"SMITH"},{"data":"Catalyst","floor":12,"key":"SMITH"},{"floor":15,"key":"REST"},{"floor":23,"key":"REST"},{"floor":25,"key":"REST"},{"floor":29,"key":"REST"},{"floor":32,"key":"REST"}],"neow_cost":"NONE","seed_source_timestamp":74292109976985,"circlet_count":0,"master_deck":["AscendersBane","Defend_G","Defend_G","Defend_G","Defend_G","Defend_G","Strike_G","Strike_G","Strike_G","Strike_G","Strike_G","Survivor","Neutralize+1","Venomology","Quick Slash","Noxious Fumes+1","Endless Agony","Caltrops","Dagger Spray","Bandage Up","Catalyst+1","Unload","Cloak And Dagger","A Thousand Cuts","Cloak And Dagger","Well Laid Plans","Backflip","PiercingWail"],"relics":["Ring of the Snake","Oddly Smooth Stone","Ancient Tea Set","Darkstone Periapt","Shuriken","Smiling Mask","Ectoplasm","Matryoshka","Pen Nib","Snake Skull"],"potions_floor_usage":[6,7,10,13,13,16,16,18,19,20,24,24,24,24,24,30,31,33,33,33],"damage_taken":[{"damage":3,"enemies":"2 Louse","floor":1,"turns":4},{"damage":2,"enemies":"Jaw Worm","floor":4,"turns":4},{"damage":0,"enemies":"Cultist","floor":5,"turns":3},{"damage":6,"enemies":"3 Sentries","floor":7,"turns":7},{"damage":13,"enemies":"Lagavulin","floor":11,"turns":9},{"damage":24,"enemies":"Gremlin Nob","floor":13,"turns":4},{"damage":20,"enemies":"Lots of Slimes","floor":14,"turns":4},{"damage":13,"enemies":"Hexaghost","floor":16,"turns":8},{"damage":19,"enemies":"Chosen","floor":18,"turns":7},{"damage":14,"enemies":"Shell Parasite","floor":19,"turns":5},{"damage":16,"enemies":"Centurion and Healer","floor":20,"turns":6},{"damage":29,"enemies":"Slavers","floor":24,"turns":6},{"damage":13,"enemies":"3 Cultists","floor":27,"turns":4},{"damage":36,"enemies":"Cultist and Chosen","floor":28,"turns":7},{"damage":38,"enemies":"Sentry and Sphere","floor":30,"turns":6},{"damage":0,"enemies":"Centurion and Healer","floor":31,"turns":4},{"damage":48,"enemies":"Collector","floor":33,"turns":7}],"seed_played":"1840536482580088377","potions_obtained":[{"floor":5,"key":"Fruit Juice"},{"floor":7,"key":"Fruit Juice"},{"floor":13,"key":"LiquidBronze"},{"floor":14,"key":"AttackPotion"},{"floor":18,"key":"Swift Potion"},{"floor":31,"key":"PowerPotion"}],"is_trial":false,"path_per_floor":["M","$","?","M","M","R","E","R","T","?","E","R","E","M","R","B",null,"M","M","M","?","$","R","E","R","T","M","M","R","M","M","R","B"],"character_chosen":"THE_SILENT","items_purchased":["Noxious Fumes"],"campfire_rested":5,"item_purchase_floors":[2],"current_hp_per_floor":[60,60,57,55,55,60,54,54,54,59,50,50,30,14,38,29,67,52,42,30,36,36,61,36,61,61,52,20,45,11,15,40,0],"gold":205,"neow_bonus":"ONE_RANDOM_RARE_CARD","is_prod":false,"is_daily":false,"chose_seed":false,"campfire_upgraded":3,"win_rate":0,"timestamp":1552879138,"path_taken":["M","$","?","M","M","R","E","R","T","?","E","R","E","?","R","BOSS","M","?","M","?","$","R","E","R","T","M","M","R","M","M","R","BOSS"],"build_version":"2019-01-23","purchased_purges":1,"victory":false,"max_hp_per_floor":[70,70,70,70,70,75,75,75,75,80,80,80,80,80,80,80,80,80,80,80,86,86,86,86,86,86,86,86,86,86,86,86,86],"card_choices":[{"not_picked":["Bane","Flying Knee"],"picked":"Quick Slash","floor":1},{"not_picked":["Deflect","Flying Knee"],"picked":"Endless Agony","floor":4},{"not_picked":["Bane","Slice"],"picked":"Caltrops","floor":5},{"not_picked":["Bane","Blade Dance"],"picked":"Dagger Spray","floor":7},{"not_picked":["Dagger Throw","Outmaneuver"],"picked":"Catalyst","floor":11},{"not_picked":["Prepared","Quick Slash"],"picked":"Unload","floor":13},{"not_picked":["Underhanded Strike","PiercingWail"],"picked":"Cloak And Dagger","floor":14},{"not_picked":["Envenom","Glass Knife"],"picked":"A Thousand Cuts","floor":16},{"not_picked":["Deadly Poison","Blade Dance","Catalyst"],"picked":"SKIP","floor":18},{"not_picked":["Outmaneuver+1","Predator","Prepared"],"picked":"SKIP","floor":19},{"not_picked":["Deflect","Escape Plan"],"picked":"Cloak And Dagger","floor":20},{"not_picked":["Underhanded Strike","Unload"],"picked":"Well Laid Plans","floor":24},{"not_picked":["Choke","Accuracy"],"picked":"Backflip","floor":27},{"not_picked":["Dagger Throw","Outmaneuver","Dagger Spray"],"picked":"SKIP","floor":28},{"not_picked":["Underhanded Strike","Blade Dance"],"picked":"PiercingWail","floor":30},{"not_picked":["Setup","Tactician","Blade Dance"],"picked":"SKIP","floor":31}],"player_experience":603103,"relics_obtained":[{"floor":7,"key":"Ancient Tea Set"},{"floor":9,"key":"Darkstone Periapt"},{"floor":11,"key":"Shuriken"},{"floor":13,"key":"Smiling Mask"},{"floor":24,"key":"Matryoshka"},{"floor":26,"key":"Pen Nib"},{"floor":26,"key":"Snake Skull"}],"event_choices":[{"damage_healed":0,"gold_gain":0,"player_choice":"Success","damage_taken":3,"relics_obtained":["Oddly Smooth Stone"],"max_hp_gain":0,"max_hp_loss":0,"event_name":"Scrap Ooze","floor":3,"gold_loss":0},{"damage_healed":0,"gold_gain":0,"player_choice":"1 cards matched","damage_taken":0,"max_hp_gain":0,"max_hp_loss":0,"event_name":"Match and Keep!","floor":10,"gold_loss":0,"cards_obtained":["Bandage Up"]},{"damage_healed":0,"gold_gain":0,"player_choice":"Smashed Altar","damage_taken":0,"max_hp_gain":0,"max_hp_loss":0,"event_name":"Forgotten Altar","floor":21,"gold_loss":0,"cards_obtained":["Decay"]}],"is_beta":false,"boss_relics":[{"not_picked":["Sozu","White Beast Statue"],"picked":"Ectoplasm"}],"items_purged_floors":[22],"is_endless":false,"potions_floor_spawned":[5,7,13,14,18,19,31],"killed_by":"Collector","ascension_level":12}