{"gold_per_floor":[114,129,146,163,175,175,201,201,201,201,232,232],"floor_reached":12,"playtime":440,"items_purged":[],"score":171,"play_id":"51db7f8c-cb70-4d3c-9f26-4cb4b60a1b5b","local_time":"20181121234205","is_ascension_mode":true,"campfire_choices":[{"data":"Bash","floor":6,"key":"SMITH"},{"data":"Armaments","floor":10,"key":"SMITH"}],"neow_cost":"NONE","seed_source_timestamp":624850555001949,"circlet_count":0,"master_deck":["AscendersBane","Strike_R","Strike_R","Strike_R","Strike_R","Strike_R","Defend_R","Defend_R","Defend_R","Defend_R","Bash+1","Corruption","Armaments+1","Disarm","Pommel Strike","Ghostly Armor"],"relics":["Burning Blood","Blood Vial","Bottled Flame","Charon\u0027s Ashes"],"potions_floor_usage":[5,7],"damage_taken":[{"damage":6,"enemies":"Cultist","floor":1,"turns":3},{"damage":0,"enemies":"2 Louse","floor":2,"turns":3},{"damage":4,"enemies":"Jaw Worm","floor":3,"turns":4},{"damage":9,"enemies":"3 Louse","floor":4,"turns":4},{"damage":5,"enemies":"Lots of Slimes","floor":5,"turns":3},{"damage":72,"enemies":"3 Sentries","floor":7,"turns":12},{"damage":13,"enemies":"Lagavulin","floor":11,"turns":7},{"damage":16,"enemies":"Large Slime","floor":12,"turns":3}],"seed_played":"-5802770030072452882","potions_obtained":[{"floor":2,"key":"Explosive Potion"},{"floor":3,"key":"GamblersBrew"}],"is_trial":false,"path_per_floor":["M","M","M","M","M","R","E","?","T","R","E","M"],"character_chosen":"IRONCLAD","items_purchased":[],"campfire_rested":0,"item_purchase_floors":[],"current_hp_per_floor":[75,81,82,79,80,80,14,14,14,14,9,0],"gold":232,"neow_bonus":"TEN_PERCENT_HP_BONUS","is_prod":false,"is_daily":false,"chose_seed":false,"campfire_upgraded":2,"win_rate":0,"timestamp":1542840125,"path_taken":["M","?","M","M","M","R","E","?","T","R","E","?"],"build_version":"2018-11-15","purchased_purges":0,"victory":false,"max_hp_per_floor":[82,82,82,82,82,82,82,82,82,82,82,82],"card_choices":[{"not_picked":["Iron Wave","Clash"],"picked":"Corruption","floor":1},{"not_picked":["Sword Boomerang","Corruption"],"picked":"Armaments","floor":2},{"not_picked":["Perfected Strike","Pommel Strike"],"picked":"Disarm","floor":3},{"not_picked":["Flex","Thunderclap","Second Wind"],"picked":"SKIP","floor":4},{"not_picked":["Iron Wave","Intimidate"],"picked":"Pommel Strike","floor":5},{"not_picked":["Armaments","Berserk"],"picked":"Ghostly Armor","floor":7},{"not_picked":["Offering","Rampage","Bloodletting"],"picked":"SKIP","floor":11}],"player_experience":371200,"relics_obtained":[{"floor":7,"key":"Blood Vial"},{"floor":9,"key":"Bottled Flame"},{"floor":11,"key":"Charon\u0027s Ashes"}],"event_choices":[{"damage_healed":0,"gold_gain":0,"player_choice":"0 cards matched","damage_taken":0,"max_hp_gain":0,"max_hp_loss":0,"event_name":"Match and Keep!","floor":8,"gold_loss":0,"cards_obtained":[]}],"is_beta":true,"boss_relics":[],"items_purged_floors":[],"is_endless":false,"potions_floor_spawned":[2,3],"killed_by":"Large Slime","ascension_level":18}