{"path_per_floor":["M","M","?","M","$","E","M","E","T","M","R","M","?","M","R","B",null,"M","$","M","M","?","R","M","R","T","E","M","$","E","M","R","B",null,"M","M","M","$","?","R","M","R","T","$","M","R","M","M","R","B"],"character_chosen":"DEFECT","items_purchased":["Sunder","Fusion","Heatsinks","Capacitor","Sunder","Lantern","Regen Potion"],"gold_per_floor":[113,123,223,242,100,131,142,177,200,215,215,228,228,248,248,353,353,363,55,70,86,86,86,102,102,102,135,149,95,121,139,139,244,244,258,278,291,26,26,26,43,43,43,43,57,57,72,82,82,82],"floor_reached":51,"campfire_rested":6,"playtime":4398,"current_hp_per_floor":[75,74,74,73,73,49,49,33,33,33,55,55,55,52,52,27,75,66,66,61,48,34,58,37,61,61,42,38,38,30,36,60,21,80,80,24,16,16,16,40,42,66,66,66,54,54,56,67,67,44],"items_purged":["Strike_B","Defend_B"],"gold":82,"score":655,"play_id":"e6d38c6c-ac2a-4482-8cee-ce70726c9252","local_time":"20180502122341","is_prod":false,"is_daily":false,"chose_seed":false,"is_ascension_mode":false,"campfire_upgraded":3,"timestamp":1525256621,"path_taken":["M","M","?","M","$","E","?","E","T","M","R","M","?","M","R","BOSS","M","$","?","M","?","R","M","R","T","E","M","$","E","M","R","BOSS","M","M","?","$","?","R","M","R","T","$","?","R","M","M","R","BOSS"],"build_version":"2018-05-01v2","seed_source_timestamp":2874090517112,"purchased_purges":4,"victory":true,"master_deck":["Strike_B","Strike_B+1","Strike_B","Defend_B","Defend_B","Defend_B","Zap","Dualcast","Rebound","Cold Snap+1","Static Discharge","Sunder","Go for the Eyes+1","Glacier","Creative AI+1","Multi-Cast","Defragment+1","Chill+1","Double Energy","Ball Lightning","Fusion","Heatsinks","Rip and Tear","Glacier+1","Auto Shields+1","Capacitor","Redo","Reinforced Body+1","Sunder","Enlightenment","Force Field+1","Buffer+1","Defragment"],"max_hp_per_floor":[75,75,75,75,75,75,75,75,75,75,75,75,75,75,75,75,75,75,75,75,75,80,80,80,80,80,80,80,80,80,80,80,80,80,80,80,80,80,80,80,80,80,80,80,80,80,80,80,80,80],"relics":["Velvet Choker","Gambling Chip","Vajra","Whetstone","Orrery","Gremlin Horn","Blood Vial","Happy Flower","Snecko Eye","Lantern","Mercury Hourglass"],"card_choices":[{"not_picked":["Beam Cell","FTL"],"picked":"Rebound","floor":1},{"not_picked":["Undo","Capacitor"],"picked":"Cold Snap","floor":2},{"not_picked":["Capacitor","Sweeping Beam"],"picked":"Static Discharge","floor":4},{"not_picked":["Rebound","Stack"],"picked":"Go for the Eyes","floor":6},{"not_picked":["Turbo","Ball Lightning"],"picked":"Glacier","floor":10},{"not_picked":["Barrage","Leap"],"picked":"Creative AI","floor":12},{"not_picked":["Reboot","Seek"],"picked":"Multi-Cast","floor":16},{"not_picked":["Blaster","Skim"],"picked":"Defragment","floor":17},{"not_picked":["Beam Cell","Skim"],"picked":"Chill","floor":17},{"not_picked":["Ball Lightning","Beam Cell"],"picked":"Double Energy","floor":17},{"not_picked":["Rebound","Leap"],"picked":"Ball Lightning","floor":17},{"not_picked":["Chaos","Gash"],"picked":"Rip and Tear","floor":21},{"not_picked":["Conserve Battery","Chill"],"picked":"Glacier","floor":24},{"not_picked":["Impulse","Chaos"],"picked":"Auto Shields","floor":28},{"not_picked":["Amplify","Multi-Cast"],"picked":"Redo","floor":33},{"not_picked":["Stack","Static Discharge"],"picked":"Reinforced Body","floor":37},{"not_picked":["Secret Weapon","Purity"],"picked":"Enlightenment","floor":39},{"not_picked":["Streamline","Blizzard"],"picked":"Force Field","floor":41},{"not_picked":["Chill","Capacitor"],"picked":"Buffer","floor":45},{"not_picked":["Storm","Lockon"],"picked":"Defragment","floor":47}],"player_experience":32728,"potions_floor_usage":[33,33,37,48,50,50],"damage_taken":[{"damage":0,"enemies":"Small Slimes","floor":1,"turns":3},{"damage":1,"enemies":"Cultist","floor":2,"turns":3},{"damage":1,"enemies":"Jaw Worm","floor":4,"turns":4},{"damage":24,"enemies":"Gremlin Nob","floor":6,"turns":4},{"damage":0,"enemies":"Looter","floor":7,"turns":4},{"damage":16,"enemies":"Lagavulin","floor":8,"turns":4},{"damage":0,"enemies":"Red Slaver","floor":10,"turns":4},{"damage":0,"enemies":"Exordium Thugs","floor":12,"turns":3},{"damage":3,"enemies":"Looter","floor":14,"turns":3},{"damage":25,"enemies":"The Guardian","floor":16,"turns":11},{"damage":9,"enemies":"3 Byrds","floor":18,"turns":4},{"damage":5,"enemies":"Chosen","floor":20,"turns":6},{"damage":13,"enemies":"Sentry and Sphere","floor":21,"turns":6},{"damage":21,"enemies":"Cultist and Chosen","floor":24,"turns":9},{"damage":19,"enemies":"Gremlin Leader","floor":27,"turns":8},{"damage":6,"enemies":"Snecko","floor":28,"turns":7},{"damage":10,"enemies":"Book of Stabbing","floor":30,"turns":7},{"damage":0,"enemies":"Centurion and Healer","floor":31,"turns":9},{"damage":41,"enemies":"Champ","floor":33,"turns":11},{"damage":0,"enemies":"Flame Bruiser 1 Orb","floor":35,"turns":10},{"damage":56,"enemies":"3 Darklings","floor":36,"turns":6},{"damage":10,"enemies":"4 Shapes","floor":37,"turns":5},{"damage":0,"enemies":"Sphere and 2 Shapes","floor":41,"turns":6},{"damage":14,"enemies":"Spire Growth","floor":45,"turns":7},{"damage":0,"enemies":"4 Shapes","floor":47,"turns":5},{"damage":0,"enemies":"Flame Bruiser 2 Orb","floor":48,"turns":5},{"damage":25,"enemies":"Awakened One","floor":50,"turns":17}],"event_choices":[{"event_name":"Wheel of Change","player_choice":"Gold","floor":3,"damage_taken":0},{"event_name":"Accursed Blacksmith","player_choice":"Forge","floor":13,"damage_taken":0},{"event_name":"Forgotten Altar","player_choice":"Shed Blood","floor":22,"damage_taken":0},{"event_name":"SensoryStone","player_choice":"Memory 1","floor":39,"damage_taken":0}],"boss_relics":[{"not_picked":["Cursed Key","Philosopher\u0027s Stone"],"picked":"Orrery"},{"not_picked":["Tiny House","Calling Bell"],"picked":"Snecko Eye"}],"potions_floor_spawned":[2,6,7,14,18,30,31,45,47,48],"seed_played":"2912500297845222886","ascension_level":0,"is_trial":false}