{"gold_per_floor":[109,122,122,122,132,132,163,163,186,202,215,215,225,257,257,355,355,374,344,18,18,18,43,43,71,141,154,154,170,186,202,202,202],"floor_reached":33,"playtime":1478,"items_purged":["Defend_B"],"score":446,"play_id":"3e686d10-3710-4d2a-95d2-481de0926513","local_time":"20180917023235","is_ascension_mode":true,"campfire_choices":[{"data":"Dualcast","floor":6,"key":"SMITH"},{"floor":8,"key":"REST"},{"data":"Loop","floor":12,"key":"SMITH"},{"floor":15,"key":"REST"},{"floor":24,"key":"REST"},{"floor":28,"key":"REST"},{"floor":32,"key":"REST"}],"neow_cost":"NONE","seed_source_timestamp":135184111501022,"circlet_count":0,"master_deck":["Strike_B+1","Strike_B+1","Strike_B+1","Defend_B","Defend_B","Defend_B","Zap","Dualcast+1","AscendersBane","Sunder+1","Loop+1","Reboot","Buffer","Self Repair+1","Conserve Battery+1","Sweeping Beam+1"],"relics":["Cracked Core","Omamori","Whetstone","Mercury Hourglass","Cursed Key","Frozen Egg 2","Orichalcum","Lantern","Ornamental Fan"],"potions_floor_usage":[7,14,18,23,23,23,25,30],"damage_taken":[{"damage":3,"enemies":"Jaw Worm","floor":1,"turns":5},{"damage":0,"enemies":"Small Slimes","floor":2,"turns":2},{"damage":0,"enemies":"2 Louse","floor":5,"turns":1},{"damage":42,"enemies":"Lagavulin","floor":7,"turns":7},{"damage":0,"enemies":"Exordium Wildlife","floor":10,"turns":3},{"damage":6,"enemies":"Exordium Thugs","floor":11,"turns":2},{"damage":6,"enemies":"Lots of Slimes","floor":13,"turns":3},{"damage":6,"enemies":"Gremlin Nob","floor":14,"turns":3},{"damage":48,"enemies":"The Guardian","floor":16,"turns":9},{"damage":1,"enemies":"2 Thieves","floor":18,"turns":2},{"damage":53,"enemies":"Book of Stabbing","floor":23,"turns":5},{"damage":30,"enemies":"Gremlin Leader","floor":25,"turns":6},{"damage":11,"enemies":"Shell Parasite","floor":27,"turns":4},{"damage":33,"enemies":"Centurion and Healer","floor":29,"turns":4},{"damage":0,"enemies":"3 Cultists","floor":30,"turns":4},{"damage":26,"enemies":"Shelled Parasite and Fungi","floor":31,"turns":5},{"damage":37,"enemies":"Automaton","floor":33,"turns":4}],"seed_played":"7398537185769491696","potions_obtained":[{"floor":2,"key":"Regen Potion"},{"floor":7,"key":"Energy Potion"},{"floor":13,"key":"EssenceOfSteel"},{"floor":14,"key":"Fire Potion"},{"floor":18,"key":"GamblersBrew"},{"floor":19,"key":"Explosive Potion"},{"floor":19,"key":"SpeedPotion"},{"floor":23,"key":"Weak Potion"},{"floor":29,"key":"Fire Potion"},{"floor":31,"key":"GamblersBrew"}],"is_trial":false,"path_per_floor":["M","M","?","?","M","R","E","R","T","M","M","R","M","E","R","B",null,"M","?","$","?","?","E","R","E","T","M","R","M","M","M","R"],"character_chosen":"DEFECT","items_purchased":["Frozen Egg 2"],"campfire_rested":5,"item_purchase_floors":[20],"current_hp_per_floor":[65,65,50,75,75,75,45,67,67,67,61,61,55,49,71,23,62,61,61,61,61,61,18,40,20,20,19,41,18,28,12,34,0],"gold":202,"neow_bonus":"REMOVE_CARD","is_prod":false,"is_daily":false,"chose_seed":false,"campfire_upgraded":2,"win_rate":0,"timestamp":1537144355,"path_taken":["M","M","?","?","?","R","E","R","T","M","M","R","M","E","R","BOSS","M","?","$","?","?","E","R","E","T","M","R","?","M","M","R","BOSS"],"build_version":"2018-09-06","purchased_purges":1,"victory":false,"max_hp_per_floor":[75,75,75,75,75,75,75,75,75,75,75,75,75,75,75,75,75,75,75,75,75,75,75,75,75,75,75,75,75,75,75,75,75],"card_choices":[{"not_picked":["Coolheaded","Streamline"],"picked":"Sunder","floor":1},{"not_picked":["Redo","Cold Snap","Barrage"],"picked":"SKIP","floor":2},{"not_picked":["Skim","Turbo","Redo"],"picked":"SKIP","floor":5},{"not_picked":["Redo","Steam Power","Rebound"],"picked":"SKIP","floor":7},{"not_picked":["Coolheaded","Compile Driver"],"picked":"Loop","floor":10},{"not_picked":["Leap","Streamline","Rainbow"],"picked":"SKIP","floor":11},{"not_picked":["Barrage","Redo","Streamline"],"picked":"SKIP","floor":13},{"not_picked":["Beam Cell","Cold Snap"],"picked":"Reboot","floor":14},{"not_picked":["Rainbow","Core Surge"],"picked":"Buffer","floor":16},{"not_picked":["Auto Shields","Coolheaded","Leap"],"picked":"SKIP","floor":18},{"not_picked":["Beam Cell","Leap"],"picked":"Conserve Battery+1","floor":23},{"not_picked":["Lockon","Ball Lightning+1","Consume"],"picked":"SKIP","floor":25},{"not_picked":["Redo","Rebound+1","Hyperbeam"],"picked":"SKIP","floor":27},{"not_picked":["Recycle","Barrage","Cold Snap"],"picked":"SKIP","floor":29},{"not_picked":["Turbo","Gash+1"],"picked":"Sweeping Beam+1","floor":30},{"not_picked":["Go for the Eyes","Compile Driver","Sweeping Beam"],"picked":"SKIP","floor":31}],"player_experience":269003,"relics_obtained":[{"floor":7,"key":"Omamori"},{"floor":9,"key":"Whetstone"},{"floor":14,"key":"Mercury Hourglass"},{"floor":23,"key":"Orichalcum"},{"floor":25,"key":"Lantern"},{"floor":26,"key":"Ornamental Fan"}],"event_choices":[{"event_name":"Shining Light","player_choice":"Entered Light","floor":3,"damage_taken":0},{"event_name":"Big Fish","player_choice":"Banana","floor":4,"damage_taken":0},{"event_name":"The Woman in Blue","player_choice":"Bought 2 Potions","floor":19,"damage_taken":0},{"event_name":"Ghosts","player_choice":"Ignored","floor":21,"damage_taken":0},{"event_name":"The Library","player_choice":"Read","floor":22,"damage_taken":0}],"is_beta":false,"boss_relics":[{"not_picked":["Philosopher\u0027s Stone","Pandora\u0027s Box"],"picked":"Cursed Key"}],"items_purged_floors":[20],"is_endless":false,"potions_floor_spawned":[2,7,13,14,18,23,29,31],"killed_by":"Automaton","ascension_level":10}