{"gold_per_floor":[117,133,144,161,176,210,210,210,210,124,137,150,150,179,179,274,274,287,287,306,306,4,18,44,44,97,115,115,115,115,27,27,27],"floor_reached":33,"playtime":2370,"items_purged":["Strike_G","Strike_G"],"score":408,"play_id":"98def1f5-2dd4-4a05-8dcd-0c9a8d9b0434","local_time":"20190104170222","is_ascension_mode":true,"campfire_choices":[{"floor":8,"key":"REST"},{"floor":13,"key":"REST"},{"floor":15,"key":"REST"},{"floor":25,"key":"REST"},{"floor":28,"key":"RECALL"},{"data":"Cloak And Dagger","floor":30,"key":"SMITH"},{"floor":32,"key":"REST"}],"neow_cost":"NONE","seed_source_timestamp":876618700837920,"circlet_count":0,"master_deck":["Defend_G","Defend_G+1","Defend_G","Defend_G","Defend_G","Strike_G","Strike_G","Survivor+1","Neutralize","Leg Sweep","Deadly Poison","Bouncing Flask","Backflip","After Image","Footwork","Adrenaline","Cloak And Dagger","Dash","Cloak And Dagger+1","Cloak And Dagger","PiercingWail","RitualDagger","Corpse Explosion","Backstab+1","Accuracy","Die Die Die+1"],"relics":["Ring of the Snake","War Paint","Smiling Mask","Dream Catcher","Lantern","WristBlade","MutagenicStrength","Ice Cream","Molten Egg 2","Bottled Tornado"],"potions_floor_usage":[6,6,14,14,24,24],"damage_taken":[{"damage":6,"enemies":"Cultist","floor":1,"turns":4},{"damage":9,"enemies":"Jaw Worm","floor":2,"turns":4},{"damage":0,"enemies":"Small Slimes","floor":3,"turns":4},{"damage":15,"enemies":"3 Louse","floor":4,"turns":6},{"damage":2,"enemies":"Blue Slaver","floor":5,"turns":4},{"damage":23,"enemies":"3 Sentries","floor":6,"turns":12},{"damage":2,"enemies":"Large Slime","floor":11,"turns":8},{"damage":1,"enemies":"Red Slaver","floor":12,"turns":5},{"damage":0,"enemies":"Lagavulin","floor":14,"turns":6},{"damage":4,"enemies":"Hexaghost","floor":16,"turns":10},{"damage":2,"enemies":"Shell Parasite","floor":18,"turns":10},{"damage":4,"enemies":"Spheric Guardian","floor":20,"turns":6},{"damage":0,"enemies":"Shelled Parasite and Fungi","floor":23,"turns":10},{"damage":35,"enemies":"Book of Stabbing","floor":24,"turns":8},{"damage":4,"enemies":"Snake Plant","floor":27,"turns":6},{"damage":63,"enemies":"Champ","floor":33,"turns":14}],"seed_played":"8744257595484033265","potions_obtained":[{"floor":2,"key":"SkillPotion"},{"floor":4,"key":"Poison Potion"},{"floor":5,"key":"Poison Potion"},{"floor":6,"key":"LiquidBronze"},{"floor":11,"key":"Energy Potion"},{"floor":18,"key":"Weak Potion"},{"floor":24,"key":"SteroidPotion"},{"floor":27,"key":"SteroidPotion"}],"is_trial":false,"path_per_floor":["M","M","M","M","M","E","?","R","T","$","M","M","R","E","R","B",null,"M","?","M","?","$","M","E","R","T","M","R","T","R","$","R","B"],"character_chosen":"THE_SILENT","items_purchased":["Footwork","Ice Cream","Accuracy"],"campfire_rested":5,"item_purchase_floors":[10,22,31],"current_hp_per_floor":[57,48,48,33,31,8,8,29,29,29,27,26,47,47,68,64,69,67,67,63,57,57,57,22,43,43,39,39,39,39,39,60,0],"gold":27,"neow_bonus":"RANDOM_COMMON_RELIC","is_prod":false,"is_daily":false,"chose_seed":false,"campfire_upgraded":1,"win_rate":0,"timestamp":1546642942,"path_taken":["M","?","M","M","M","E","?","R","T","$","M","M","R","E","R","BOSS","M","?","M","?","$","M","E","R","T","M","R","?","R","$","R","BOSS"],"build_version":"2019-01-03v4","purchased_purges":2,"victory":false,"max_hp_per_floor":[70,70,70,70,70,70,70,70,70,70,70,70,70,70,70,70,70,70,70,70,70,70,70,70,70,70,70,70,70,70,70,70,70],"card_choices":[{"not_picked":["Deflect","Blur","Underhanded Strike"],"picked":"SKIP","floor":1},{"not_picked":["Prepared","All Out Attack"],"picked":"Leg Sweep","floor":2},{"not_picked":["Underhanded Strike","Poisoned Stab"],"picked":"Deadly Poison","floor":3},{"not_picked":["Deflect","Concentrate"],"picked":"Bouncing Flask","floor":4},{"not_picked":["Concentrate","Choke","Leg Sweep"],"picked":"SKIP","floor":5},{"not_picked":["Outmaneuver","Quick Slash"],"picked":"Backflip","floor":6},{"not_picked":["Cloak And Dagger","Masterful Stab"],"picked":"Adrenaline","floor":11},{"not_picked":["Outmaneuver","Dagger Throw"],"picked":"Cloak And Dagger","floor":12},{"not_picked":["Dodge and Roll","Blur"],"picked":"Dash","floor":13},{"not_picked":["Slice","Outmaneuver"],"picked":"Cloak And Dagger","floor":14},{"not_picked":["Dodge and Roll","Prepared"],"picked":"Cloak And Dagger","floor":18},{"not_picked":["Sucker Punch","All Out Attack"],"picked":"PiercingWail","floor":20},{"not_picked":["Eviscerate","Concentrate","Poisoned Stab"],"picked":"SKIP","floor":23},{"not_picked":["PiercingWail","Footwork"],"picked":"Corpse Explosion","floor":24},{"not_picked":["Cloak And Dagger","Skewer+1"],"picked":"Backstab+1","floor":27},{"not_picked":["Catalyst","Sucker Punch+1"],"picked":"Die Die Die+1","floor":32}],"player_experience":398253,"relics_obtained":[{"floor":6,"key":"Smiling Mask"},{"floor":9,"key":"Dream Catcher"},{"floor":14,"key":"Lantern"},{"floor":24,"key":"Molten Egg 2"},{"floor":29,"key":"Bottled Tornado"}],"event_choices":[{"damage_healed":0,"gold_gain":0,"cards_transformed":["Strike_G"],"player_choice":"Change","damage_taken":0,"max_hp_gain":0,"max_hp_loss":0,"event_name":"Living Wall","floor":7,"gold_loss":0,"cards_obtained":["After Image"]},{"damage_healed":0,"gold_gain":0,"player_choice":"Inject Mutagens","damage_taken":0,"relics_obtained":["MutagenicStrength"],"max_hp_gain":0,"max_hp_loss":0,"event_name":"Drug Dealer","floor":19,"gold_loss":0},{"damage_healed":0,"gold_gain":0,"player_choice":"Joined the Cult","damage_taken":6,"max_hp_gain":0,"max_hp_loss":0,"event_name":"Nest","floor":21,"gold_loss":0,"cards_obtained":["RitualDagger"]}],"is_beta":false,"boss_relics":[{"not_picked":["Astrolabe","Cursed Key"],"picked":"WristBlade"}],"items_purged_floors":[10,31],"is_endless":false,"potions_floor_spawned":[2,4,5,6,11,18,24,27],"killed_by":"Champ","ascension_level":7}