{"path_per_floor":["M","?","M","M","?","R","M","R","T","?","M","M","E","$","R","B",null,"M","?","M","M","?","E","M","R","T","M","$","?","E","$","R","B",null,"M","$","M","M"],"character_chosen":"THE_SILENT","items_purchased":["Apotheosis","All Out Attack"],"gold_per_floor":[111,111,135,155,155,155,176,176,176,176,201,217,251,35,35,163,163,181,96,121,137,137,170,190,190,190,213,138,138,182,82,82,202,202,218,93,112,137],"floor_reached":39,"campfire_rested":1,"playtime":6774,"current_hp_per_floor":[69,55,54,52,45,45,45,45,45,62,60,60,44,44,44,56,70,70,70,70,69,69,69,58,58,58,57,57,41,22,22,42,34,67,25,25,40,21],"items_purged":["Strike_G","Parasite","Sucker Punch"],"gold":137,"play_id":"0d16d052-2c1c-4adf-bb67-7a4a407628ff","is_prod":false,"is_daily":false,"campfire_rituals":0,"campfire_upgraded":4,"is_hardmode":false,"path_taken":["M","?","M","M","?","R","?","R","T","?","M","?","E","$","R","BOSS","M","?","M","M","?","E","M","R","T","M","$","?","E","$","R","BOSS","M","$","?","M","?"],"build_version":"2017-12-21-PROD1","purchased_purges":4,"victory":false,"master_deck":["Defend_G","Defend_G","Defend_G","Defend_G","Defend_G","Survivor","Neutralize","All Out Attack","Backflip","Dagger Throw","Terror","Blur","Backflip","Apotheosis","All Out Attack","Tools of the Trade","Dagger Spray","Noxious Fumes","Noxious Fumes","Infinite Blades","Noxious Fumes","Tools of the Trade","Terror","Envenom","Endless Agony","Dodge and Roll","Flying Knee","Backflip"],"max_hp_per_floor":[70,70,70,70,70,70,70,70,70,70,70,70,70,70,70,70,70,70,70,70,70,70,70,70,70,70,70,70,70,70,67,67,67,67,67,67,67,67],"relics":["Ring of the Snake","Golden Idol","Gambling Chip","Pantograph","Question Card","Toolbox","Dream Catcher","Bird Faced Urn","Oddly Smooth Stone","Nilry\u0027s Codex","Omamori","Astrolabe"],"campfire_meditates":0,"card_choices":[{"not_picked":["Deadly Poison","Deflect"],"picked":"All Out Attack"},{"not_picked":["Distraction","Riddle With Holes"],"picked":"Backflip"},{"not_picked":["Quick Slash","Prepared"],"picked":"Dagger Throw"},{"not_picked":["Acrobatics","Outmaneuver"],"picked":"Sucker Punch"},{"not_picked":["Outmaneuver","Blur"],"picked":"Terror"},{"not_picked":["Deadly Poison","Backflip"],"picked":"Blur"},{"not_picked":["Eviscerate","Escape Plan"],"picked":"Backflip"},{"not_picked":["After Image","Doppelganger"],"picked":"Tools of the Trade"},{"not_picked":["Calculated Gamble","Quick Slash","Prepared"],"picked":"Dagger Spray"},{"not_picked":["Dodge and Roll","Poisoned Stab","Well Laid Plans"],"picked":"Noxious Fumes"},{"not_picked":["Quick Slash","Caltrops","Slice"],"picked":"Noxious Fumes"},{"not_picked":["Masterful Stab","Well Laid Plans","Deflect"],"picked":"Infinite Blades"},{"not_picked":["Poisoned Stab","Backflip","Dodge and Roll"],"picked":"Noxious Fumes"},{"not_picked":["Doppelganger","Envenom","Bullet Time"],"picked":"Tools of the Trade"},{"not_picked":["Riddle With Holes","PiercingWail","Dash"],"picked":"Dodge and Roll"},{"not_picked":["All Out Attack","Outmaneuver","Backflip"],"picked":"Flying Knee"},{"not_picked":["Blade Dance","Sucker Punch","Acrobatics"],"picked":"Backflip"}],"player_experience":12121,"potions_floor_usage":[13,33,39],"damage_taken":[{"damage":1,"enemies":"Cultist","floor":1,"turns":4},{"damage":1,"enemies":"Jaw Worm","floor":3,"turns":5},{"damage":2,"enemies":"Blue Slaver","floor":4,"turns":6},{"damage":0,"enemies":"Lots of Slimes","floor":7,"turns":1},{"damage":2,"enemies":"2 Fungi Beasts","floor":11,"turns":2},{"damage":0,"enemies":"Exordium Wildlife","floor":12,"turns":2},{"damage":16,"enemies":"Lagavulin","floor":13,"turns":6},{"damage":13,"enemies":"Slime Boss","floor":16,"turns":9},{"damage":0,"enemies":"Shell Parasite","floor":18,"turns":3},{"damage":0,"enemies":"Chosen","floor":20,"turns":4},{"damage":1,"enemies":"Snecko","floor":21,"turns":4},{"damage":0,"enemies":"Gremlin Leader","floor":23,"turns":5},{"damage":12,"enemies":"Snake Plant","floor":24,"turns":4},{"damage":7,"enemies":"3 Cultists","floor":27,"turns":4},{"damage":27,"enemies":"Slavers","floor":30,"turns":5},{"damage":35,"enemies":"Collector","floor":33,"turns":9},{"damage":44,"enemies":"3 Darklings","floor":35,"turns":4},{"damage":1,"enemies":"Orb Walker","floor":37,"turns":5},{"damage":29,"enemies":"3 Darklings","floor":38,"turns":4},{"damage":33,"enemies":"Sphere and 2 Shapes","floor":39,"turns":3}],"event_choices":[{"event_name":"Golden Idol","player_choice":"Take Damage","floor":2,"damage_taken":0},{"event_name":"Golden Wing","player_choice":"Card Removal","floor":5,"damage_taken":0},{"event_name":"Mushrooms","player_choice":"Healed and dodged fight","floor":10,"damage_taken":0},{"event_name":"Addict","player_choice":"Obtained Relic","floor":19,"damage_taken":0},{"event_name":"The Mausoleum","player_choice":"Yes","floor":22,"damage_taken":0},{"event_name":"Cursed Tome","player_choice":"Obtained Book","floor":29,"damage_taken":0}],"boss_relics":[{"not_picked":["Sozu","Eternal Feather"],"picked":"Question Card"},{"not_picked":["Orrery","White Beast Statue"],"picked":"Astrolabe"}],"potions_floor_spawned":[4,7,11,13,20,23,33],"seed_played":"2016551743862515729","killed_by":"Sphere and 2 Shapes","is_trial":false}