{"gold_per_floor":[109,120,96,116,116,143,143,143,143,143,155,173,173,185,185,282,282,298,92,103,117,117],"floor_reached":22,"playtime":1190,"items_purged":[],"score":213,"play_id":"98efc84a-d65c-41af-a3dd-36390f80db35","local_time":"20180906180332","is_ascension_mode":false,"campfire_choices":[{"floor":8,"key":"REST"},{"floor":10,"key":"REST"},{"floor":15,"key":"REST"}],"neow_cost":"NONE","seed_source_timestamp":31004908999906,"circlet_count":0,"master_deck":["Zap","Dualcast","Ball Lightning","Tempest+1","Capacitor","Storm","White Noise","Barrage","Storm","Creative AI","Stack","Barrage","Barrage","Turbo","Conserve Battery","Hologram","Melter","Redo","Ball Lightning","Hello World+1","Capacitor"],"relics":["Cracked Core","Kunai","Pear","Pandora\u0027s Box","Lantern"],"potions_floor_usage":[16,21,22,22],"damage_taken":[{"damage":11,"enemies":"Small Slimes","floor":1,"turns":3},{"damage":11,"enemies":"2 Louse","floor":2,"turns":2},{"damage":1,"enemies":"Cultist","floor":4,"turns":3},{"damage":35,"enemies":"3 Sentries","floor":6,"turns":6},{"damage":12,"enemies":"Blue Slaver","floor":11,"turns":2},{"damage":21,"enemies":"Lots of Slimes","floor":12,"turns":4},{"damage":20,"enemies":"Looter","floor":14,"turns":3},{"damage":35,"enemies":"Slime Boss","floor":16,"turns":8},{"damage":32,"enemies":"3 Byrds","floor":18,"turns":4},{"damage":32,"enemies":"Shell Parasite","floor":20,"turns":4},{"damage":11,"enemies":"Cultist and Chosen","floor":21,"turns":4},{"damage":20,"enemies":"Snecko","floor":22,"turns":3}],"seed_played":"-6650994737371634521","potions_obtained":[{"floor":4,"key":"Weak Potion"},{"floor":12,"key":"Regen Potion"},{"floor":14,"key":"Poison Potion"},{"floor":16,"key":"FocusPotion"},{"floor":20,"key":"Energy Potion"}],"is_trial":false,"path_per_floor":["M","M","?","M","?","E","$","R","T","R","M","M","?","M","R","B",null,"M","$","M","M"],"character_chosen":"DEFECT","items_purchased":["Lantern","Ball Lightning"],"campfire_rested":3,"item_purchase_floors":[19,19],"current_hp_per_floor":[71,60,60,59,59,24,24,48,58,85,73,52,52,32,59,39,92,60,60,28,17,0],"gold":117,"neow_bonus":"TEN_PERCENT_HP_BONUS","is_prod":false,"is_daily":false,"chose_seed":false,"campfire_upgraded":0,"win_rate":0.0,"timestamp":1536253412,"path_taken":["M","M","?","?","?","E","$","R","T","R","M","M","?","M","R","BOSS","M","$","M","M","?"],"build_version":"2018-08-30","purchased_purges":0,"victory":false,"max_hp_per_floor":[82,82,82,82,82,82,82,82,92,92,92,92,92,92,92,92,92,92,92,92,92,92],"card_choices":[{"not_picked":["Redo","Static Discharge"],"picked":"Ball Lightning","floor":1},{"not_picked":["Turbo","Steam"],"picked":"Tempest","floor":2},{"not_picked":["Darkness","Steam Power"],"picked":"Capacitor","floor":4},{"not_picked":["Barrage","Turbo"],"picked":"Storm","floor":6},{"not_picked":["Reprogram","Gash"],"picked":"White Noise","floor":11},{"not_picked":["Hologram","Gash"],"picked":"Barrage","floor":12},{"not_picked":["Barrage","Sweeping Beam"],"picked":"Storm","floor":14},{"not_picked":["Multi-Cast","All For One"],"picked":"Creative AI","floor":16},{"not_picked":["Gash","Sweeping Beam","Beam Cell"],"picked":"SKIP","floor":18},{"not_picked":["Cold Snap+1","Hologram"],"picked":"Hello World+1","floor":20},{"not_picked":["Turbo","Leap"],"picked":"Capacitor","floor":21}],"player_experience":134165,"relics_obtained":[{"floor":6,"key":"Kunai"},{"floor":9,"key":"Pear"}],"event_choices":[{"event_name":"World of Goop","player_choice":"Left","floor":3,"damage_taken":0},{"event_name":"Upgrade Shrine","player_choice":"Upgraded","floor":5,"damage_taken":0},{"event_name":"Golden Wing","player_choice":"Ignored","floor":13,"damage_taken":0}],"is_beta":false,"boss_relics":[{"not_picked":["Empty Cage","Calling Bell"],"picked":"Pandora\u0027s Box"}],"items_purged_floors":[],"is_endless":false,"potions_floor_spawned":[4,12,14,16,20],"killed_by":"Snecko","ascension_level":0}