{"gold_per_floor":[10,22,37,37,52,52,70,70,97,117,42,42,57,73,73,146,146,164,184,0,0,12,40,40,50,50,50,65,65,75,75,75,153,153,173,34,34,34,34],"floor_reached":40,"playtime":3016,"items_purged":["Strike_B","Defend_B"],"score":1040,"play_id":"dae966a6-914c-44d2-9bf6-61259910e954","local_time":"20180923230316","is_ascension_mode":true,"campfire_choices":[{"data":"Zap","floor":6,"key":"SMITH"},{"data":"Dualcast","floor":8,"key":"SMITH"},{"data":"Ball Lightning","floor":12,"key":"SMITH"},{"data":"White Noise","floor":15,"key":"SMITH"},{"data":"Rainbow","floor":24,"key":"SMITH"},{"data":"Ball Lightning","floor":27,"key":"SMITH"},{"data":"Coolheaded","floor":29,"key":"SMITH"},{"floor":32,"key":"REST"}],"neow_cost":"NO_GOLD","seed_source_timestamp":725873928709902,"circlet_count":0,"master_deck":["Defend_B","Defend_B+1","Defend_B+1","Zap+1","Dualcast+1","AscendersBane","Self Repair+1","Ball Lightning+1","White Noise+1","Rainbow+1","White Noise+1","Fission+1","Sweeping Beam+1","Ball Lightning+1","Lockon+1","Defragment+1","Coolheaded+1","Gash","Echo Form","Defragment+1"],"relics":["Cracked Core","War Paint","Astrolabe","MutagenicStrength","Strawberry","Incense Burner","Runic Pyramid"],"potions_floor_usage":[13,13,23,23,25,35,39],"damage_taken":[{"damage":13,"enemies":"Jaw Worm","floor":1,"turns":4},{"damage":0,"enemies":"Small Slimes","floor":2,"turns":3},{"damage":1,"enemies":"Cultist","floor":3,"turns":3},{"damage":5,"enemies":"3 Louse","floor":5,"turns":4},{"damage":16,"enemies":"Blue Slaver","floor":7,"turns":3},{"damage":11,"enemies":"Looter","floor":10,"turns":3},{"damage":9,"enemies":"3 Louse","floor":13,"turns":3},{"damage":4,"enemies":"Large Slime","floor":14,"turns":5},{"damage":45,"enemies":"Slime Boss","floor":16,"turns":10},{"damage":0,"enemies":"3 Byrds","floor":18,"turns":4},{"damage":10,"enemies":"Chosen","floor":19,"turns":3},{"damage":14,"enemies":"Snake Plant","floor":22,"turns":3},{"damage":25,"enemies":"Book of Stabbing","floor":23,"turns":4},{"damage":16,"enemies":"Snecko","floor":25,"turns":3},{"damage":10,"enemies":"Centurion and Healer","floor":28,"turns":4},{"damage":6,"enemies":"Shelled Parasite and Fungi","floor":30,"turns":4},{"damage":48,"enemies":"Collector","floor":33,"turns":6},{"damage":20,"enemies":"3 Darklings","floor":35,"turns":4},{"damage":81,"enemies":"Donu and Deca","floor":39,"turns":8}],"seed_played":"-2712935236476676720","potions_obtained":[{"floor":1,"key":"Fire Potion"},{"floor":2,"key":"PowerPotion"},{"floor":16,"key":"Ancient Potion"},{"floor":19,"key":"PowerPotion"},{"floor":22,"key":"Poison Potion"},{"floor":23,"key":"Regen Potion"},{"floor":33,"key":"Strength Potion"},{"floor":35,"key":"Regen Potion"}],"is_trial":false,"path_per_floor":["M","M","M","?","M","R","M","R","T","M","$","R","M","M","R","B",null,"M","M","?","?","M","E","R","M","T","R","M","R","M","?","R","B",null,"M","$","?","?","B"],"character_chosen":"DEFECT","items_purchased":["Defragment"],"campfire_rested":1,"item_purchase_floors":[36],"current_hp_per_floor":[65,65,64,64,69,69,63,63,63,62,62,62,73,79,79,44,75,85,85,85,85,85,77,77,80,80,80,80,80,84,71,92,44,80,77,77,77,77,11],"gold":34,"neow_bonus":"TWENTY_PERCENT_HP_BONUS","is_prod":false,"is_daily":false,"chose_seed":false,"campfire_upgraded":7,"win_rate":0,"timestamp":1537736596,"path_taken":["M","M","M","?","M","R","M","R","T","M","$","R","?","M","R","BOSS","M","M","?","?","M","E","R","M","T","R","M","R","M","?","R","BOSS","M","$","?","?","BOSS"],"build_version":"2018-09-20","purchased_purges":2,"victory":true,"max_hp_per_floor":[85,85,85,85,85,85,85,85,85,85,85,85,85,85,85,85,85,85,85,85,85,85,92,92,92,92,92,92,92,92,92,92,92,92,92,92,92,92,92],"card_choices":[{"not_picked":["Skim","Streamline","Hologram"],"picked":"SKIP","floor":1},{"not_picked":["Compile Driver","Barrage","Sweeping Beam"],"picked":"SKIP","floor":2},{"not_picked":["Reprogram","Leap"],"picked":"Self Repair","floor":3},{"not_picked":["Coolheaded","All For One"],"picked":"Ball Lightning","floor":5},{"not_picked":["Gash","BootSequence","Compile Driver"],"picked":"SKIP","floor":7},{"not_picked":["Beam Cell","Redo","Stack"],"picked":"SKIP","floor":10},{"not_picked":["Hologram","Go for the Eyes","Recycle"],"picked":"SKIP","floor":13},{"not_picked":["Gash","Hologram"],"picked":"White Noise","floor":14},{"not_picked":["Fission","Meteor Strike"],"picked":"Rainbow","floor":16},{"not_picked":["Streamline","Steam","Lockon"],"picked":"SKIP","floor":18},{"not_picked":["Lockon","Beam Cell","Barrage+1"],"picked":"SKIP","floor":19},{"not_picked":["Turbo","Rebound"],"picked":"Ball Lightning","floor":22},{"not_picked":["Genetic Algorithm","Rebound"],"picked":"Lockon+1","floor":23},{"not_picked":["Reboot","Melter"],"picked":"Defragment+1","floor":25},{"not_picked":["Turbo","Leap"],"picked":"Coolheaded","floor":28},{"not_picked":["Steam","Self Repair+1"],"picked":"Gash","floor":30},{"not_picked":["All For One","Rainbow"],"picked":"Echo Form","floor":33},{"not_picked":["Recycle+1","Rebound+1","Hologram"],"picked":"SKIP","floor":35}],"player_experience":596780,"relics_obtained":[{"floor":9,"key":"War Paint"},{"floor":23,"key":"Strawberry"},{"floor":26,"key":"Incense Burner"}],"event_choices":[{"event_name":"Living Wall","player_choice":"Grow","floor":4,"damage_taken":0},{"event_name":"Masked Bandits","player_choice":"Paid Fearfully","floor":20,"damage_taken":0},{"event_name":"Drug Dealer","player_choice":"Inject Mutagens","floor":21,"damage_taken":0},{"event_name":"Wheel of Change","player_choice":"Damage","floor":31,"damage_taken":0},{"event_name":"Upgrade Shrine","player_choice":"Upgraded","floor":37,"damage_taken":0},{"event_name":"SecretPortal","player_choice":"Took Portal.","floor":38,"damage_taken":0}],"is_beta":false,"boss_relics":[{"not_picked":["Calling Bell","Philosopher\u0027s Stone"],"picked":"Astrolabe"},{"not_picked":["Black Star","White Beast Statue"],"picked":"Runic Pyramid"}],"items_purged_floors":[11,36],"is_endless":false,"potions_floor_spawned":[1,2,16,19,22,23,33,35],"ascension_level":16}