{"gold_per_floor":[119,132,132,146,164,164,179,197,244,244,206,49,64,29,29,123,123,142,142,157,157],"floor_reached":21,"playtime":1058,"items_purged":[],"score":285,"play_id":"92e98b44-4705-4855-81b6-04f375ceaf08","local_time":"20180922022519","is_ascension_mode":true,"campfire_choices":[{"floor":6,"key":"REST"},{"floor":10,"key":"REST"},{"data":"Zap","floor":15,"key":"SMITH"}],"neow_cost":"NONE","seed_source_timestamp":567173279731729,"circlet_count":0,"master_deck":["Strike_B","Strike_B","Strike_B","Strike_B","Defend_B","Defend_B","Defend_B","Defend_B","Zap+1","Dualcast","AscendersBane","Defragment","Tempest","Reinforced Body","FTL","White Noise","Capacitor","Core Surge","Zap","Steam"],"relics":["Cracked Core","Golden Idol","Pen Nib","PreservedInsect","White Beast Statue"],"potions_floor_usage":[5,8,16,18],"damage_taken":[{"damage":3,"enemies":"Jaw Worm","floor":1,"turns":4},{"damage":0,"enemies":"Small Slimes","floor":2,"turns":2},{"damage":1,"enemies":"2 Louse","floor":4,"turns":2},{"damage":0,"enemies":"Lots of Slimes","floor":5,"turns":1},{"damage":17,"enemies":"Exordium Wildlife","floor":7,"turns":5},{"damage":6,"enemies":"Looter","floor":8,"turns":3},{"damage":6,"enemies":"Red Slaver","floor":13,"turns":4},{"damage":69,"enemies":"The Guardian","floor":16,"turns":12},{"damage":6,"enemies":"Spheric Guardian","floor":18,"turns":3},{"damage":43,"enemies":"Shell Parasite","floor":20,"turns":7},{"damage":16,"enemies":"3 Cultists","floor":21,"turns":3}],"seed_played":"-434732195925702511","potions_obtained":[{"floor":1,"key":"Explosive Potion"},{"floor":4,"key":"Strength Potion"},{"floor":5,"key":"Block Potion"},{"floor":16,"key":"SteroidPotion"},{"floor":18,"key":"FearPotion"},{"floor":20,"key":"Ancient Potion"}],"is_trial":false,"path_per_floor":["M","M","?","M","M","R","M","M","T","R","?","$","M","$","R","B",null,"M","?","M"],"character_chosen":"DEFECT","items_purchased":["PreservedInsect","Capacitor"],"campfire_rested":2,"item_purchase_floors":[12,14],"current_hp_per_floor":[72,72,52,51,51,75,58,52,52,76,76,76,70,70,70,1,62,56,56,13,0],"gold":157,"neow_bonus":"TEN_PERCENT_HP_BONUS","is_prod":false,"is_daily":false,"chose_seed":false,"campfire_upgraded":1,"win_rate":0,"timestamp":1537575919,"path_taken":["M","M","?","M","M","R","M","M","T","R","?","?","M","$","R","BOSS","M","?","M","M"],"build_version":"2018-09-20","purchased_purges":0,"victory":false,"max_hp_per_floor":[82,82,82,82,82,82,82,82,82,82,82,82,82,82,82,82,82,82,82,82,82],"card_choices":[{"not_picked":["Aggregate","Turbo"],"picked":"Defragment","floor":1},{"not_picked":["Hologram","Leap"],"picked":"Tempest","floor":2},{"not_picked":["Tempest","Redo","Blizzard"],"picked":"SKIP","floor":4},{"not_picked":["Capacitor","Stack"],"picked":"Reinforced Body","floor":5},{"not_picked":["Streamline","Stack","Sweeping Beam"],"picked":"SKIP","floor":7},{"not_picked":["Biased Cognition","Lockon"],"picked":"FTL","floor":8},{"not_picked":["Chill","Conserve Battery"],"picked":"White Noise","floor":13},{"not_picked":["Multi-Cast","Meteor Strike"],"picked":"Core Surge","floor":16},{"not_picked":["Redo","Tempest","Go for the Eyes"],"picked":"SKIP","floor":18},{"not_picked":["Recycle","Stack"],"picked":"Steam","floor":20}],"player_experience":507041,"relics_obtained":[{"floor":9,"key":"Pen Nib"}],"event_choices":[{"event_name":"Golden Idol","player_choice":"Take Damage","floor":3,"damage_taken":0},{"event_name":"World of Goop","player_choice":"Left","floor":11,"damage_taken":0},{"event_name":"Match and Keep!","player_choice":"1 cards matched","floor":19,"damage_taken":0}],"is_beta":false,"boss_relics":[{"not_picked":["FrozenCore","Astrolabe"],"picked":"White Beast Statue"}],"items_purged_floors":[],"is_endless":false,"potions_floor_spawned":[1,4,5,7,16,18,20],"killed_by":"3 Cultists","ascension_level":13}