{"path_per_floor":["?","?","?","?","?","?","?","?","?","?","?","?","?","?","?","B",null,"?","?","?","?","?","?","?","?","?","?","?","?","?","?","?","B",null,"?","?","?","?","?","?"],"character_chosen":"IRONCLAD","items_purchased":["Ice Cream"],"gold_per_floor":[114,129,129,144,159,159,174,249,324,339,354,54,69,99,99,199,199,214,214,114,114,129,129,129,144,219,234,249,249,199,229,229,329,329,344,344,361,376,391,421],"floor_reached":41,"campfire_rested":0,"playtime":2371,"current_hp_per_floor":[79,79,79,79,71,71,69,69,69,73,75,75,77,84,84,54,87,76,76,76,76,58,58,58,87,87,84,70,70,70,62,62,11,89,57,57,27,22,14,11],"items_purged":["Doubt"],"gold":421,"score":412,"play_id":"fca49f09-05dc-4ff0-832a-98b20d304a6f","local_time":"20180307235611","daily_mods":[{"name":"Shiny","description":"Start with 1 Rare card.","modID":"Shiny","img":{"data":{"file":{"file":{"path":"images\\ui\\run_mods\\shiny.png"},"type":"Internal"},"width":64,"height":64,"format":"RGBA8888","useMipMaps":false,"isPrepared":false},"glTarget":3553,"glHandle":682,"minFilter":"Linear","magFilter":"Linear","uWrap":"ClampToEdge","vWrap":"ClampToEdge"},"positive":true},{"name":"Uncertain Future","description":"The map shows only ?.","modID":"Uncertain Future","img":{"data":{"file":{"file":{"path":"images\\ui\\run_mods\\uncertain_future.png"},"type":"Internal"},"width":64,"height":64,"format":"RGBA8888","useMipMaps":false,"isPrepared":false},"glTarget":3553,"glHandle":679,"minFilter":"Linear","magFilter":"Linear","uWrap":"ClampToEdge","vWrap":"ClampToEdge"},"positive":false},{"name":"Night Terrors","description":"Resting at Rest Sites heals 20% of your HP, rather than 30%.","modID":"Night Terrors","img":{"data":{"file":{"file":{"path":"images\\ui\\run_mods\\night_terrors.png"},"type":"Internal"},"width":64,"height":64,"format":"RGBA8888","useMipMaps":false,"isPrepared":false},"glTarget":3553,"glHandle":678,"minFilter":"Linear","magFilter":"Linear","uWrap":"ClampToEdge","vWrap":"ClampToEdge"},"positive":false},{"name":"Vintage","description":"The Merchant\u0027s prices are increased by 25%.","modID":"Vintage","img":{"data":{"file":{"file":{"path":"images\\ui\\run_mods\\vintage.png"},"type":"Internal"},"width":64,"height":64,"format":"RGBA8888","useMipMaps":false,"isPrepared":false},"glTarget":3553,"glHandle":677,"minFilter":"Linear","magFilter":"Linear","uWrap":"ClampToEdge","vWrap":"ClampToEdge"},"positive":false}],"is_prod":false,"is_daily":true,"is_ascension_mode":false,"campfire_upgraded":4,"timestamp":1520484971,"path_taken":["?","?","?","?","?","?","?","?","?","?","?","?","?","?","?","BOSS","?","?","?","?","?","?","?","?","?","?","?","?","?","?","?","BOSS","?","?","?","?","?","?","?"],"build_version":"2018-03-01-PROD1","purchased_purges":1,"victory":false,"master_deck":["Bash","Demon Form+1","Heavy Blade","Clash","Shrug It Off","Offering+1","Heavy Blade","Cleave","Clash","Dark Embrace+1","Infernal Blade","J.A.X.","Metallicize+1","Flex","Clash","Decay","Brutality","Anger","Burning Pact","Combust","Wild Strike","Body Slam","Iron Wave","Uppercut","Iron Wave","Shrug It Off+1","Finesse","Shrug It Off+1"],"max_hp_per_floor":[80,80,80,80,80,80,80,80,80,80,80,80,80,87,87,87,87,87,87,87,87,87,87,87,87,87,87,87,87,87,89,89,89,89,89,89,91,94,96,98],"relics":["Burning Blood","The Courier","Toolbox","Ice Cream","Strawberry","Cursed Key","Shuriken","Smiling Mask","Singing Bowl","Pandora\u0027s Box","Dead Branch","Darkstone Periapt"],"card_choices":[{"not_picked":["Anger","Iron Wave"],"picked":"Heavy Blade"},{"not_picked":["Sword Boomerang","Cleave"],"picked":"Clash"},{"not_picked":["Reckless Charge","Sever Soul"],"picked":"Heavy Blade"},{"not_picked":["Uppercut","Demon Form"],"picked":"Cleave"},{"not_picked":["Wild Strike","Combust"],"picked":"Clash"},{"not_picked":["Reaper","Bludgeon"],"picked":"Dark Embrace"},{"not_picked":["Clash","Shrug It Off"],"picked":"Infernal Blade"},{"not_picked":["Anger","Seeing Red"],"picked":"Metallicize"},{"not_picked":["Havoc","Uppercut"],"picked":"Flex"},{"not_picked":["Pommel Strike","Rampage"],"picked":"Clash"},{"not_picked":["Exhume","Impervious"],"picked":"Brutality"},{"not_picked":["Spot Weakness","Searing Blow"],"picked":"Shrug It Off"},{"not_picked":["Second Wind","Twin Strike"],"picked":"Shrug It Off"}],"player_experience":161622,"potions_floor_usage":[16,18,28,33,33,35,40,40,41],"damage_taken":[{"damage":7,"enemies":"2 Louse","floor":1,"turns":2},{"damage":6,"enemies":"Cultist","floor":2,"turns":3},{"damage":6,"enemies":"Jaw Worm","floor":4,"turns":3},{"damage":14,"enemies":"Exordium Wildlife","floor":5,"turns":4},{"damage":8,"enemies":"2 Fungi Beasts","floor":7,"turns":3},{"damage":2,"enemies":"Blue Slaver","floor":10,"turns":3},{"damage":4,"enemies":"Large Slime","floor":11,"turns":3},{"damage":4,"enemies":"2 Fungi Beasts","floor":13,"turns":2},{"damage":40,"enemies":"Slime Boss","floor":16,"turns":6},{"damage":17,"enemies":"Spheric Guardian","floor":18,"turns":4},{"damage":24,"enemies":"2 Thieves","floor":22,"turns":3},{"damage":7,"enemies":"3 Cultists","floor":25,"turns":3},{"damage":9,"enemies":"Centurion and Healer","floor":27,"turns":3},{"damage":20,"enemies":"Snake Plant","floor":28,"turns":4},{"damage":16,"enemies":"Slavers","floor":31,"turns":4},{"damage":57,"enemies":"Automaton","floor":33,"turns":9},{"damage":38,"enemies":"3 Shapes","floor":35,"turns":3},{"damage":42,"enemies":"Mysterious Sphere","floor":37,"turns":4},{"damage":14,"enemies":"3 Darklings","floor":38,"turns":3},{"damage":16,"enemies":"Maw","floor":39,"turns":5},{"damage":11,"enemies":"Giant Head","floor":40,"turns":5},{"damage":15,"enemies":"Sphere and 2 Shapes","floor":41,"turns":3}],"event_choices":[{"event_name":"Match and Keep!","player_choice":"2 cards matched","floor":3,"damage_taken":0},{"event_name":"Dead Adventurer","player_choice":"Searched \u00273\u0027 times","floor":14,"damage_taken":0},{"event_name":"The Mausoleum","player_choice":"Yes","floor":19,"damage_taken":0},{"event_name":"Drug Dealer","player_choice":"Got JAXXED","floor":20,"damage_taken":0},{"event_name":"Back to Basics","player_choice":"Elegance","floor":21,"damage_taken":0},{"event_name":"Vampires","player_choice":"Ignored","floor":24,"damage_taken":0},{"event_name":"Wheel of Change","player_choice":"Curse","floor":29,"damage_taken":0},{"event_name":"Match and Keep!","player_choice":"1 cards matched","floor":36,"damage_taken":0},{"event_name":"Mysterious Sphere","player_choice":"Fight","floor":37,"damage_taken":0}],"boss_relics":[{"not_picked":["Eternal Feather","White Beast Statue"],"picked":"Cursed Key"},{"not_picked":["Velvet Choker","Orrery"],"picked":"Pandora\u0027s Box"}],"potions_floor_spawned":[2,7,10,25,28,33,37,39,40],"seed_played":"-8756636655409120335","killed_by":"Sphere and 2 Shapes","ascension_level":0,"is_trial":false}