{"gold_per_floor":[114,189,204,219,234,264,264,279,279,294,309,324,324,499,499,599,599,599,599,199,199,199,199,114,114,114,114,114,114,114,114,114,114,114,114,114,114,114,114,114,114,114,114,114,114,114,114,114,114,114],"floor_reached":51,"playtime":2636,"items_purged":[],"score":1081,"play_id":"e2f2ae18-1e5a-497c-8305-f3e9ab4eeef1","local_time":"20180819175010","daily_mods":["Brewmaster","Cursed Run","Lethality"],"is_ascension_mode":false,"campfire_choices":[{"data":"Venomology","floor":7,"key":"SMITH"},{"data":"Conserve Battery","floor":15,"key":"SMITH"},{"data":"Venomology","floor":28,"key":"SMITH"},{"data":"Self Repair","floor":32,"key":"SMITH"},{"data":"Echo Form","floor":41,"key":"SMITH"},{"floor":49,"key":"REST"}],"neow_cost":"","seed_source_timestamp":0,"circlet_count":0,"master_deck":["Strike_B","Strike_B","Strike_B","Strike_B","Defend_B","Defend_B","Defend_B","Defend_B","Zap","Dualcast","Venomology+1","Venomology","Venomology","Venomology","Venomology+1","Shame","Beam Cell+1","Streamline+1","Sweeping Beam+1","Ball Lightning+1","Streamline+1","Go for the Eyes+1","Leap","Conserve Battery+1","Doubt","Injury","All For One+1","Steam+1","Go for the Eyes+1","Necronomicurse","Glacier","Sunder+1","Shame","Conserve Battery+1","Self Repair+1","Shame","Echo Form+1","Sweeping Beam+1","Regret","Streamline+1","Echo Form","Leap","Parasite"],"special_seed":17763,"relics":["Cursed Key","Darkstone Periapt","Du-Vu Doll","White Beast Statue","Molten Egg 2","Blood Vial","Smiling Mask","Ectoplasm","Blue Candle","Potion Belt","Necronomicon","Oddly Smooth Stone","Singing Bowl","Strawberry","Tiny Chest","Meat on the Bone","Inserter","Bag of Marbles","Bottled Lightning","Symbiotic Virus"],"potions_floor_usage":[3,3,4,4,4,4,4,4,5,6,6,6,8,11,11,11,12,12,12,16,16,16,19,19,23,23,23,23,23,25,25,25,27,27,27,29,29,29,30,31,31,31,31,33,33,33,33,33,35,36,36,37,37,37,37,39,42,42,42,42,42,44,44,44,44,46,46,50,50,50,50,50,50,50],"damage_taken":[{"damage":0,"enemies":"Cultist","floor":1,"turns":3},{"damage":0,"enemies":"Small Slimes","floor":3,"turns":2},{"damage":0,"enemies":"2 Louse","floor":4,"turns":2},{"damage":3,"enemies":"2 Fungi Beasts","floor":5,"turns":2},{"damage":18,"enemies":"Lagavulin","floor":6,"turns":3},{"damage":0,"enemies":"Large Slime","floor":8,"turns":2},{"damage":0,"enemies":"3 Louse","floor":10,"turns":1},{"damage":0,"enemies":"Looter","floor":11,"turns":3},{"damage":0,"enemies":"Lots of Slimes","floor":12,"turns":1},{"damage":0,"enemies":"Slime Boss","floor":16,"turns":5},{"damage":0,"enemies":"Spheric Guardian","floor":18,"turns":1},{"damage":8,"enemies":"Chosen","floor":19,"turns":2},{"damage":1,"enemies":"Gremlin Leader","floor":23,"turns":3},{"damage":0,"enemies":"Centurion and Healer","floor":25,"turns":2},{"damage":12,"enemies":"Slavers","floor":27,"turns":3},{"damage":0,"enemies":"Gremlin Leader","floor":29,"turns":3},{"damage":0,"enemies":"Snecko","floor":30,"turns":2},{"damage":6,"enemies":"Cultist and Chosen","floor":31,"turns":4},{"damage":51,"enemies":"Collector","floor":33,"turns":6},{"damage":0,"enemies":"Orb Walker","floor":35,"turns":2},{"damage":7,"enemies":"3 Darklings","floor":36,"turns":4},{"damage":0,"enemies":"Spire Growth","floor":37,"turns":1},{"damage":3,"enemies":"Sphere and 2 Shapes","floor":38,"turns":4},{"damage":9,"enemies":"Flame Bruiser 2 Orb","floor":39,"turns":3},{"damage":12,"enemies":"2 Orb Walkers","floor":40,"turns":3},{"damage":5,"enemies":"4 Shapes","floor":42,"turns":5},{"damage":22,"enemies":"3 Darklings","floor":44,"turns":5},{"damage":5,"enemies":"Maw","floor":45,"turns":4},{"damage":32,"enemies":"Giant Head","floor":46,"turns":6},{"damage":15,"enemies":"Sphere and 2 Shapes","floor":47,"turns":7},{"damage":0,"enemies":"Spire Growth","floor":48,"turns":2},{"damage":37,"enemies":"Awakened One","floor":50,"turns":6}],"seed_played":"2261956990400884625","potions_obtained":[{"floor":1,"key":"Energy Potion"},{"floor":4,"key":"Strength Potion"},{"floor":10,"key":"Energy Potion"},{"floor":12,"key":"EssenceOfSteel"},{"floor":19,"key":"Energy Potion"},{"floor":22,"key":"AttackPotion"},{"floor":22,"key":"EntropicBrew"},{"floor":22,"key":"FearPotion"},{"floor":23,"key":"Energy Potion"},{"floor":25,"key":"Poison Potion"},{"floor":27,"key":"Block Potion"},{"floor":29,"key":"Ancient Potion"},{"floor":30,"key":"FearPotion"},{"floor":31,"key":"FocusPotion"},{"floor":33,"key":"LiquidBronze"},{"floor":35,"key":"Poison Potion"},{"floor":37,"key":"PowerPotion"},{"floor":38,"key":"FearPotion"},{"floor":40,"key":"PowerPotion"},{"floor":46,"key":"PowerPotion"}],"is_trial":false,"path_per_floor":["M","T","M","M","M","E","R","M","T","M","M","M","?","?","R","B",null,"M","M","$","?","?","E","?","M","T","E","R","E","M","M","R","B",null,"M","M","M","M","M","E","R","M","T","M","M","E","M","M","R","B"],"character_chosen":"DEFECT","items_purchased":["Blue Candle","Potion Belt"],"campfire_rested":1,"item_purchase_floors":[20,20],"current_hp_per_floor":[75,81,81,81,78,60,60,69,75,77,79,81,74,80,80,88,99,99,91,91,81,81,82,82,84,97,89,89,91,93,98,98,79,130,132,134,136,138,131,121,121,128,134,124,123,103,110,114,150,119],"gold":114,"neow_bonus":"","is_prod":false,"is_daily":true,"chose_seed":false,"campfire_upgraded":5,"win_rate":0,"timestamp":1534726210,"path_taken":["M","?","M","M","?","E","R","?","T","M","M","M","?","?","R","BOSS","M","M","$","?","?","E","?","M","T","E","R","E","?","M","R","BOSS","M","M","?","M","M","E","R","M","T","M","M","E","M","M","R","BOSS"],"build_version":"2018-08-16","purchased_purges":0,"victory":true,"max_hp_per_floor":[75,81,81,81,81,81,81,81,87,87,87,87,87,93,93,99,99,99,99,99,105,105,105,105,105,118,120,120,120,120,122,122,130,130,132,134,136,138,140,140,140,140,146,146,148,148,148,150,150,156],"card_choices":[{"not_picked":["Coolheaded","Skim","Blizzard"],"picked":"SKIP","floor":1},{"not_picked":["Leap","Doom and Gloom+1"],"picked":"Beam Cell+1","floor":3},{"not_picked":["FTL+1","Recycle"],"picked":"Streamline+1","floor":4},{"not_picked":["Recycle","Ball Lightning+1"],"picked":"Sweeping Beam+1","floor":5},{"not_picked":["Fusion","Stack"],"picked":"Ball Lightning+1","floor":6},{"not_picked":["Rebound+1","Aggregate"],"picked":"Streamline+1","floor":8},{"not_picked":["Barrage+1","Doom and Gloom+1"],"picked":"Go for the Eyes+1","floor":10},{"not_picked":["Amplify","Storm"],"picked":"Leap","floor":11},{"not_picked":["Turbo","Glacier"],"picked":"Conserve Battery","floor":12},{"not_picked":["Biased Cognition","Hyperbeam+1"],"picked":"All For One+1","floor":16},{"not_picked":["Coolheaded+1","BootSequence+1"],"picked":"Steam+1","floor":18},{"not_picked":["Tempest","Steam"],"picked":"Go for the Eyes+1","floor":19},{"not_picked":["Lockon+1","Skim+1"],"picked":"Glacier","floor":23},{"not_picked":["FTL+1","Stack"],"picked":"Sunder+1","floor":25},{"not_picked":["Double Energy","Chill","Turbo+1"],"picked":"Singing Bowl","floor":27},{"not_picked":["Ball Lightning+1","Redo+1"],"picked":"Conserve Battery+1","floor":29},{"not_picked":["Conserve Battery","BootSequence"],"picked":"Self Repair","floor":30},{"not_picked":["Biased Cognition","Barrage+1","Stack+1"],"picked":"Singing Bowl","floor":31},{"not_picked":["Rainbow","Multi-Cast","All For One+1"],"picked":"Singing Bowl","floor":33},{"not_picked":["Auto Shields","Coolheaded","Compile Driver+1"],"picked":"Singing Bowl","floor":35},{"not_picked":["Gash+1","Go for the Eyes+1","Hologram"],"picked":"Singing Bowl","floor":36},{"not_picked":["Compile Driver+1","Ball Lightning+1","Storm+1"],"picked":"Singing Bowl","floor":37},{"not_picked":["Melter+1","Reprogram+1","Cold Snap+1"],"picked":"Singing Bowl","floor":38},{"not_picked":["Double Energy","Stack+1","Compile Driver+1"],"picked":"Singing Bowl","floor":39},{"not_picked":["Beam Cell+1","Conserve Battery+1"],"picked":"Echo Form","floor":40},{"not_picked":["Sunder+1","Conserve Battery"],"picked":"Sweeping Beam+1","floor":42},{"not_picked":["Leap+1","Ball Lightning+1"],"picked":"Streamline+1","floor":44},{"not_picked":["Rebound+1","Leap","Beam Cell+1"],"picked":"Singing Bowl","floor":45},{"not_picked":["Lockon+1","FTL+1"],"picked":"Echo Form","floor":46},{"not_picked":["Gash+1","Beam Cell+1"],"picked":"Leap","floor":47},{"not_picked":["Scrape+1","Consume","Sweeping Beam+1"],"picked":"Singing Bowl","floor":48}],"player_experience":421424,"relics_obtained":[{"floor":2,"key":"Molten Egg 2"},{"floor":6,"key":"Blood Vial"},{"floor":9,"key":"Smiling Mask"},{"floor":21,"key":"Necronomicon"},{"floor":23,"key":"Oddly Smooth Stone"},{"floor":26,"key":"Strawberry"},{"floor":27,"key":"Tiny Chest"},{"floor":29,"key":"Meat on the Bone"},{"floor":40,"key":"Bag of Marbles"},{"floor":43,"key":"Bottled Lightning"},{"floor":46,"key":"Symbiotic Virus"}],"event_choices":[{"event_name":"Golden Wing","player_choice":"Card Removal","floor":13,"damage_taken":0},{"event_name":"Liars Game","player_choice":"agreed","floor":14,"damage_taken":0},{"event_name":"Cursed Tome","player_choice":"Obtained Book","floor":21,"damage_taken":0},{"event_name":"The Lab","player_choice":"Got Potions","floor":22,"damage_taken":0},{"event_name":"Addict","player_choice":"Obtained Relic","floor":24,"damage_taken":0}],"is_beta":false,"boss_relics":[{"not_picked":["Tiny House","Orrery"],"picked":"Ectoplasm"},{"not_picked":["Pandora\u0027s Box","Busted Crown"],"picked":"Inserter"}],"items_purged_floors":[],"is_endless":false,"potions_floor_spawned":[1,3,4,5,6,8,10,11,12,16,18,19,23,25,27,29,30,31,33,35,36,37,38,39,40,42,44,45,46,47,48],"ascension_level":0}