{"path_per_floor":["M","?","$","?","M","R","E","R","T","E","M","$","M","M","R","B",null,"M","?","M","M","M","R","E","R","T","E","M","?","?","$","R","B",null,"M","M","$","M","$","E","M","R","T","R","M","?","M","E","R","B"],"character_chosen":"THE_SILENT","items_purchased":["Bouncing Flask","Snake Skull","Apotheosis","Well Laid Plans"],"gold_per_floor":[115,115,39,139,157,157,184,184,184,211,230,1,15,31,31,133,133,150,150,170,188,207,207,241,241,288,313,333,333,333,49,49,149,149,167,185,85,96,96,130,145,145,169,169,188,0,12,37,37,37],"floor_reached":51,"campfire_rested":2,"playtime":6267,"current_hp_per_floor":[77,77,77,77,74,74,50,73,73,52,52,52,48,44,44,26,77,71,71,65,64,63,63,46,46,46,38,38,38,38,38,53,45,53,45,47,47,40,40,42,48,48,48,48,53,53,52,57,57,32],"items_purged":["Strike_G","Bite_G"],"gold":37,"play_id":"33ad3298-3570-4eae-87d0-0a98a81ff056","is_prod":false,"is_daily":false,"campfire_rituals":0,"campfire_upgraded":3,"is_hardmode":false,"path_taken":["M","?","$","?","?","R","E","R","T","E","M","$","M","M","R","BOSS","M","?","M","M","M","R","E","R","T","E","?","?","?","$","R","BOSS","M","M","$","M","$","E","M","R","T","R","M","?","M","E","R","BOSS"],"build_version":"2018-01-04-PROD1","purchased_purges":3,"victory":true,"master_deck":["Defend_G","Defend_G","Defend_G","Defend_G","Defend_G","Survivor","Neutralize","Acrobatics","Bouncing Flask","Noxious Fumes","Dodge and Roll","Adrenaline","PiercingWail","Infinite Blades","Poisoned Stab","Prepared","Deadly Poison","Poisoned Stab","Deflect","Poisoned Stab","Footwork","Bouncing Flask","Tools of the Trade","Bite_G","Bite_G","Bite_G","Bite_G","Apotheosis","Well Laid Plans","Catalyst","Footwork","Deflect","Prepared","Deflect","Noxious Fumes","Backflip"],"max_hp_per_floor":[77,77,77,77,77,77,77,77,77,77,77,77,77,77,77,77,77,77,77,77,77,77,77,77,77,77,77,77,53,53,53,53,53,53,53,53,53,53,53,53,53,53,53,53,53,53,53,60,60,60],"relics":["Ring of the Snake","Kunai","Shovel","Meat on the Bone","Snake Skull","Anchor","Sozu","Dream Catcher","Pen Nib","Prayer Wheel","Whetstone","Lizard Tail","Ornamental Fan","Darkstone Periapt","Bag of Preparation","Red Mask","Strawberry","Matryoshka"],"campfire_meditates":0,"card_choices":[{"not_picked":["Slice","Distraction"],"picked":"Acrobatics"},{"not_picked":["Acrobatics","Crippling Poison"],"picked":"Noxious Fumes"},{"not_picked":["Crippling Poison","Terror"],"picked":"Dodge and Roll"},{"not_picked":["Caltrops","Bane"],"picked":"Adrenaline"},{"not_picked":["Dagger Throw","Flechettes"],"picked":"PiercingWail"},{"not_picked":["Outmaneuver","Eviscerate"],"picked":"Infinite Blades"},{"not_picked":["Slice","Deflect"],"picked":"Poisoned Stab"},{"not_picked":["Choke","Dagger Spray"],"picked":"Prepared"},{"not_picked":["Deflect","Bane"],"picked":"Poisoned Stab"},{"not_picked":["Bouncing Flask","Dagger Throw"],"picked":"Deflect"},{"not_picked":["Dagger Throw","Heel Hook"],"picked":"Poisoned Stab"},{"not_picked":["Backflip","Dodge and Roll"],"picked":"Footwork"},{"not_picked":["Slice","Dagger Spray"],"picked":"Bouncing Flask"},{"not_picked":["Bane","Backflip"],"picked":"Tools of the Trade"},{"not_picked":["Bane","Crippling Poison"],"picked":"Catalyst"},{"not_picked":["Acrobatics","Dagger Spray"],"picked":"Footwork"},{"not_picked":["Flying Knee","Footwork"],"picked":"Deflect"},{"not_picked":["Dodge and Roll","Calculated Gamble"],"picked":"Prepared"},{"not_picked":["Bane","Infinite Blades"],"picked":"Deflect"},{"not_picked":["Prepared","Sucker Punch"],"picked":"Noxious Fumes"},{"not_picked":["Dodge and Roll","Leg Sweep"],"picked":"Backflip"}],"player_experience":29100,"potions_floor_usage":[],"damage_taken":[{"damage":0.0,"enemies":"Cultist","floor":1.0,"turns":3.0},{"damage":3.0,"enemies":"Jaw Worm","floor":5.0,"turns":3.0},{"damage":24.0,"enemies":"Gremlin Nob","floor":7.0,"turns":5.0},{"damage":21.0,"enemies":"3 Sentries","floor":10.0,"turns":8.0},{"damage":0.0,"enemies":"Small Slimes","floor":11.0,"turns":4.0},{"damage":16.0,"enemies":"Exordium Thugs","floor":13.0,"turns":7.0},{"damage":4.0,"enemies":"2 Fungi Beasts","floor":14.0,"turns":4.0},{"damage":30.0,"enemies":"Slime Boss","floor":16.0,"turns":8.0},{"damage":6.0,"enemies":"2 Thieves","floor":18.0,"turns":5.0},{"damage":6.0,"enemies":"3 Byrds","floor":20.0,"turns":3.0},{"damage":1,"enemies":"Sentry and Sphere","floor":21,"turns":4},{"damage":1,"enemies":"Centurion and Healer","floor":22,"turns":5},{"damage":17,"enemies":"Book of Stabbing","floor":24,"turns":5},{"damage":20,"enemies":"Gremlin Leader","floor":27,"turns":9},{"damage":12,"enemies":"3 Cultists","floor":28,"turns":4},{"damage":23,"enemies":"Automaton","floor":33,"turns":6},{"damage":15,"enemies":"3 Shapes","floor":35,"turns":5},{"damage":2,"enemies":"Orb Walker","floor":36,"turns":3},{"damage":13,"enemies":"Sphere and 2 Shapes","floor":38,"turns":4},{"damage":4,"enemies":"Nemesis","floor":40,"turns":4},{"damage":6,"enemies":"3 Darklings","floor":41,"turns":6},{"damage":0,"enemies":"Maw","floor":45,"turns":5},{"damage":7,"enemies":"4 Shapes","floor":47,"turns":6},{"damage":9,"enemies":"2 Orb Walkers","floor":48,"turns":4},{"damage":28,"enemies":"Time Eater","floor":50,"turns":6}],"event_choices":[{"event_name":"Living Wall","player_choice":"Forget","floor":2.0,"damage_taken":0.0},{"event_name":"Golden Shrine","player_choice":"Pray","floor":4.0,"damage_taken":0.0},{"event_name":"The Library","player_choice":"Read","floor":19.0,"damage_taken":0.0},{"event_name":"Vampires","player_choice":"Became a vampire","floor":29,"damage_taken":0},{"event_name":"Drug Dealer","player_choice":"Ignored","floor":30,"damage_taken":0},{"event_name":"Tomb of Lord Red Mask","player_choice":"Paid","floor":46,"damage_taken":0}],"boss_relics":[{"not_picked":["White Beast Statue","Snecko Eye"],"picked":"Lizard Tail"}],"potions_floor_spawned":[5,11,13,16,18,20,21,24,33,36,41,45,47,48],"seed_played":"-8173274015644100779","is_trial":false}