{"gold_per_floor":[362,362,374,399,212,274,274,274,274,274,301,301,320,330,330,402,402,375,8,8,33,51,51,51,71,98,18,18,18,30,30],"floor_reached":31,"playtime":2183,"items_purged":["Decay","Strike_B"],"score":475,"play_id":"f047263b-1894-47c4-90d6-58d799a3dfea","local_time":"20181004182722","is_ascension_mode":true,"campfire_choices":[{"floor":7,"key":"REST"},{"data":"Defragment","floor":10,"key":"SMITH"},{"data":"Zap","floor":12,"key":"SMITH"},{"floor":15,"key":"REST"},{"data":"Defragment","floor":28,"key":"SMITH"}],"neow_cost":"CURSE","seed_source_timestamp":578844212889481,"circlet_count":0,"master_deck":["Defend_B","Defend_B","Defend_B","Defend_B","Zap+1","Dualcast","AscendersBane","Ball Lightning","Defragment+1","Capacitor","Coolheaded","Glacier","Creative AI","Hologram+1","Streamline+1","Defragment","Defragment+1","Defragment+1","Capacitor","Defragment","Force Field"],"relics":["Cracked Core","Happy Flower","Tiny Chest","Shuriken","Omamori","Astrolabe","DollysMirror","Pen Nib","MawBank"],"potions_floor_usage":[6,16,16,25,29,31],"damage_taken":[{"damage":11,"enemies":"Small Slimes","floor":1,"turns":3},{"damage":2,"enemies":"2 Louse","floor":3,"turns":2},{"damage":44,"enemies":"Lagavulin","floor":6,"turns":6},{"damage":2,"enemies":"Cultist","floor":13,"turns":3},{"damage":12,"enemies":"Exordium Thugs","floor":14,"turns":6},{"damage":1,"enemies":"The Guardian","floor":16,"turns":11},{"damage":29,"enemies":"2 Thieves","floor":18,"turns":5},{"damage":21,"enemies":"Chosen","floor":22,"turns":6},{"damage":26,"enemies":"Centurion and Healer","floor":25,"turns":4},{"damage":36,"enemies":"Colosseum Slavers","floor":29,"turns":5},{"damage":6,"enemies":"Snecko","floor":30,"turns":4},{"damage":18,"enemies":"Shelled Parasite and Fungi","floor":31,"turns":2}],"seed_played":"4812201761899338201","potions_obtained":[{"floor":1,"key":"Regen Potion"},{"floor":3,"key":"Swift Potion"},{"floor":14,"key":"Dexterity Potion"},{"floor":22,"key":"PowerPotion"},{"floor":25,"key":"Weak Potion"},{"floor":30,"key":"PowerPotion"}],"is_trial":false,"path_per_floor":["M","?","M","T","$","E","R","?","T","R","T","R","M","M","R","B",null,"M","$","?","T","M","$","?","M","T","$","R","?","M"],"character_chosen":"DEFECT","items_purchased":["Capacitor","Coolheaded","DollysMirror","Defragment","Defragment"],"campfire_rested":2,"item_purchase_floors":[5,5,19,19,27],"current_hp_per_floor":[53,58,56,56,56,27,49,49,49,49,49,49,47,35,57,56,71,42,42,42,42,21,21,86,60,60,60,60,24,18,0],"gold":30,"neow_bonus":"TWO_FIFTY_GOLD","is_prod":false,"is_daily":false,"chose_seed":false,"campfire_upgraded":3,"win_rate":0,"timestamp":1538670442,"path_taken":["M","?","M","?","$","E","R","?","T","R","?","R","?","M","R","BOSS","M","$","?","?","M","$","?","M","T","?","R","?","M","M"],"build_version":"2018-09-27","purchased_purges":2,"victory":false,"max_hp_per_floor":[71,76,76,76,76,76,76,76,76,76,76,76,76,76,76,76,76,76,76,76,76,76,76,86,86,86,86,86,86,86,86],"card_choices":[{"not_picked":["Reinforced Body","Force Field"],"picked":"Ball Lightning","floor":1},{"not_picked":["Barrage","Beam Cell"],"picked":"Defragment","floor":3},{"not_picked":["Turbo","Hello World","Gash"],"picked":"SKIP","floor":6},{"not_picked":["Melter","Compile Driver"],"picked":"Glacier","floor":13},{"not_picked":["Redo","Streamline","Coolheaded"],"picked":"SKIP","floor":14},{"not_picked":["Hyperbeam","Biased Cognition"],"picked":"Creative AI","floor":16},{"not_picked":["Ball Lightning","FTL"],"picked":"Defragment","floor":18},{"not_picked":["Conserve Battery","Genetic Algorithm"],"picked":"Capacitor","floor":22},{"not_picked":["Steam Power","Beam Cell","Aggregate"],"picked":"SKIP","floor":25},{"not_picked":["Stack","Redo"],"picked":"Force Field","floor":30}],"player_experience":746781,"relics_obtained":[{"floor":4,"key":"Happy Flower"},{"floor":6,"key":"Tiny Chest"},{"floor":9,"key":"Shuriken"},{"floor":11,"key":"Omamori"},{"floor":21,"key":"Pen Nib"},{"floor":26,"key":"MawBank"}],"event_choices":[{"event_name":"Big Fish","player_choice":"Donut","floor":2,"damage_taken":0},{"event_name":"Dead Adventurer","player_choice":"Searched \u00270\u0027 times","floor":8,"damage_taken":0},{"event_name":"Wheel of Change","player_choice":"Curse","floor":20,"damage_taken":0},{"event_name":"Bonfire Elementals","player_choice":"RARE","floor":24,"damage_taken":0},{"event_name":"Colosseum","player_choice":"Fight","floor":29,"damage_taken":0},{"event_name":"Colosseum","player_choice":"Fled From Nobs","floor":29,"damage_taken":0}],"is_beta":false,"boss_relics":[{"not_picked":["FrozenCore","Snecko Eye"],"picked":"Astrolabe"}],"items_purged_floors":[5,19],"is_endless":false,"potions_floor_spawned":[1,3,14,22,25,30],"killed_by":"Shelled Parasite and Fungi","ascension_level":19}