{"gold_per_floor":[109,34,46,121,21,21,35,64,64,64,81,108,108,119,119,218,218,218],"floor_reached":18,"playtime":2510,"items_purged":["Defend_B","Strike_B"],"score":240,"play_id":"58975ecf-6e1d-402e-b060-fab83cbd4845","local_time":"20180917221344","is_ascension_mode":true,"campfire_choices":[{"floor":6,"key":"REST"},{"floor":10,"key":"REST"},{"floor":13,"key":"REST"},{"floor":15,"key":"REST"}],"neow_cost":"NONE","seed_source_timestamp":205021006647632,"circlet_count":0,"master_deck":["Strike_B","Strike_B","Defend_B","Defend_B","Defend_B","Zap","Dualcast","AscendersBane","BootSequence","Conserve Battery","White Noise","Electrodynamics","Steam","Echo Form"],"relics":["Cracked Core","Thread and Needle","Gambling Chip","Odd Mushroom","Eternal Feather"],"potions_floor_usage":[8,14,16],"damage_taken":[{"damage":0,"enemies":"Small Slimes","floor":1,"turns":2},{"damage":0,"enemies":"2 Louse","floor":3,"turns":2},{"damage":0,"enemies":"Cultist","floor":7,"turns":3},{"damage":71,"enemies":"Gremlin Nob","floor":8,"turns":6},{"damage":0,"enemies":"Blue Slaver","floor":11,"turns":4},{"damage":27,"enemies":"The Mushroom Lair","floor":12,"turns":5},{"damage":0,"enemies":"Large Slime","floor":14,"turns":4},{"damage":19,"enemies":"The Guardian","floor":16,"turns":13},{"damage":77,"enemies":"Shell Parasite","floor":18,"turns":15}],"seed_played":"4164928314525499236","potions_obtained":[{"floor":3,"key":"Regen Potion"},{"floor":8,"key":"Swift Potion"},{"floor":12,"key":"Swift Potion"}],"is_trial":false,"path_per_floor":["M","$","M","?","$","R","M","E","T","R","M","?","R","M","R","B",null],"character_chosen":"DEFECT","items_purchased":[],"campfire_rested":4,"item_purchase_floors":[],"current_hp_per_floor":[68,68,68,57,57,75,75,23,23,45,45,25,47,47,69,50,69,0],"gold":218,"neow_bonus":"REMOVE_CARD","is_prod":false,"is_daily":false,"chose_seed":false,"campfire_upgraded":0,"win_rate":0,"timestamp":1537215224,"path_taken":["M","$","M","?","$","R","M","E","T","R","M","?","R","M","R","BOSS","M"],"build_version":"2018-09-06","purchased_purges":2,"victory":false,"max_hp_per_floor":[75,75,75,75,75,75,75,75,75,75,75,75,75,75,75,75,75,75],"card_choices":[{"not_picked":["Hologram","Coolheaded"],"picked":"BootSequence","floor":1},{"not_picked":["Barrage","Hologram"],"picked":"Conserve Battery","floor":3},{"not_picked":["Lockon","Stack"],"picked":"White Noise","floor":7},{"not_picked":["Rebound","Barrage","Coolheaded"],"picked":"SKIP","floor":8},{"not_picked":["Hologram","Conserve Battery","Streamline"],"picked":"SKIP","floor":11},{"not_picked":["Darkness","Conserve Battery"],"picked":"Electrodynamics","floor":12},{"not_picked":["Hello World","Turbo"],"picked":"Steam","floor":14},{"not_picked":["Creative AI","Machine Learning"],"picked":"Echo Form","floor":16}],"player_experience":305897,"relics_obtained":[{"floor":8,"key":"Thread and Needle"},{"floor":9,"key":"Gambling Chip"},{"floor":12,"key":"Odd Mushroom"}],"event_choices":[{"event_name":"World of Goop","player_choice":"Gather Gold","floor":4,"damage_taken":0},{"event_name":"Mushrooms","player_choice":"Fought Mushrooms","floor":12,"damage_taken":0}],"is_beta":false,"boss_relics":[{"not_picked":["Tiny House","Ectoplasm"],"picked":"Eternal Feather"}],"items_purged_floors":[2,5],"is_endless":false,"potions_floor_spawned":[3,8,12],"killed_by":"Shell Parasite","ascension_level":10}