{"path_per_floor":["M","?","$","T","M","R","E","M","T","R","E","R","E","M","R","B",null,"M","?","M","M","M"],"character_chosen":"DEFECT","items_purchased":[],"gold_per_floor":[116,66,66,90,101,101,126,144,144,144,172,172,200,214,214,315,315,325,250,262,280,291,291],"floor_reached":23,"campfire_rested":0,"playtime":925,"item_purchase_floors":[],"current_hp_per_floor":[73,73,73,73,64,64,56,56,56,56,27,27,34,19,19,11,85,68,68,44,37,37,0],"items_purged":[],"gold":291,"score":232,"play_id":"ee18523c-2ea7-4b14-a3d7-e21d554c6f64","local_time":"20180530184314","is_prod":false,"is_daily":false,"chose_seed":false,"is_ascension_mode":true,"campfire_upgraded":4,"win_rate":0,"timestamp":1527720194,"campfire_choices":[{"data":"Zap","floor":6,"key":"SMITH"},{"data":"Electrodynamics","floor":10,"key":"SMITH"},{"data":"Scrape","floor":12,"key":"SMITH"},{"data":"BootSequence","floor":15,"key":"SMITH"}],"path_taken":["M","?","$","?","M","R","E","?","T","R","E","R","E","M","R","BOSS","M","?","M","M","M","E"],"build_version":"2018-05-29","seed_source_timestamp":190952410128541,"purchased_purges":0,"victory":false,"master_deck":["Strike_B","Strike_B","Strike_B","Defend_B","Defend_B","Defend_B","Zap+1","Dualcast+1","Beam Cell","BootSequence+1","Leap","Electrodynamics+1","Scrape+1","Go for the Eyes","Multi-Cast","Go for the Eyes+1","Sweeping Beam+1","White Noise","Gash+1"],"max_hp_per_floor":[75,75,75,75,75,75,75,75,75,75,75,75,85,85,85,85,85,85,85,85,85,85,85],"relics":["Cracked Core","Happy Flower","Question Card","Shuriken","Art of War","Pear","Sozu"],"card_choices":[{"not_picked":["Barrage","Redo"],"picked":"Beam Cell","floor":1},{"not_picked":["Compile Driver","Melter"],"picked":"BootSequence","floor":5},{"not_picked":["Steam","White Noise"],"picked":"Leap","floor":7},{"not_picked":["Compile Driver","Hello World","Heatsinks"],"picked":"Electrodynamics","floor":8},{"not_picked":["Sunder","Blizzard","Gash"],"picked":"Scrape","floor":11},{"not_picked":["Consume","Melter","Coolheaded","Chill"],"picked":"SKIP","floor":13},{"not_picked":["Gash","Turbo","Rebound"],"picked":"Go for the Eyes","floor":14},{"not_picked":["Electrodynamics","Core Surge","Meteor Strike"],"picked":"Multi-Cast","floor":16},{"not_picked":["Cold Snap+1","Turbo+1","Sweeping Beam"],"picked":"Go for the Eyes+1","floor":18},{"not_picked":["Turbo","Beam Cell","Steam"],"picked":"Sweeping Beam+1","floor":20},{"not_picked":["Barrage+1","Doom and Gloom","Coolheaded"],"picked":"White Noise","floor":21},{"not_picked":["Genetic Algorithm","Stack+1","Sweeping Beam"],"picked":"Gash+1","floor":22}],"player_experience":208767,"potions_floor_usage":[11,14,23],"damage_taken":[{"damage":2,"enemies":"Small Slimes","floor":1,"turns":3},{"damage":9,"enemies":"2 Louse","floor":5,"turns":2},{"damage":8,"enemies":"Lagavulin","floor":7,"turns":7},{"damage":0,"enemies":"Jaw Worm","floor":8,"turns":2},{"damage":29,"enemies":"Gremlin Nob","floor":11,"turns":4},{"damage":3,"enemies":"Lagavulin","floor":13,"turns":5},{"damage":15,"enemies":"Exordium Thugs","floor":14,"turns":4},{"damage":8,"enemies":"Hexaghost","floor":16,"turns":6},{"damage":17,"enemies":"Shell Parasite","floor":18,"turns":3},{"damage":24,"enemies":"3 Byrds","floor":20,"turns":5},{"damage":7,"enemies":"Centurion and Healer","floor":21,"turns":4},{"damage":0,"enemies":"Snake Plant","floor":22,"turns":3},{"damage":37,"enemies":"Slavers","floor":23,"turns":3}],"relics_obtained":[{"floor":4,"key":"Happy Flower"},{"floor":7,"key":"Question Card"},{"floor":9,"key":"Shuriken"},{"floor":11,"key":"Art of War"},{"floor":13,"key":"Pear"}],"event_choices":[{"event_name":"The Cleric","player_choice":"Card Removal","floor":2,"damage_taken":0},{"event_name":"Beggar","player_choice":"Gave Gold","floor":19,"damage_taken":0}],"boss_relics":[{"not_picked":["Calling Bell","Inserter"],"picked":"Sozu"}],"items_purged_floors":[],"potions_floor_spawned":[8,13,14,16,18],"seed_played":"-4399765723136242597","killed_by":"Slavers","ascension_level":2,"potions_obtained":[{"floor":8,"key":"SkillPotion"},{"floor":13,"key":"AttackPotion"},{"floor":14,"key":"Fire Potion"},{"floor":16,"key":"Strength Potion"}],"is_trial":false}