{"gold_per_floor":[117,42,42,54,74,74,90,90,90,90,90,103,122,33,33,105,105,120,120,120,134,152,152,171,0,0,0,0,0,14,30,30,102,102,114,133,183,183,183],"floor_reached":39,"playtime":2558,"items_purged":["Recycle"],"score":709,"play_id":"d386434d-9115-4239-b737-a952786ecb3b","local_time":"20180924192010","is_ascension_mode":true,"campfire_choices":[{"floor":6,"key":"REST"},{"data":"Zap","floor":8,"key":"SMITH"},{"data":"Dualcast","floor":11,"key":"SMITH"},{"data":"Self Repair","floor":15,"key":"SMITH"},{"floor":23,"key":"REST"},{"data":"Buffer","floor":29,"key":"SMITH"},{"data":"Zap","floor":32,"key":"SMITH"}],"neow_cost":"NONE","seed_source_timestamp":799366081066980,"circlet_count":0,"master_deck":["Strike_B","Strike_B","Strike_B","Defend_B","Defend_B","Defend_B","Defend_B","Zap+1","Dualcast+1","AscendersBane","Sunder+1","Glacier","Beam Cell","Ball Lightning+1","Ball Lightning+1","Self Repair+1","Buffer+1","Beam Cell+1","Zap+1","Electrodynamics","RitualDagger+1","Lockon+1","Hologram+1","Glacier","All For One+1"],"relics":["Cracked Core","Shuriken","Molten Egg 2","Sozu","Centennial Puzzle","Inserter"],"potions_floor_usage":[12,16,16],"damage_taken":[{"damage":7,"enemies":"Jaw Worm","floor":1,"turns":3},{"damage":8,"enemies":"Small Slimes","floor":4,"turns":3},{"damage":0,"enemies":"Cultist","floor":5,"turns":2},{"damage":0,"enemies":"2 Fungi Beasts","floor":7,"turns":2},{"damage":0,"enemies":"Large Slime","floor":12,"turns":4},{"damage":0,"enemies":"Lots of Slimes","floor":13,"turns":3},{"damage":34,"enemies":"Slime Boss","floor":16,"turns":10},{"damage":0,"enemies":"2 Thieves","floor":18,"turns":3},{"damage":21,"enemies":"Shell Parasite","floor":21,"turns":3},{"damage":4,"enemies":"Snecko","floor":22,"turns":5},{"damage":12,"enemies":"3 Cultists","floor":24,"turns":3},{"damage":0,"enemies":"Colosseum Slavers","floor":27,"turns":2},{"damage":21,"enemies":"Snake Plant","floor":30,"turns":3},{"damage":0,"enemies":"Snecko","floor":31,"turns":3},{"damage":39,"enemies":"Automaton","floor":33,"turns":9},{"damage":20,"enemies":"3 Shapes","floor":35,"turns":3},{"damage":26,"enemies":"3 Darklings","floor":36,"turns":5},{"damage":27,"enemies":"Transient","floor":39,"turns":5}],"seed_played":"-568993423363282179","potions_obtained":[{"floor":1,"key":"SteroidPotion"},{"floor":5,"key":"FocusPotion"},{"floor":7,"key":"FocusPotion"},{"floor":12,"key":"SkillPotion"}],"is_trial":false,"path_per_floor":["M","$","?","M","M","R","M","R","T","?","R","M","M","$","R","B",null,"M","?","?","M","M","R","M","?","T","?","$","R","M","M","R","B",null,"M","M","?","?"],"character_chosen":"DEFECT","items_purchased":["Self Repair"],"campfire_rested":2,"item_purchase_floors":[14],"current_hp_per_floor":[57,57,57,49,49,70,70,70,70,59,59,59,59,59,59,35,62,62,62,56,35,41,62,60,60,60,70,70,70,59,69,69,40,63,53,27,27,27,0],"gold":183,"neow_bonus":"TRANSFORM_CARD","is_prod":false,"is_daily":false,"chose_seed":false,"campfire_upgraded":5,"win_rate":0,"timestamp":1537809610,"path_taken":["M","$","?","M","M","R","?","R","T","?","R","?","M","$","R","BOSS","M","?","?","M","?","R","M","?","T","?","?","R","M","?","R","BOSS","M","M","?","?","M"],"build_version":"2018-09-20","purchased_purges":1,"victory":false,"max_hp_per_floor":[71,71,71,71,71,71,71,71,71,71,71,71,71,71,71,71,71,71,71,71,71,71,71,71,71,71,71,71,71,71,71,71,71,71,71,71,71,71,71],"card_choices":[{"not_picked":["Turbo","Conserve Battery"],"picked":"Sunder","floor":1},{"not_picked":["Turbo","Hologram"],"picked":"Glacier","floor":4},{"not_picked":["Lockon","Skim"],"picked":"Beam Cell","floor":5},{"not_picked":["Hologram","Leap","Fusion"],"picked":"SKIP","floor":7},{"not_picked":["Go for the Eyes+1","Reinforced Body"],"picked":"Ball Lightning+1","floor":12},{"not_picked":["Glacier","Coolheaded"],"picked":"Ball Lightning+1","floor":13},{"not_picked":["Thunder Strike+1","Creative AI"],"picked":"Buffer","floor":16},{"not_picked":["Darkness","Go for the Eyes+1"],"picked":"Beam Cell+1","floor":18},{"not_picked":["Gash+1","Chaos"],"picked":"FTL+1","floor":21},{"not_picked":["Coolheaded","Hello World"],"picked":"Lockon+1","floor":22},{"not_picked":["Stack","Cold Snap+1","Darkness"],"picked":"SKIP","floor":24},{"not_picked":["Capacitor","Rebound+1"],"picked":"Hologram+1","floor":30},{"not_picked":["Barrage+1","Cold Snap+1"],"picked":"Glacier","floor":31},{"not_picked":["Amplify","Echo Form"],"picked":"All For One+1","floor":33},{"not_picked":["Cold Snap+1","Go for the Eyes+1","Barrage+1"],"picked":"SKIP","floor":35},{"not_picked":["Fusion","Turbo","Gash+1"],"picked":"SKIP","floor":36}],"player_experience":633603,"relics_obtained":[{"floor":9,"key":"Shuriken"},{"floor":26,"key":"Centennial Puzzle"}],"event_choices":[{"event_name":"Living Wall","player_choice":"Grow","floor":3,"damage_taken":0},{"event_name":"Scrap Ooze","player_choice":"success","floor":10,"damage_taken":11},{"event_name":"Match and Keep!","player_choice":"2 cards matched","floor":19,"damage_taken":0},{"event_name":"Nest","player_choice":"Joined the Cult","floor":20,"damage_taken":0},{"event_name":"Masked Bandits","player_choice":"Paid Fearfully","floor":25,"damage_taken":0},{"event_name":"Colosseum","player_choice":"Fight","floor":27,"damage_taken":0},{"event_name":"Colosseum","player_choice":"Fled From Nobs","floor":27,"damage_taken":0},{"event_name":"Golden Shrine","player_choice":"Pray","floor":37,"damage_taken":0},{"event_name":"Falling","player_choice":"Removed Attack","floor":38,"damage_taken":0}],"is_beta":false,"boss_relics":[{"not_picked":["Snecko Eye","Runic Dome"],"picked":"Sozu"},{"not_picked":["Philosopher\u0027s Stone","Busted Crown"],"picked":"Inserter"}],"items_purged_floors":[2],"is_endless":false,"potions_floor_spawned":[1,5,7,12,21,24,27,31,35],"killed_by":"Transient","ascension_level":18}