{"path_per_floor":["M","?","?","$","M","R","E","R","T","R","E","M","?","M","R","B",null,"M","$","M","M","$","E","M","M","T","M","E","R","E","M","R","B",null,"M","M","?","?","M","R","E","R","T","?","R","M","E","M","R","B"],"character_chosen":"THE_SILENT","items_purchased":["Bandage Up","Backflip","Apotheosis"],"gold_per_floor":[112,287,287,144,162,162,187,187,265,265,296,315,315,325,325,426,426,445,190,200,219,119,146,163,176,176,195,229,229,254,271,271,375,375,386,398,398,398,410,410,443,443,443,443,443,459,492,503,503,503],"floor_reached":51,"campfire_rested":3,"playtime":8172,"current_hp_per_floor":[58,58,51,51,53,53,21,42,42,42,2,6,6,10,31,19,57,53,53,59,54,54,48,50,50,50,53,42,42,45,53,53,55,66,58,66,66,66,65,65,69,69,69,59,59,48,53,33,76,55],"items_purged":["Strike_G","Defend_G"],"gold":503,"score":1043,"play_id":"7a5e73ec-015c-465b-81c7-d1664314a065","local_time":"20180314205235","is_prod":false,"is_daily":false,"is_ascension_mode":true,"campfire_upgraded":7,"timestamp":1521085955,"path_taken":["M","?","?","$","M","R","E","R","T","R","E","M","?","M","R","BOSS","M","$","?","M","$","E","M","M","T","M","E","R","E","M","R","BOSS","M","?","?","?","M","R","E","R","T","?","R","M","E","M","R","BOSS"],"build_version":"2018-03-09","purchased_purges":2,"victory":true,"master_deck":["Defend_G","Defend_G","Defend_G","Defend_G","Strike_G","Strike_G","Strike_G","Strike_G","Survivor","Neutralize+1","Escape Plan","Prepared+1","Bandage Up","Backflip+1","Prepared+1","Sucker Punch","Noxious Fumes+1","Glass Knife","Catalyst","Apotheosis+1","Envenom+1","Dodge and Roll+1","Backflip+1","Acrobatics+1","Glass Knife","Sucker Punch+1","Riddle With Holes","Escape Plan","Cloak And Dagger","Madness","Madness"],"max_hp_per_floor":[70,70,70,70,70,70,70,70,70,70,70,70,70,70,70,70,70,70,70,70,70,70,70,70,70,70,70,70,70,70,70,70,70,70,70,70,70,70,70,70,80,80,80,80,80,80,94,94,94,94],"relics":["Ring of the Snake","Centennial Puzzle","Paper Crane","Omamori","Sozu","Blood Vial","Thread and Needle","Mummified Hand","Regal Pillow","Black Star","Pear","Frozen Egg 2","Bronze Scales","Mango","Ginger"],"card_choices":[{"not_picked":["Finisher","Dash"],"picked":"Escape Plan"},{"not_picked":["Dash","Distraction"],"picked":"Prepared"},{"not_picked":["Backstab","Flechettes"],"picked":"Prepared"},{"not_picked":["Expertise","Reflex"],"picked":"Sucker Punch"},{"not_picked":["Underhanded Strike","Backstab"],"picked":"Noxious Fumes"},{"not_picked":["Wraith Form","Bullet Time"],"picked":"Glass Knife"},{"not_picked":["Masterful Stab","Backflip"],"picked":"Catalyst"},{"not_picked":["Dagger Spray","Bane"],"picked":"Envenom"},{"not_picked":["Deflect","Quick Slash"],"picked":"Dodge and Roll"},{"not_picked":["Eviscerate","Masterful Stab"],"picked":"Backflip"},{"not_picked":["Flying Knee","Prepared"],"picked":"Acrobatics"},{"not_picked":["Tools of the Trade","Tactician"],"picked":"Glass Knife"},{"not_picked":["Backflip","Infinite Blades"],"picked":"Sucker Punch"},{"not_picked":["Reflex","Poisoned Stab"],"picked":"Riddle With Holes"},{"not_picked":["Prepared","Skewer"],"picked":"Escape Plan"},{"not_picked":["Choke","Eviscerate"],"picked":"Cloak And Dagger"}],"player_experience":224321,"potions_floor_usage":[11,23],"damage_taken":[{"damage":5,"enemies":"2 Louse","floor":1,"turns":4},{"damage":2,"enemies":"Cultist","floor":5,"turns":5},{"damage":36,"enemies":"3 Sentries","floor":7,"turns":15},{"damage":44,"enemies":"Gremlin Nob","floor":11,"turns":8},{"damage":0,"enemies":"Small Slimes","floor":12,"turns":4},{"damage":0,"enemies":"Red Slaver","floor":14,"turns":4},{"damage":16,"enemies":"The Guardian","floor":16,"turns":14},{"damage":8,"enemies":"Spheric Guardian","floor":18,"turns":5},{"damage":0,"enemies":"3 Byrds","floor":20,"turns":4},{"damage":9,"enemies":"Snecko","floor":21,"turns":7},{"damage":10,"enemies":"Slavers","floor":23,"turns":6},{"damage":4,"enemies":"Chosen and Byrds","floor":24,"turns":5},{"damage":6,"enemies":"Centurion and Healer","floor":25,"turns":6},{"damage":3,"enemies":"Snecko","floor":27,"turns":6},{"damage":19,"enemies":"Gremlin Leader","floor":28,"turns":7},{"damage":5,"enemies":"Slavers","floor":30,"turns":6},{"damage":0,"enemies":"Snake Plant","floor":31,"turns":4},{"damage":4,"enemies":"Collector","floor":33,"turns":7},{"damage":12,"enemies":"3 Darklings","floor":35,"turns":5},{"damage":0,"enemies":"3 Shapes","floor":36,"turns":4},{"damage":9,"enemies":"3 Darklings","floor":39,"turns":5},{"damage":11,"enemies":"Giant Head","floor":41,"turns":9},{"damage":19,"enemies":"Maw","floor":46,"turns":6},{"damage":17,"enemies":"2 Orb Walkers","floor":47,"turns":5},{"damage":26,"enemies":"Sphere and 2 Shapes","floor":48,"turns":7},{"damage":29,"enemies":"Donu and Deca","floor":50,"turns":10}],"event_choices":[{"event_name":"Liars Game","player_choice":"agreed","floor":2,"damage_taken":0},{"event_name":"Golden Wing","player_choice":"Card Removal","floor":3,"damage_taken":0},{"event_name":"Upgrade Shrine","player_choice":"Upgraded","floor":13,"damage_taken":0},{"event_name":"Tomb of Lord Red Mask","player_choice":"Ignored","floor":37,"damage_taken":0},{"event_name":"Mysterious Sphere","player_choice":"Ignore","floor":38,"damage_taken":0},{"event_name":"Winding Halls","player_choice":"Embrace Madness","floor":44,"damage_taken":0}],"boss_relics":[{"not_picked":["Velvet Choker","Runic Pyramid"],"picked":"Sozu"},{"not_picked":["Astrolabe","Philosopher\u0027s Stone"],"picked":"Black Star"}],"potions_floor_spawned":[5,7,21,23,27,30,31,33,35,46,48],"seed_played":"4836289185419923135","ascension_level":8,"is_trial":false}