{"gold_per_floor":[213,225,251,262,262,262,288,288,311,322,40,58,58,75,75,178,178,195,120,135,135,135,135,148,148,148,160,160,160,175,194,194,294,294,311,311,291,291,310,310,321,338,338,338,352,352,363,0,0,0],"floor_reached":51,"playtime":1972,"items_purged":["Lockon+1"],"score":728,"play_id":"81b843c3-1ade-4d5a-b2eb-8ebf981a0d82","local_time":"20190121215657","is_ascension_mode":false,"campfire_choices":[{"data":"Streamline","floor":6,"key":"SMITH"},{"data":"Zap","floor":8,"key":"SMITH"},{"floor":13,"key":"REST"},{"data":"Dualcast","floor":15,"key":"SMITH"},{"data":"Gash","floor":23,"key":"SMITH"},{"data":"Go for the Eyes","floor":25,"key":"SMITH"},{"data":"Beam Cell","floor":28,"key":"SMITH"},{"data":"Coolheaded","floor":32,"key":"SMITH"},{"data":"Cold Snap","floor":40,"key":"SMITH"},{"data":"Hologram","floor":44,"key":"SMITH"},{"floor":46,"key":"REST"},{"data":"Defend_B","floor":49,"key":"SMITH"}],"neow_cost":"NONE","seed_source_timestamp":69225901564945,"circlet_count":0,"master_deck":["Defend_B","Defend_B","Defend_B+1","Zap+1","Dualcast+1","Cold Snap+1","Streamline+1","Go for the Eyes+1","Gash+1","Beam Cell+1","Cold Snap+1","Steam+1","Cold Snap+1","Hologram+1","Coolheaded+1","Bite","Bite","Bite","Bite","Bite","Writhe","Leap+1","Leap+1","Gash+1","Gash+1"],"relics":["Cracked Core","Regal Pillow","Vajra","Whetstone","DataDisk","Tiny Chest","Astrolabe","Ornamental Fan","Bottled Lightning","Inserter","The Courier","Red Mask"],"potions_floor_usage":[7,7,14,16,16,18,24,30,33,38,39],"damage_taken":[{"damage":1,"enemies":"Cultist","floor":1,"turns":3},{"damage":14,"enemies":"Jaw Worm","floor":2,"turns":3},{"damage":0,"enemies":"2 Louse","floor":4,"turns":2},{"damage":23,"enemies":"3 Sentries","floor":7,"turns":9},{"damage":3,"enemies":"Blue Slaver","floor":10,"turns":3},{"damage":7,"enemies":"Looter","floor":12,"turns":2},{"damage":0,"enemies":"Exordium Wildlife","floor":14,"turns":3},{"damage":40,"enemies":"The Guardian","floor":16,"turns":9},{"damage":5,"enemies":"Shell Parasite","floor":18,"turns":3},{"damage":0,"enemies":"Spheric Guardian","floor":20,"turns":3},{"damage":11,"enemies":"Centurion and Healer","floor":24,"turns":6},{"damage":18,"enemies":"Snake Plant","floor":27,"turns":5},{"damage":2,"enemies":"Snecko","floor":30,"turns":4},{"damage":15,"enemies":"Shelled Parasite and Fungi","floor":31,"turns":4},{"damage":47,"enemies":"Collector","floor":33,"turns":12},{"damage":6,"enemies":"Orb Walker","floor":35,"turns":3},{"damage":0,"enemies":"3 Darklings","floor":38,"turns":1},{"damage":6,"enemies":"4 Shapes","floor":39,"turns":10},{"damage":20,"enemies":"Writhing Mass","floor":41,"turns":10},{"damage":24,"enemies":"Sphere and 2 Shapes","floor":42,"turns":7},{"damage":23,"enemies":"Maw","floor":45,"turns":9},{"damage":2,"enemies":"Transient","floor":47,"turns":5},{"damage":47,"enemies":"Time Eater","floor":50,"turns":14}],"seed_played":"-4020121442947137999","potions_obtained":[{"floor":4,"key":"FearPotion"},{"floor":5,"key":"Weak Potion"},{"floor":5,"key":"Energy Potion"},{"floor":5,"key":"PowerPotion"},{"floor":7,"key":"SpeedPotion"},{"floor":10,"key":"FairyPotion"},{"floor":14,"key":"FearPotion"},{"floor":16,"key":"PowerPotion"},{"floor":20,"key":"SkillPotion"},{"floor":27,"key":"Fire Potion"},{"floor":30,"key":"Explosive Potion"},{"floor":35,"key":"Fire Potion"},{"floor":37,"key":"SmokeBomb"},{"floor":41,"key":"FairyPotion"}],"is_trial":false,"path_per_floor":["M","M","T","M","?","R","E","R","T","M","$","M","R","M","R","B",null,"M","$","M","?","?","R","M","R","T","M","R","T","M","M","R","B",null,"M","?","?","M","M","R","M","M","T","R","M","R","M","?","R","B",null],"character_chosen":"DEFECT","items_purchased":["DataDisk","Tiny Chest"],"campfire_rested":2,"item_purchase_floors":[11,11],"current_hp_per_floor":[74,60,60,60,60,60,37,37,37,34,34,27,64,64,64,24,75,70,70,70,70,52,52,47,47,47,37,37,37,47,40,40,13,52,46,52,52,52,46,46,36,24,24,24,15,45,50,50,50,25],"gold":0,"neow_bonus":"HUNDRED_GOLD","is_prod":false,"is_daily":false,"chose_seed":false,"campfire_upgraded":10,"win_rate":0,"timestamp":1548125817,"path_taken":["M","M","?","?","?","R","E","R","T","?","$","M","R","M","R","BOSS","M","$","M","?","?","R","M","R","T","M","R","?","M","M","R","BOSS","M","?","?","?","M","R","M","M","T","R","M","R","M","?","R","BOSS"],"build_version":"2019-01-17v2","purchased_purges":1,"victory":true,"max_hp_per_floor":[75,75,75,75,75,75,75,75,75,75,75,75,75,75,75,75,75,75,75,75,75,52,52,52,52,52,52,52,52,52,52,52,52,52,52,52,52,52,52,52,52,52,52,52,52,52,52,52,52,52],"card_choices":[{"not_picked":["Auto Shields","Consume"],"picked":"Cold Snap","floor":1},{"not_picked":["Redo","Reinforced Body","Steam Power"],"picked":"SKIP","floor":2},{"not_picked":["Barrage","Reinforced Body"],"picked":"Streamline","floor":4},{"not_picked":["Beam Cell","Chaos"],"picked":"Go for the Eyes","floor":7},{"not_picked":["Skim","Rip and Tear","Conserve Battery"],"picked":"SKIP","floor":10},{"not_picked":["Compile Driver","Rebound"],"picked":"Gash","floor":12},{"not_picked":["Steam","Defragment"],"picked":"Beam Cell","floor":14},{"not_picked":["Redo","Steam Power"],"picked":"Cold Snap+1","floor":18},{"not_picked":["Compile Driver","Sweeping Beam"],"picked":"Hologram","floor":20},{"not_picked":["Consume","Sunder+1","Hologram"],"picked":"SKIP","floor":24},{"not_picked":["BootSequence","Turbo","Buffer"],"picked":"SKIP","floor":27},{"not_picked":["Barrage+1","Stack","Rip and Tear"],"picked":"SKIP","floor":30},{"not_picked":["Blizzard+1","Rebound","Beam Cell"],"picked":"SKIP","floor":31},{"not_picked":["Fusion","Double Energy+1","Chaos+1"],"picked":"SKIP","floor":35},{"not_picked":["Redo","White Noise"],"picked":"Leap+1","floor":39},{"not_picked":["Redo","Gash"],"picked":"Leap+1","floor":41},{"not_picked":["Ball Lightning","Conserve Battery+1"],"picked":"Gash+1","floor":42},{"not_picked":["Cold Snap","Blizzard+1"],"picked":"Gash+1","floor":45},{"not_picked":["Static Discharge","Stack","Ball Lightning"],"picked":"SKIP","floor":47}],"player_experience":560068,"relics_obtained":[{"floor":3,"key":"Regal Pillow"},{"floor":7,"key":"Vajra"},{"floor":9,"key":"Whetstone"},{"floor":26,"key":"Ornamental Fan"},{"floor":29,"key":"Bottled Lightning"},{"floor":43,"key":"The Courier"}],"event_choices":[{"damage_healed":0,"gold_gain":0,"player_choice":"Got Potions","damage_taken":0,"max_hp_gain":0,"max_hp_loss":0,"event_name":"Lab","floor":5,"gold_loss":0},{"damage_healed":0,"gold_gain":0,"player_choice":"Read","damage_taken":0,"max_hp_gain":0,"max_hp_loss":0,"event_name":"The Library","floor":21,"gold_loss":0,"cards_obtained":["Coolheaded"]},{"damage_healed":0,"gold_gain":0,"player_choice":"Became a vampire","damage_taken":0,"max_hp_gain":0,"max_hp_loss":23,"event_name":"Vampires","floor":22,"gold_loss":0,"cards_obtained":["Bite","Bite","Bite","Bite","Bite"]},{"damage_healed":13,"gold_gain":0,"player_choice":"Writhe","damage_taken":0,"max_hp_gain":0,"max_hp_loss":0,"event_name":"Winding Halls","floor":36,"gold_loss":0,"cards_obtained":["Writhe"]},{"damage_healed":0,"gold_gain":0,"player_choice":"Bought 1 Potion","damage_taken":0,"max_hp_gain":0,"max_hp_loss":0,"event_name":"The Woman in Blue","floor":37,"gold_loss":0},{"damage_healed":0,"gold_gain":0,"player_choice":"Paid","damage_taken":0,"relics_obtained":["Red Mask"],"max_hp_gain":0,"max_hp_loss":0,"event_name":"Tomb of Lord Red Mask","floor":48,"gold_loss":363}],"is_beta":false,"boss_relics":[{"not_picked":["Pandora\u0027s Box","Fusion Hammer"],"picked":"Astrolabe"},{"not_picked":["White Beast Statue","Tiny House"],"picked":"Inserter"}],"items_purged_floors":[19],"is_endless":false,"potions_floor_spawned":[4,7,10,14,16,20,27,30,35,41],"ascension_level":0}