{"gold_per_floor":[110,60,60,60,25,51,51,79,160,191,208,537,555,569,569,671,671,671,431,371,371,371,371,371,371,371,371,371,371,371,371,371,371,371,371,371,371,371,371,371],"floor_reached":40,"playtime":2889,"items_purged":[],"score":850,"play_id":"c3970a3d-d056-4805-8a01-eef22e42c0a8","local_time":"20180628201507","is_ascension_mode":true,"campfire_choices":[{"floor":7,"key":"REST"},{"floor":15,"key":"DIG"},{"floor":23,"key":"DIG"},{"floor":25,"key":"REST"},{"floor":29,"key":"DIG"},{"floor":32,"key":"REST"}],"neow_cost":"NONE","seed_source_timestamp":459569104660708,"circlet_count":0,"master_deck":["Defend_G","Defend_G","Defend_G","Strike_G","Strike_G","Strike_G","Strike_G","Strike_G","Survivor","Neutralize+1","AscendersBane","Dodge and Roll","Bouncing Flask+1","Catalyst","Sucker Punch+1","Blur+1","Terror","Quick Slash","PiercingWail","Cloak And Dagger","Venomology","Escape Plan","Quick Slash","Crippling Poison","RitualDagger","Flying Knee+1","Cloak And Dagger","Burst","Secret Technique","Cloak And Dagger","Prepared+1"],"relics":["Ring of the Snake","Regal Pillow","Orichalcum","Thread and Needle","Letter Opener","Shovel","Old Coin","War Paint","Ectoplasm","Bottled Lightning","Omamori","Bag of Marbles","Question Card","Whetstone","Oddly Smooth Stone","Black Star"],"potions_floor_usage":[16,18,20,22,24,27,30,30,31,33,33,35,35,38,38,39,40],"damage_taken":[{"damage":1,"enemies":"Small Slimes","floor":1,"turns":5},{"damage":26,"enemies":"Lagavulin","floor":6,"turns":7},{"damage":18,"enemies":"Gremlin Nob","floor":8,"turns":4},{"damage":0,"enemies":"3 Sentries","floor":10,"turns":12},{"damage":0,"enemies":"2 Louse","floor":11,"turns":3},{"damage":3,"enemies":"Lagavulin","floor":12,"turns":6},{"damage":0,"enemies":"Cultist","floor":13,"turns":3},{"damage":0,"enemies":"Blue Slaver","floor":14,"turns":3},{"damage":0,"enemies":"The Guardian","floor":16,"turns":8},{"damage":3,"enemies":"3 Byrds","floor":18,"turns":5},{"damage":2,"enemies":"2 Thieves","floor":20,"turns":4},{"damage":1,"enemies":"3 Cultists","floor":22,"turns":6},{"damage":33,"enemies":"Book of Stabbing","floor":24,"turns":6},{"damage":3,"enemies":"Snake Plant","floor":27,"turns":4},{"damage":13,"enemies":"Gremlin Leader","floor":30,"turns":5},{"damage":10,"enemies":"Centurion and Healer","floor":31,"turns":10},{"damage":34,"enemies":"Automaton","floor":33,"turns":11},{"damage":45,"enemies":"3 Darklings","floor":35,"turns":8},{"damage":0,"enemies":"3 Shapes","floor":37,"turns":4},{"damage":0,"enemies":"Maw","floor":38,"turns":7},{"damage":7,"enemies":"Sphere and 2 Shapes","floor":39,"turns":6},{"damage":30,"enemies":"2 Orb Walkers","floor":40,"turns":3}],"seed_played":"7658879321559383870","potions_obtained":[{"floor":6,"key":"SkillPotion"},{"floor":12,"key":"Ancient Potion"},{"floor":14,"key":"LiquidBronze"},{"floor":18,"key":"SpeedPotion"},{"floor":33,"key":"Strength Potion"},{"floor":35,"key":"Ancient Potion"}],"is_trial":false,"path_per_floor":["M","?","?","?","$","E","R","E","T","E","M","E","M","M","R","B",null,"M","$","M","?","M","R","E","R","T","M","?","R","E","M","R","B",null,"M","?","M","M","M"],"character_chosen":"THE_SILENT","items_purchased":["Bouncing Flask","Bottled Lightning"],"campfire_rested":3,"item_purchase_floors":[5,19],"current_hp_per_floor":[62,62,67,60,60,34,71,53,53,53,53,50,50,50,50,50,69,66,66,64,50,49,49,30,69,69,66,60,60,47,37,76,42,71,26,26,26,26,19,0],"gold":371,"neow_bonus":"RANDOM_COMMON_RELIC","is_prod":false,"is_daily":false,"chose_seed":false,"campfire_upgraded":0,"win_rate":0,"timestamp":1530242107,"path_taken":["M","?","?","?","$","E","R","E","T","E","M","E","?","M","R","BOSS","M","$","M","?","M","R","E","R","T","M","?","R","E","?","R","BOSS","M","?","M","M","M","E"],"build_version":"2018-06-21v2","purchased_purges":0,"victory":false,"max_hp_per_floor":[70,70,75,75,75,75,75,75,75,75,75,75,75,75,75,75,75,75,75,75,80,80,80,80,80,80,80,80,80,80,80,80,80,80,80,80,80,80,80,80],"card_choices":[{"not_picked":["Finisher","Setup"],"picked":"Dodge and Roll","floor":1},{"not_picked":["Acrobatics","Dodge and Roll"],"picked":"Catalyst","floor":6},{"not_picked":["Bane","Deadly Poison"],"picked":"Sucker Punch","floor":8},{"not_picked":["Catalyst","Eviscerate","Blur"],"picked":"SKIP","floor":10},{"not_picked":["Catalyst","Eviscerate"],"picked":"Blur","floor":10},{"not_picked":["Prepared","Leg Sweep"],"picked":"Terror","floor":11},{"not_picked":["Eviscerate","Underhanded Strike"],"picked":"Quick Slash","floor":12},{"not_picked":["Wraith Form v2","Expertise"],"picked":"PiercingWail","floor":13},{"not_picked":["Underhanded Strike","Riddle With Holes"],"picked":"Cloak And Dagger","floor":14},{"not_picked":["Unload","Doppelganger"],"picked":"Venomology","floor":16},{"not_picked":["Backstab","Quick Slash"],"picked":"Escape Plan","floor":18},{"not_picked":["Outmaneuver","Finisher"],"picked":"Quick Slash","floor":20},{"not_picked":["Expertise","Deadly Poison","Underhanded Strike"],"picked":"SKIP","floor":22},{"not_picked":["PiercingWail","Night Terror"],"picked":"Crippling Poison","floor":24},{"not_picked":["Heel Hook","Slice","PiercingWail","Bane"],"picked":"SKIP","floor":27},{"not_picked":["Blade Dance","Tactician","Dagger Spray+1"],"picked":"Flying Knee+1","floor":30},{"not_picked":["Dagger Spray","Accuracy+1","Prepared"],"picked":"Cloak And Dagger","floor":31},{"not_picked":["Glass Knife","Bullet Time","Die Die Die"],"picked":"Burst","floor":33},{"not_picked":["Finisher+1","All Out Attack","Bane","Deflect"],"picked":"SKIP","floor":35},{"not_picked":["Jack Of All Trades","Magnetism","Trip"],"picked":"Secret Technique","floor":36},{"not_picked":["Flying Knee","Dagger Spray","PiercingWail"],"picked":"Cloak And Dagger","floor":37},{"not_picked":["Poisoned Stab","Finisher+1","Sucker Punch"],"picked":"Prepared+1","floor":38},{"not_picked":["Outmaneuver+1","Flying Knee","Underhanded Strike+1","Reflex"],"picked":"SKIP","floor":39}],"player_experience":329324,"relics_obtained":[{"floor":6,"key":"Orichalcum"},{"floor":8,"key":"Thread and Needle"},{"floor":9,"key":"Letter Opener"},{"floor":10,"key":"Shovel"},{"floor":12,"key":"Old Coin"},{"floor":15,"key":"War Paint"},{"floor":23,"key":"Omamori"},{"floor":24,"key":"Bag of Marbles"},{"floor":26,"key":"Question Card"},{"floor":29,"key":"Whetstone"},{"floor":30,"key":"Oddly Smooth Stone"}],"event_choices":[{"event_name":"The Cleric","player_choice":"Card Removal","floor":2,"damage_taken":0},{"event_name":"Big Fish","player_choice":"Donut","floor":3,"damage_taken":0},{"event_name":"Golden Wing","player_choice":"Card Removal","floor":4,"damage_taken":0},{"event_name":"Forgotten Altar","player_choice":"Shed Blood","floor":21,"damage_taken":0},{"event_name":"Nest","player_choice":"Joined the Cult","floor":28,"damage_taken":0},{"event_name":"SensoryStone","player_choice":"Memory 1","floor":36,"damage_taken":0}],"boss_relics":[{"not_picked":["Runic Pyramid","Snecko Eye"],"picked":"Ectoplasm"},{"not_picked":["White Beast Statue","Coffee Dripper"],"picked":"Black Star"}],"items_purged_floors":[],"is_endless":false,"potions_floor_spawned":[6,12,14,18,24,33,35,37],"killed_by":"2 Orb Walkers","ascension_level":12}