{"gold_per_floor":[209,209,67,86,101,101,127,137,192,192,210,237,237,249,249,249],"floor_reached":16,"playtime":742,"items_purged":["Strike_B"],"score":168,"play_id":"7d614e7e-3f69-4205-9b16-db3354632128","local_time":"20180917225837","is_ascension_mode":true,"campfire_choices":[{"data":"Dualcast","floor":6,"key":"SMITH"},{"floor":10,"key":"REST"},{"floor":15,"key":"REST"}],"neow_cost":"NONE","seed_source_timestamp":209482704238827,"circlet_count":0,"master_deck":["Strike_B","Strike_B","Strike_B","Defend_B","Defend_B","Defend_B","Defend_B","Zap","Dualcast+1","AscendersBane","Sunder","Storm","Steam","Defragment","Multi-Cast","Undo","Self Repair","BootSequence"],"relics":["Cracked Core","Blue Candle","Orichalcum","Strawberry"],"potions_floor_usage":[7,11,12,16,16],"damage_taken":[{"damage":4,"enemies":"Small Slimes","floor":1,"turns":4},{"damage":0,"enemies":"Cultist","floor":4,"turns":3},{"damage":0,"enemies":"2 Louse","floor":5,"turns":1},{"damage":29,"enemies":"Lagavulin","floor":7,"turns":5},{"damage":14,"enemies":"Red Slaver","floor":8,"turns":3},{"damage":0,"enemies":"Gremlin Gang","floor":11,"turns":3},{"damage":28,"enemies":"3 Sentries","floor":12,"turns":6},{"damage":0,"enemies":"3 Louse","floor":14,"turns":2},{"damage":75,"enemies":"Hexaghost","floor":16,"turns":10}],"seed_played":"7684316003238707165","potions_obtained":[{"floor":1,"key":"FearPotion"},{"floor":2,"key":"Explosive Potion"},{"floor":2,"key":"SmokeBomb"},{"floor":7,"key":"SpeedPotion"},{"floor":12,"key":"FocusPotion"},{"floor":14,"key":"Poison Potion"}],"is_trial":false,"path_per_floor":["M","?","$","M","M","R","E","M","T","R","M","E","?","M","R"],"character_chosen":"DEFECT","items_purchased":["Storm"],"campfire_rested":2,"item_purchase_floors":[3],"current_hp_per_floor":[64,64,64,64,64,64,35,21,21,43,43,22,49,49,73,0],"gold":249,"neow_bonus":"HUNDRED_GOLD","is_prod":false,"is_daily":false,"chose_seed":false,"campfire_upgraded":1,"win_rate":0,"timestamp":1537217917,"path_taken":["M","?","$","M","M","R","E","?","T","R","?","E","?","M","R","BOSS"],"build_version":"2018-09-06","purchased_purges":1,"victory":false,"max_hp_per_floor":[75,75,75,75,75,75,75,75,75,75,75,82,82,82,82,82],"card_choices":[{"not_picked":["Compile Driver","Go for the Eyes"],"picked":"Sunder","floor":1},{"not_picked":["Cold Snap","Chaos"],"picked":"Steam","floor":4},{"not_picked":["Chaos","Blizzard"],"picked":"Defragment","floor":5},{"not_picked":["Coolheaded","Hologram"],"picked":"Multi-Cast","floor":7},{"not_picked":["Reinforced Body","Leap"],"picked":"Undo","floor":8},{"not_picked":["Capacitor","Streamline","Gash"],"picked":"SKIP","floor":11},{"not_picked":["Genetic Algorithm","Conserve Battery"],"picked":"Self Repair","floor":12},{"not_picked":["Coolheaded","Leap"],"picked":"BootSequence","floor":14}],"player_experience":310307,"relics_obtained":[{"floor":7,"key":"Blue Candle"},{"floor":9,"key":"Orichalcum"},{"floor":12,"key":"Strawberry"}],"event_choices":[{"event_name":"The Lab","player_choice":"Got Potions","floor":2,"damage_taken":0},{"event_name":"Big Fish","player_choice":"Banana","floor":13,"damage_taken":0}],"is_beta":false,"boss_relics":[],"items_purged_floors":[3],"is_endless":false,"potions_floor_spawned":[1,7,12,14],"killed_by":"Hexaghost","ascension_level":10}