{"path_per_floor":["M","?","?","M","$","E","R","E","T","E","R","M","R","E","R","B",null,"M","T","?","M","$","E","R","E","T","E","M","E","R","M","R","B",null,"M","$","?","M","M","E","R","E","T","T","?","E","R","E","R","B"],"character_chosen":"THE_SILENT","items_purchased":["Flash of Steel","Footwork","Shuriken","Acrobatics"],"gold_per_floor":[114,114,114,129,54,84,84,114,114,144,144,159,159,189,189,289,289,304,304,304,319,44,74,74,104,104,134,149,179,179,194,194,294,324,339,41,0,15,30,60,60,90,115,140,440,470,470,500,500,500],"floor_reached":51,"campfire_rested":1,"playtime":3683,"current_hp_per_floor":[70,63,56,56,56,35,56,49,55,52,52,53,53,50,50,55,82,71,77,77,86,86,83,83,77,83,77,91,71,71,71,71,87,105,105,105,105,105,98,105,105,105,111,117,117,112,112,117,117,110],"items_purged":["Strike_G","Strike_G"],"gold":500,"score":1140,"play_id":"511f0e47-020e-4d50-bdbf-4061ce1ef166","local_time":"20180425173810","daily_mods":["Heirloom","Cursed Run","Elite Swarm"],"is_prod":false,"is_daily":true,"chose_seed":false,"is_ascension_mode":false,"campfire_upgraded":7,"timestamp":1524703090,"path_taken":["M","?","?","M","$","E","R","E","T","E","R","M","R","E","R","BOSS","M","?","?","?","$","E","R","E","T","E","M","E","R","M","R","BOSS","M","$","?","M","M","E","R","E","T","?","?","E","R","E","R","BOSS"],"build_version":"2018-04-19","seed_source_timestamp":0,"purchased_purges":3,"victory":true,"master_deck":["Defend_G+1","Defend_G+1","Defend_G+1","Defend_G+1","Strike_G+1","Strike_G+1","Strike_G+1","Survivor","Neutralize+1","Flying Knee","Sucker Punch","A Thousand Cuts+1","Venomology","Envenom+1","Adrenaline","Parasite","Backflip+1","Injury","Infinite Blades","Flash of Steel","Footwork+1","Envenom+1","A Thousand Cuts+1","Clumsy","Burst+1","Caltrops","Deflect+1","Injury","Glass Knife","Cloak And Dagger","Backflip+1","Acrobatics","Tools of the Trade+1","Glass Knife","Doubt","Adrenaline","A Thousand Cuts+1"],"max_hp_per_floor":[70,70,70,70,70,70,70,70,76,76,76,76,76,76,76,82,82,82,88,88,88,88,88,88,88,94,94,94,94,94,94,94,100,105,105,105,105,105,105,105,105,105,111,117,117,117,117,117,117,117],"relics":["Cursed Key","Darkstone Periapt","Du-Vu Doll","Bird Faced Urn","Peace Pipe","Blood Vial","Gremlin Horn","Mummified Hand","Whetstone","Orichalcum","Gambling Chip","Anchor","Meat on the Bone","Tough Bandages","Letter Opener","War Paint","Tiny House","Shuriken","Red Mask","Regal Pillow","Kunai","Juzu Bracelet","Bag of Marbles","Omamori","Snake Skull"],"card_choices":[{"not_picked":["All Out Attack","Endless Agony"],"picked":"Flying Knee","floor":1},{"not_picked":["Expertise","Crippling Poison"],"picked":"Sucker Punch","floor":4},{"not_picked":["Tactician","Doppelganger"],"picked":"A Thousand Cuts","floor":6},{"not_picked":["Phantasmal Killer","Corpse Explosion"],"picked":"Venomology","floor":8},{"not_picked":["Burst","Die Die Die"],"picked":"Envenom","floor":10},{"not_picked":["Unload","Die Die Die"],"picked":"Adrenaline","floor":14},{"not_picked":["Dodge and Roll","Quick Slash"],"picked":"Backflip","floor":18},{"not_picked":["Concentrate","Acrobatics"],"picked":"Infinite Blades","floor":21},{"not_picked":["Die Die Die","Wraith Form v2"],"picked":"Envenom","floor":23},{"not_picked":["Doppelganger","Storm of Steel"],"picked":"A Thousand Cuts","floor":25},{"not_picked":["Venomology","Unload"],"picked":"Burst","floor":27},{"not_picked":["Predator","Reflex"],"picked":"Caltrops","floor":28},{"not_picked":["Flying Knee","PiercingWail"],"picked":"Deflect","floor":31},{"not_picked":["Storm of Steel","Night Terror"],"picked":"Glass Knife","floor":33},{"not_picked":["Catalyst","Poisoned Stab"],"picked":"Cloak And Dagger","floor":34},{"not_picked":["Well Laid Plans","Flying Knee"],"picked":"Backflip","floor":35},{"not_picked":["Envenom","Phantasmal Killer"],"picked":"Tools of the Trade","floor":40},{"not_picked":["Grand Finale","Phantasmal Killer"],"picked":"Glass Knife","floor":42},{"not_picked":["After Image","Die Die Die"],"picked":"Adrenaline","floor":46},{"not_picked":["Glass Knife","Tactician"],"picked":"A Thousand Cuts","floor":48}],"player_experience":241995,"potions_floor_usage":[8,10,10,16,18,21,21,23,23,25,27,28,29,31,33,35,35,38,40,42,42,42,46,50,50,50],"damage_taken":[{"damage":0,"enemies":"Cultist","floor":1,"turns":4},{"damage":0,"enemies":"Small Slimes","floor":4,"turns":4},{"damage":21,"enemies":"Gremlin Nob","floor":6,"turns":6},{"damage":11,"enemies":"3 Sentries","floor":8,"turns":6},{"damage":7,"enemies":"Gremlin Nob","floor":10,"turns":3},{"damage":5,"enemies":"Jaw Worm","floor":12,"turns":3},{"damage":9,"enemies":"Lagavulin","floor":14,"turns":7},{"damage":7,"enemies":"The Guardian","floor":16,"turns":10},{"damage":15,"enemies":"2 Thieves","floor":18,"turns":4},{"damage":0,"enemies":"Spheric Guardian","floor":21,"turns":4},{"damage":5,"enemies":"Gremlin Leader","floor":23,"turns":5},{"damage":11,"enemies":"Book of Stabbing","floor":25,"turns":4},{"damage":20,"enemies":"Slavers","floor":27,"turns":5},{"damage":0,"enemies":"Centurion and Healer","floor":28,"turns":3},{"damage":27,"enemies":"Book of Stabbing","floor":29,"turns":5},{"damage":14,"enemies":"Snake Plant","floor":31,"turns":3},{"damage":21,"enemies":"Automaton","floor":33,"turns":7},{"damage":0,"enemies":"Orb Walker","floor":35,"turns":3},{"damage":0,"enemies":"3 Darklings","floor":38,"turns":2},{"damage":11,"enemies":"4 Shapes","floor":39,"turns":3},{"damage":0,"enemies":"2 Orb Walkers","floor":40,"turns":3},{"damage":0,"enemies":"Giant Head","floor":42,"turns":5},{"damage":9,"enemies":"Nemesis","floor":46,"turns":5},{"damage":0,"enemies":"Giant Head","floor":48,"turns":6},{"damage":9,"enemies":"Awakened One","floor":50,"turns":7}],"event_choices":[{"event_name":"Scrap Ooze","player_choice":"success","floor":2,"damage_taken":7},{"event_name":"Golden Wing","player_choice":"Card Removal","floor":3,"damage_taken":0},{"event_name":"Back to Basics","player_choice":"Simplicity","floor":20,"damage_taken":0},{"event_name":"Tomb of Lord Red Mask","player_choice":"Paid","floor":37,"damage_taken":0},{"event_name":"Wheel of Change","player_choice":"Gold","floor":45,"damage_taken":0}],"boss_relics":[{"not_picked":[]},{"not_picked":["Runic Dome","Astrolabe"],"picked":"Tiny House"}],"potions_floor_spawned":[1,6,8,16,21,25,27,28,33,39,48],"seed_played":"-2659894328139620276","ascension_level":0,"is_trial":false}