{"gold_per_floor":[109,126,106,106,106,118,118,135,135,148,165,178,178,128,128,232,232,252,267,267,36,36,36,36],"floor_reached":24,"playtime":1381,"items_purged":["Strike_B"],"score":301,"play_id":"46d61f20-59d8-4c22-8317-bd838c44373d","local_time":"20180918070409","is_ascension_mode":true,"campfire_choices":[{"floor":7,"key":"REST"},{"data":"Dualcast","floor":13,"key":"SMITH"},{"data":"Conserve Battery","floor":15,"key":"SMITH"},{"floor":23,"key":"REST"}],"neow_cost":"NONE","seed_source_timestamp":237975930170831,"circlet_count":0,"master_deck":["Strike_B+1","Strike_B","Strike_B","Defend_B","Defend_B","Defend_B+1","Defend_B","Zap+1","Dualcast+1","AscendersBane","Sweeping Beam","Conserve Battery+1","Machine Learning","Buffer","Loop","Storm"],"relics":["Cracked Core","Smiling Mask","Unceasing Top","Inserter","Orichalcum"],"potions_floor_usage":[12,12,16,19,19,19,20],"damage_taken":[{"damage":2,"enemies":"2 Louse","floor":1,"turns":3},{"damage":0,"enemies":"Cultist","floor":2,"turns":3},{"damage":0,"enemies":"Small Slimes","floor":6,"turns":3},{"damage":0,"enemies":"2 Fungi Beasts","floor":8,"turns":3},{"damage":1,"enemies":"3 Louse","floor":10,"turns":3},{"damage":6,"enemies":"Looter","floor":11,"turns":3},{"damage":15,"enemies":"Exordium Wildlife","floor":12,"turns":5},{"damage":23,"enemies":"Hexaghost","floor":16,"turns":10},{"damage":39,"enemies":"Shell Parasite","floor":18,"turns":8},{"damage":0,"enemies":"3 Byrds","floor":19,"turns":2},{"damage":22,"enemies":"Colosseum Slavers","floor":20,"turns":6},{"damage":28,"enemies":"Centurion and Healer","floor":24,"turns":8}],"seed_played":"-4224960228463489564","potions_obtained":[{"floor":2,"key":"EntropicBrew"},{"floor":3,"key":"SkillPotion"},{"floor":11,"key":"Regen Potion"},{"floor":12,"key":"PowerPotion"},{"floor":18,"key":"EntropicBrew"}],"is_trial":false,"path_per_floor":["M","M","?","?","?","M","R","M","T","M","M","M","R","$","R","B",null,"M","M","?","$","?","R"],"character_chosen":"DEFECT","items_purchased":["Storm","Orichalcum"],"campfire_rested":2,"item_purchase_floors":[21,21],"current_hp_per_floor":[66,66,66,66,51,51,73,73,73,72,66,65,65,65,65,42,67,28,28,6,6,6,28,0],"gold":36,"neow_bonus":"RANDOM_COMMON_RELIC","is_prod":false,"is_daily":false,"chose_seed":false,"campfire_upgraded":2,"win_rate":0,"timestamp":1537247049,"path_taken":["M","M","?","?","?","M","R","?","T","M","M","?","R","$","R","BOSS","M","M","?","$","?","R","M"],"build_version":"2018-09-06","purchased_purges":1,"victory":false,"max_hp_per_floor":[75,75,75,75,75,75,75,75,75,75,75,75,75,75,75,75,75,75,75,75,75,75,75,75],"card_choices":[{"not_picked":["Ball Lightning","Leap"],"picked":"Sweeping Beam","floor":1},{"not_picked":["Leap","Chill"],"picked":"Conserve Battery","floor":2},{"not_picked":["Cold Snap","Sweeping Beam","Genetic Algorithm"],"picked":"SKIP","floor":6},{"not_picked":["Conserve Battery","Steam Power","Hologram"],"picked":"SKIP","floor":8},{"not_picked":["Skim","Loop","Beam Cell"],"picked":"SKIP","floor":10},{"not_picked":["Hologram","Steam"],"picked":"Machine Learning","floor":11},{"not_picked":["Streamline","Go for the Eyes","Capacitor"],"picked":"SKIP","floor":12},{"not_picked":["Rainbow","Thunder Strike"],"picked":"Buffer","floor":16},{"not_picked":["Ball Lightning","Skim"],"picked":"Cold Snap","floor":18},{"not_picked":["Stack","Beam Cell"],"picked":"Loop","floor":19}],"player_experience":336254,"relics_obtained":[{"floor":9,"key":"Unceasing Top"}],"event_choices":[{"event_name":"The Woman in Blue","player_choice":"Bought 1 Potion","floor":3,"damage_taken":0},{"event_name":"Living Wall","player_choice":"Grow","floor":4,"damage_taken":0},{"event_name":"Shining Light","player_choice":"Entered Light","floor":5,"damage_taken":0},{"event_name":"Colosseum","player_choice":"Fight","floor":20,"damage_taken":0},{"event_name":"Colosseum","player_choice":"Fled From Nobs","floor":20,"damage_taken":0},{"event_name":"Purifier","player_choice":"One Purge","floor":22,"damage_taken":0}],"is_beta":false,"boss_relics":[{"not_picked":["Busted Crown","Runic Pyramid"],"picked":"Inserter"}],"items_purged_floors":[14],"is_endless":false,"potions_floor_spawned":[2,10,11,12,18],"killed_by":"Centurion and Healer","ascension_level":12}