{"path_per_floor":["M","M","?","M","M","R","M","R","T","R","M","?","M","$","R","B",null,"M","?","$","?","?","R","M","M","T","M","M","M","R","M","R"],"character_chosen":"THE_SILENT","items_purchased":["Torii","Accuracy","Dramatic Entrance"],"gold_per_floor":[113,132,307,326,344,344,363,363,363,363,379,379,398,31,31,160,160,178,178,17,17,17,17,32,48,126,138,154,171,171,185,185,185],"floor_reached":33,"campfire_rested":2,"playtime":1400,"current_hp_per_floor":[70,70,70,70,68,70,70,70,70,70,68,51,50,50,50,22,70,70,70,70,70,70,70,70,56,61,66,52,41,41,22,43,0],"items_purged":["Doubt"],"gold":185,"score":243,"play_id":"c97e86cc-cd6d-43e4-8ac0-eb0c708e85d7","local_time":"20180328170009","is_prod":false,"is_daily":false,"is_ascension_mode":false,"campfire_upgraded":5,"timestamp":1522249209,"path_taken":["M","?","?","M","M","R","M","R","T","R","M","?","M","$","R","BOSS","M","?","$","?","?","R","?","M","T","M","M","?","R","M","R","BOSS"],"build_version":"2018-03-22v2","purchased_purges":3,"victory":false,"master_deck":["Defend_G","Defend_G","Defend_G","Defend_G","Strike_G","Strike_G","Strike_G","Strike_G","Strike_G","Survivor","Neutralize+1","Backstab","Dodge and Roll+1","Masterful Stab","Prepared","Dagger Spray","Cloak And Dagger+1","Slice","A Thousand Cuts+1","Cloak And Dagger+1","Accuracy+1","Dramatic Entrance","Decay","Infinite Blades+1","Dodge and Roll","Dodge and Roll"],"max_hp_per_floor":[70,70,70,70,70,70,70,70,70,70,70,70,70,70,70,70,70,70,70,70,70,70,70,70,70,70,70,70,70,70,70,70,70],"relics":["Ring of the Snake","Ice Cream","Bloody Idol","Torii","Sozu","Shuriken"],"card_choices":[{"not_picked":["Flying Knee","Quick Slash"],"picked":"Backstab","floor":1},{"not_picked":["PiercingWail","Bane"],"picked":"Dodge and Roll","floor":2},{"not_picked":["Caltrops","Flechettes"],"picked":"Masterful Stab","floor":4},{"not_picked":["Finisher","Poisoned Stab"],"picked":"Prepared","floor":5},{"not_picked":["PiercingWail","Acrobatics"],"picked":"Dagger Spray","floor":7},{"not_picked":["Riddle With Holes","Prepared"],"picked":"Cloak And Dagger","floor":11},{"not_picked":["Prepared","Accuracy"],"picked":"Slice","floor":13},{"not_picked":["Glass Knife","Die Die Die"],"picked":"A Thousand Cuts","floor":16},{"not_picked":["Deadly Poison","Riddle With Holes"],"picked":"Cloak And Dagger","floor":18},{"not_picked":["Noxious Fumes","Quick Slash"],"picked":"Infinite Blades","floor":24},{"not_picked":["Quick Slash","Corpse Explosion"],"picked":"Dodge and Roll","floor":25},{"not_picked":["Well Laid Plans","Unload"],"picked":"Dodge and Roll","floor":31}],"player_experience":131127,"potions_floor_usage":[16,16],"damage_taken":[{"damage":0,"enemies":"Cultist","floor":1,"turns":4},{"damage":0,"enemies":"2 Louse","floor":2,"turns":3},{"damage":0,"enemies":"Jaw Worm","floor":4,"turns":4},{"damage":2,"enemies":"Large Slime","floor":5,"turns":9},{"damage":0,"enemies":"Blue Slaver","floor":7,"turns":4},{"damage":2,"enemies":"3 Louse","floor":11,"turns":2},{"damage":1,"enemies":"Red Slaver","floor":13,"turns":3},{"damage":28,"enemies":"Hexaghost","floor":16,"turns":15},{"damage":0,"enemies":"Chosen","floor":18,"turns":5},{"damage":0,"enemies":"Spheric Guardian","floor":24,"turns":3},{"damage":19,"enemies":"Chosen and Byrds","floor":25,"turns":7},{"damage":0,"enemies":"3 Cultists","floor":27,"turns":3},{"damage":19,"enemies":"Centurion and Healer","floor":28,"turns":4},{"damage":16,"enemies":"Slaver and Parasite","floor":29,"turns":5},{"damage":24,"enemies":"Snake Plant","floor":31,"turns":5},{"damage":55,"enemies":"Champ","floor":33,"turns":8}],"event_choices":[{"event_name":"Liars Game","player_choice":"agreed","floor":3,"damage_taken":0},{"event_name":"Golden Idol","player_choice":"Take Damage","floor":12,"damage_taken":0},{"event_name":"Accursed Blacksmith","player_choice":"Forge","floor":19,"damage_taken":0},{"event_name":"Wheel of Change","player_choice":"Curse","floor":21,"damage_taken":0},{"event_name":"Forgotten Altar","player_choice":"Gave Idol","floor":22,"damage_taken":0}],"boss_relics":[{"not_picked":["Velvet Choker","White Beast Statue"],"picked":"Sozu"}],"potions_floor_spawned":[5,7,13,18,25,27,29],"seed_played":"8253008110725180851","killed_by":"Champ","ascension_level":0,"is_trial":false}