{"path_per_floor":["M","M","$","M","?","R","E","R","T","E","M","$","M","M","R","B",null,"M","M","$","?","?"],"character_chosen":"IRONCLAD","items_purchased":["Whirlwind","Flex","Headbutt","Spot Weakness","Battle Trance"],"gold_per_floor":[419,435,198,216,216,216,247,247,247,274,291,110,125,139,139,243,243,255,274,70,70,70],"floor_reached":23,"campfire_rested":0,"playtime":1209,"current_hp_per_floor":[67,67,67,66,66,66,42,42,42,34,40,40,46,52,52,42,80,65,61,61,61,46],"items_purged":["Clumsy","Bash","Strike_R"],"gold":70,"play_id":"7df334a8-7e55-4ab8-b854-a6524cd2b788","is_prod":false,"is_daily":false,"is_ascension_mode":true,"campfire_upgraded":3,"path_taken":["M","?","$","M","?","R","E","R","T","E","M","$","M","M","R","BOSS","M","M","$","?","?","E"],"build_version":"2018-01-25-PROD3","purchased_purges":4,"victory":false,"master_deck":["Strike_R","Strike_R","Strike_R","Strike_R","Defend_R","Defend_R","Defend_R","Defend_R","Whirlwind+1","Flex","Headbutt","Heavy Blade+1","Pummel","Spot Weakness","Flex+1","Whirlwind","Fiend Fire","Bloodletting+1","Heavy Blade","Battle Trance"],"max_hp_per_floor":[80,80,80,80,80,80,80,80,80,80,80,80,80,80,80,80,80,80,80,80,80,85],"relics":["Burning Blood","Old Coin","Regal Pillow","Unceasing Top","Thread and Needle","Mark of Pain"],"card_choices":[{"not_picked":["Warcry","Thunderclap"],"picked":"Heavy Blade"},{"not_picked":["Barricade","Armaments"],"picked":"Pummel"},{"not_picked":["Pummel","Flame Barrier"],"picked":"Flex"},{"not_picked":["Clothesline","Headbutt"],"picked":"Whirlwind"},{"not_picked":["Juggernaut","Exhume"],"picked":"Fiend Fire"},{"not_picked":["Corruption","Intimidate"],"picked":"Bloodletting"},{"not_picked":["Corruption","Clothesline"],"picked":"Heavy Blade"}],"player_experience":43289,"potions_floor_usage":[7,10],"damage_taken":[{"damage":19,"enemies":"Blue Slaver","floor":1,"turns":5},{"damage":6,"enemies":"Cultist","floor":2,"turns":3},{"damage":7,"enemies":"Jaw Worm","floor":4,"turns":3},{"damage":30,"enemies":"3 Sentries","floor":7,"turns":6},{"damage":14,"enemies":"Gremlin Nob","floor":10,"turns":3},{"damage":0,"enemies":"3 Louse","floor":11,"turns":1},{"damage":0,"enemies":"Exordium Thugs","floor":13,"turns":2},{"damage":0,"enemies":"Exordium Wildlife","floor":14,"turns":2},{"damage":16,"enemies":"Slime Boss","floor":16,"turns":7},{"damage":21,"enemies":"Spheric Guardian","floor":18,"turns":4},{"damage":10,"enemies":"Chosen","floor":19,"turns":4},{"damage":57,"enemies":"Gremlin Leader","floor":23,"turns":5}],"event_choices":[{"event_name":"Liars Game","player_choice":"disagreed","floor":5,"damage_taken":0},{"event_name":"Addict","player_choice":"Ignored","floor":21,"damage_taken":0},{"event_name":"Forgotten Altar","player_choice":"Shed Blood","floor":22,"damage_taken":0}],"boss_relics":[{"not_picked":["Runic Pyramid","Black Blood"],"picked":"Mark of Pain"}],"potions_floor_spawned":[4,7,13,16],"seed_played":"7291824910044862913","killed_by":"Gremlin Leader","ascension_level":2,"is_trial":false}