{"path_per_floor":["M","?","$","M","?","M","E","M","T","R","M","M","M","M","R","B",null,"M","?","?","M","M","E","R","E","T","R","M","?","$","M","R","B",null,"M","M","$","?","M"],"character_chosen":"DEFECT","items_purchased":["Thread and Needle","Scrape"],"gold_per_floor":[118,118,118,137,137,154,179,189,189,189,200,217,232,244,244,339,339,359,284,284,299,312,343,343,370,416,416,435,435,55,71,71,173,173,183,198,59,59,74,74],"floor_reached":40,"campfire_rested":5,"playtime":1959,"item_purchase_floors":[30,37],"current_hp_per_floor":[65,58,58,50,55,55,34,27,27,51,45,38,29,28,52,74,80,80,80,80,67,51,10,49,20,20,59,43,43,43,33,72,53,80,74,66,66,66,57,0],"items_purged":["Strike_B","Clumsy"],"gold":74,"score":500,"play_id":"dce40c0e-41c1-4811-bcf3-9f5dadb7a817","local_time":"20180602194259","is_prod":false,"is_daily":false,"chose_seed":false,"is_ascension_mode":true,"campfire_upgraded":0,"win_rate":0,"timestamp":1527993779,"campfire_choices":[{"floor":10,"key":"REST"},{"floor":15,"key":"REST"},{"floor":24,"key":"REST"},{"floor":27,"key":"REST"},{"floor":32,"key":"REST"}],"path_taken":["M","?","$","M","?","M","E","M","T","R","M","M","M","?","R","BOSS","M","?","?","?","M","E","R","E","T","R","?","?","$","M","R","BOSS","M","M","$","?","M","E"],"build_version":"2018-05-31","seed_source_timestamp":437956678686046,"purchased_purges":2,"victory":false,"master_deck":["Strike_B","Strike_B","Defend_B","Defend_B","Defend_B","Defend_B","Zap","Dualcast","Seek","Chaos","Chaos","Gash","Electrodynamics","Sweeping Beam","Gash","Chill","Gash","Reboot","Ball Lightning","Gash","Glacier","Sweeping Beam+1","Scrape+1","Leap","Coolheaded+1","Defragment","Scrape"],"max_hp_per_floor":[75,75,75,75,80,80,80,80,80,80,80,80,80,80,80,80,80,80,80,80,80,80,80,80,80,80,80,80,80,80,80,80,80,80,80,80,80,80,80,80],"relics":["Cracked Core","Matryoshka","Pantograph","Bottled Tornado","Sozu","Regal Pillow","Omamori","Centennial Puzzle","Happy Flower","Thread and Needle","Calling Bell","Bag of Marbles","Gambling Chip","Dodecahedron"],"card_choices":[{"not_picked":["Thunder Strike","Amplify"],"picked":"Seek","floor":0},{"not_picked":["Static Discharge","Compile Driver"],"picked":"Chaos","floor":1},{"not_picked":["Darkness","White Noise"],"picked":"Chaos","floor":4},{"not_picked":["Conserve Battery","Turbo"],"picked":"Gash","floor":6},{"not_picked":["Reboot","Stack"],"picked":"Electrodynamics","floor":7},{"not_picked":["Reprogram","Skim"],"picked":"Sweeping Beam","floor":8},{"not_picked":["Hologram","BootSequence"],"picked":"Gash","floor":11},{"not_picked":["Rip and Tear","Turbo"],"picked":"Chill","floor":12},{"not_picked":["Steam","Force Field","Melter"],"picked":"SKIP","floor":13},{"not_picked":["BootSequence","Glacier"],"picked":"Gash","floor":14},{"not_picked":["Rainbow","Amplify"],"picked":"Reboot","floor":16},{"not_picked":["Compile Driver","Redo"],"picked":"Ball Lightning","floor":18},{"not_picked":["Steam","Conserve Battery"],"picked":"Glacier","floor":21},{"not_picked":["Redo+1","Heatsinks"],"picked":"Sweeping Beam+1","floor":22},{"not_picked":["Barrage","Glacier+1"],"picked":"Scrape+1","floor":23},{"not_picked":["Steam Power","Skim"],"picked":"Leap","floor":25},{"not_picked":["Redo","Steam Power"],"picked":"Coolheaded+1","floor":28},{"not_picked":["Coolheaded","Blizzard+1"],"picked":"Defragment","floor":31},{"not_picked":["Turbo","Compile Driver+1","Consume"],"picked":"SKIP","floor":35},{"not_picked":["Steam+1","Auto Shields","Barrage+1"],"picked":"SKIP","floor":36},{"not_picked":["Heatsinks","Beam Cell+1","Genetic Algorithm+1"],"picked":"SKIP","floor":39}],"player_experience":298156,"potions_floor_usage":[22,22,33],"damage_taken":[{"damage":10,"enemies":"2 Louse","floor":1,"turns":3},{"damage":8,"enemies":"Jaw Worm","floor":4,"turns":4},{"damage":0,"enemies":"Small Slimes","floor":6,"turns":3},{"damage":21,"enemies":"Lagavulin","floor":7,"turns":6},{"damage":7,"enemies":"Looter","floor":8,"turns":3},{"damage":6,"enemies":"2 Fungi Beasts","floor":11,"turns":2},{"damage":7,"enemies":"Gremlin Gang","floor":12,"turns":2},{"damage":9,"enemies":"Red Slaver","floor":13,"turns":3},{"damage":1,"enemies":"2 Fungi Beasts","floor":14,"turns":2},{"damage":3,"enemies":"Slime Boss","floor":16,"turns":9},{"damage":0,"enemies":"3 Byrds","floor":18,"turns":1},{"damage":13,"enemies":"Shell Parasite","floor":21,"turns":3},{"damage":16,"enemies":"Snake Plant","floor":22,"turns":5},{"damage":41,"enemies":"Book of Stabbing","floor":23,"turns":6},{"damage":29,"enemies":"Slavers","floor":25,"turns":2},{"damage":16,"enemies":"Cultist and Chosen","floor":28,"turns":3},{"damage":10,"enemies":"Snecko","floor":31,"turns":5},{"damage":27,"enemies":"Collector","floor":33,"turns":7},{"damage":6,"enemies":"Orb Walker","floor":35,"turns":3},{"damage":8,"enemies":"3 Shapes","floor":36,"turns":2},{"damage":9,"enemies":"3 Darklings","floor":39,"turns":2},{"damage":62,"enemies":"Giant Head","floor":40,"turns":8}],"relics_obtained":[{"floor":7,"key":"Matryoshka"},{"floor":9,"key":"Pantograph"},{"floor":9,"key":"Bottled Tornado"},{"floor":23,"key":"Regal Pillow"},{"floor":25,"key":"Omamori"},{"floor":26,"key":"Centennial Puzzle"},{"floor":26,"key":"Happy Flower"},{"floor":34,"key":"Bag of Marbles"},{"floor":34,"key":"Gambling Chip"},{"floor":34,"key":"Dodecahedron"}],"event_choices":[{"event_name":"Golden Wing","player_choice":"Card Removal","floor":2,"damage_taken":0},{"event_name":"Big Fish","player_choice":"Donut","floor":5,"damage_taken":0},{"event_name":"Beggar","player_choice":"Gave Gold","floor":19,"damage_taken":0},{"event_name":"The Library","player_choice":"Read","floor":20,"damage_taken":0},{"event_name":"Vampires","player_choice":"Ignored","floor":29,"damage_taken":0},{"event_name":"Mysterious Sphere","player_choice":"Ignore","floor":38,"damage_taken":0}],"boss_relics":[{"not_picked":["Lizard Tail","Eternal Feather"],"picked":"Sozu"},{"not_picked":["Cursed Key","Runic Pyramid"],"picked":"Calling Bell"}],"items_purged_floors":[30,37],"potions_floor_spawned":[1,11,13,16,21,25,31,36],"seed_played":"-1491205180543013541","killed_by":"Giant Head","ascension_level":2,"potions_obtained":[{"floor":1,"key":"LiquidBronze"},{"floor":11,"key":"GamblersBrew"},{"floor":13,"key":"Swift Potion"}],"is_trial":false}