{"gold_per_floor":[114,134,148,73,86,86,86,86,86,86,96,124,124,87,87,87],"floor_reached":16,"playtime":689,"items_purged":["Strike_B"],"score":176,"play_id":"fe6e0e65-614b-42d3-9b45-5a1a05d571b5","local_time":"20181109022932","is_ascension_mode":true,"campfire_choices":[{"floor":6,"key":"REST"},{"data":"Dualcast","floor":8,"key":"SMITH"},{"floor":15,"key":"DIG"}],"neow_cost":"NONE","seed_source_timestamp":19884498229199,"circlet_count":0,"master_deck":["AscendersBane","Strike_B","Strike_B","Defend_B","Defend_B","Defend_B","Defend_B","Zap+1","Dualcast+1","Ball Lightning","BootSequence","Chill","Cold Snap","Sunder"],"relics":["Cracked Core","Shovel","Odd Mushroom","Torii"],"potions_floor_usage":[16,16],"damage_taken":[{"damage":9,"enemies":"Jaw Worm","floor":1,"turns":3},{"damage":7,"enemies":"Small Slimes","floor":2,"turns":2},{"damage":0,"enemies":"2 Louse","floor":3,"turns":2},{"damage":1,"enemies":"2 Fungi Beasts","floor":5,"turns":4},{"damage":2,"enemies":"Looter","floor":11,"turns":3},{"damage":12,"enemies":"The Mushroom Lair","floor":12,"turns":5},{"damage":62,"enemies":"Hexaghost","floor":16,"turns":10}],"seed_played":"-40789170518710714","potions_obtained":[{"floor":2,"key":"Ancient Potion"},{"floor":12,"key":"Regen Potion"}],"is_trial":false,"path_per_floor":["M","M","M","$","M","R","?","R","T","?","M","?","?","$","R","B"],"character_chosen":"DEFECT","items_purchased":["Sunder"],"campfire_rested":1,"item_purchase_floors":[14],"current_hp_per_floor":[55,48,48,48,47,68,61,61,61,61,59,47,47,47,47,0],"gold":87,"neow_bonus":"UPGRADE_CARD","is_prod":false,"is_daily":false,"chose_seed":false,"campfire_upgraded":1,"win_rate":0,"timestamp":1541726972,"path_taken":["M","M","M","$","M","R","?","R","T","?","M","?","?","?","R","BOSS"],"build_version":"2018-11-01","purchased_purges":1,"victory":false,"max_hp_per_floor":[71,71,71,71,71,71,71,71,71,71,71,71,71,71,71,71],"card_choices":[{"not_picked":["Gash","Conserve Battery"],"picked":"Ball Lightning","floor":1},{"not_picked":["Compile Driver","Conserve Battery"],"picked":"BootSequence","floor":2},{"not_picked":["Streamline","Skim"],"picked":"Chill","floor":3},{"not_picked":["Rebound","Steam"],"picked":"Cold Snap","floor":5},{"not_picked":["FTL","Aggregate","Chaos"],"picked":"SKIP","floor":11}],"player_experience":754563,"relics_obtained":[{"floor":9,"key":"Shovel"},{"floor":12,"key":"Odd Mushroom"},{"floor":15,"key":"Torii"}],"event_choices":[{"cards_removed":["Strike_B"],"damage_healed":0,"gold_gain":0,"player_choice":"Card Removal","damage_taken":7,"max_hp_gain":0,"max_hp_loss":0,"event_name":"Golden Wing","floor":7,"gold_loss":0},{"damage_healed":0,"gold_gain":0,"player_choice":"Searched \u00270\u0027 times","damage_taken":0,"max_hp_gain":0,"max_hp_loss":0,"event_name":"Dead Adventurer","floor":10,"gold_loss":0},{"damage_healed":0,"gold_gain":0,"player_choice":"Fought Mushrooms","damage_taken":0,"max_hp_gain":0,"max_hp_loss":0,"event_name":"Mushrooms","floor":12,"gold_loss":0},{"damage_healed":0,"gold_gain":0,"player_choice":"Ignored","damage_taken":0,"max_hp_gain":0,"max_hp_loss":0,"event_name":"Shining Light","floor":13,"gold_loss":0}],"is_beta":false,"boss_relics":[],"items_purged_floors":[4],"is_endless":false,"potions_floor_spawned":[2,12],"killed_by":"Hexaghost","ascension_level":19}