{"gold_per_floor":[117,117,117,133,149,179,179,179,179,192,202,202,236,236,236,341,391,411,425,340,18,35,35,51,51,51,80,80,80,80,96,96,96],"floor_reached":33,"playtime":1783,"items_purged":[],"score":275,"play_id":"71008fea-2284-42c1-a47d-f01919e4d8c3","local_time":"20181122232150","is_ascension_mode":false,"campfire_choices":[{"floor":7,"key":"REST"},{"floor":15,"key":"REST"},{"floor":23,"key":"REST"},{"floor":29,"key":"REST"},{"floor":30,"key":"REST"},{"floor":32,"key":"REST"}],"neow_cost":"NONE","seed_source_timestamp":51951679077328,"circlet_count":0,"master_deck":["Strike_B","Strike_B","Strike_B","Strike_B","Defend_B","Defend_B","Defend_B","Defend_B+1","Zap+1","Lockon","Self Repair","Reprogram","Defragment","Loop","Melter","Compile Driver","Storm","Defragment","Dark Shackles","Electrodynamics","Rebound","Loop","Force Field","White Noise","White Noise"],"relics":["Cracked Core","WingedGreaves","Symbiotic Virus","Cables","Tiny House","Art of War","Dream Catcher","Ice Cream","Juzu Bracelet"],"potions_floor_usage":[13,18,27,33,33,33],"damage_taken":[{"damage":2,"enemies":"Small Slimes","floor":1,"turns":2},{"damage":0,"enemies":"Cultist","floor":4,"turns":3},{"damage":1,"enemies":"2 Louse","floor":5,"turns":2},{"damage":36,"enemies":"Lagavulin","floor":6,"turns":6},{"damage":11,"enemies":"Blue Slaver","floor":10,"turns":4},{"damage":0,"enemies":"Looter","floor":11,"turns":3},{"damage":44,"enemies":"3 Sentries","floor":13,"turns":8},{"damage":28,"enemies":"The Guardian","floor":16,"turns":8},{"damage":0,"enemies":"Chosen","floor":18,"turns":4},{"damage":40,"enemies":"2 Thieves","floor":19,"turns":4},{"damage":5,"enemies":"Chosen and Byrds","floor":22,"turns":4},{"damage":10,"enemies":"Cultist and Chosen","floor":24,"turns":3},{"damage":44,"enemies":"Slavers","floor":27,"turns":4},{"damage":23,"enemies":"Snecko","floor":31,"turns":4},{"damage":81,"enemies":"Automaton","floor":33,"turns":6}],"seed_played":"8261034700490131066","potions_obtained":[{"floor":5,"key":"Swift Potion"},{"floor":10,"key":"GamblersBrew"},{"floor":16,"key":"SkillPotion"},{"floor":17,"key":"SpeedPotion"},{"floor":22,"key":"Strength Potion"},{"floor":24,"key":"Block Potion"},{"floor":27,"key":"Dexterity Potion"}],"is_trial":false,"path_per_floor":["M","?","$","M","M","E","R","?","T","M","M","?","E","?","R","B",null,"M","M","?","$","M","R","M","$","T","E","?","R","R","M","R","B"],"character_chosen":"DEFECT","items_purchased":["Defragment","Dream Catcher","Dark Shackles"],"campfire_rested":6,"item_purchase_floors":[21,21,21],"current_hp_per_floor":[73,73,73,73,75,46,68,68,68,64,64,64,27,27,49,28,80,80,47,47,47,49,73,63,63,63,19,19,43,67,44,68,0],"gold":96,"neow_bonus":"UPGRADE_CARD","is_prod":false,"is_daily":false,"chose_seed":false,"campfire_upgraded":0,"win_rate":0,"timestamp":1542928910,"path_taken":["M","?","?","M","M","E","R","?","T","M","?","?","E","?","R","BOSS","M","?","?","$","M","R","M","?","T","E","?","R","R","M","R","BOSS"],"build_version":"2018-11-15","purchased_purges":0,"victory":false,"max_hp_per_floor":[75,75,75,75,75,75,75,75,75,75,75,75,75,75,75,75,80,80,80,80,80,80,80,80,80,80,80,80,80,80,80,80,80],"card_choices":[{"not_picked":["Streamline","Chill"],"picked":"Lockon","floor":1},{"not_picked":["Capacitor","Barrage"],"picked":"Self Repair","floor":4},{"not_picked":["Glacier","Rebound"],"picked":"Reprogram","floor":5},{"not_picked":["Fission","Glacier"],"picked":"Defragment","floor":6},{"not_picked":["Skim","Sweeping Beam","Compile Driver"],"picked":"SKIP","floor":10},{"not_picked":["Doom and Gloom","Tempest"],"picked":"Loop","floor":11},{"not_picked":["Stack","Turbo","Seek"],"picked":"SKIP","floor":13},{"not_picked":["Beam Cell","Hologram"],"picked":"Melter","floor":17},{"not_picked":["Redo","Streamline"],"picked":"Compile Driver","floor":18},{"not_picked":["White Noise","Loop"],"picked":"Storm","floor":19},{"not_picked":["Streamline","Turbo"],"picked":"Electrodynamics","floor":22},{"not_picked":["Hologram","Fusion"],"picked":"Rebound","floor":23},{"not_picked":["Streamline+1","Steam","Reprogram"],"picked":"SKIP","floor":24},{"not_picked":["Steam Power+1","Conserve Battery+1"],"picked":"Loop","floor":27},{"not_picked":["Amplify","Ball Lightning"],"picked":"Force Field","floor":29},{"not_picked":["Cold Snap","Stack"],"picked":"White Noise","floor":30},{"not_picked":["Go for the Eyes","Coolheaded+1"],"picked":"White Noise","floor":31}],"player_experience":163555,"relics_obtained":[{"floor":6,"key":"WingedGreaves"},{"floor":9,"key":"Symbiotic Virus"},{"floor":13,"key":"Cables"},{"floor":26,"key":"Ice Cream"},{"floor":27,"key":"Juzu Bracelet"}],"event_choices":[{"damage_healed":0,"gold_gain":0,"player_choice":"Ignored","damage_taken":0,"max_hp_gain":0,"max_hp_loss":0,"event_name":"Purifier","floor":2,"gold_loss":0},{"damage_healed":0,"gold_gain":0,"player_choice":"Ignored","damage_taken":0,"max_hp_gain":0,"max_hp_loss":0,"event_name":"Shining Light","floor":8,"gold_loss":0},{"damage_healed":0,"gold_gain":0,"player_choice":"Searched \u00270\u0027 times","damage_taken":0,"max_hp_gain":0,"max_hp_loss":0,"event_name":"Dead Adventurer","floor":12,"gold_loss":0},{"cards_removed":["Dualcast"],"damage_healed":0,"gold_gain":0,"player_choice":"Offered Basic","damage_taken":0,"max_hp_gain":0,"max_hp_loss":0,"event_name":"Bonfire Elementals","floor":14,"gold_loss":0},{"damage_healed":0,"gold_gain":0,"player_choice":"Obtained Relic","damage_taken":0,"relics_obtained":["Art of War"],"max_hp_gain":0,"max_hp_loss":0,"event_name":"Addict","floor":20,"gold_loss":85},{"damage_healed":0,"gold_gain":0,"player_choice":"Ignored","damage_taken":0,"max_hp_gain":0,"max_hp_loss":0,"event_name":"Ghosts","floor":28,"gold_loss":0}],"is_beta":false,"boss_relics":[{"not_picked":["Velvet Choker","Black Star"],"picked":"Tiny House"}],"items_purged_floors":[],"is_endless":false,"potions_floor_spawned":[5,10,16,22,24,27],"killed_by":"Automaton","ascension_level":0}