{"path_per_floor":["M","?","M","?","?","E","R","M","T","R","M","E","T","E","R","B",null,"M","?","M","$","?","R","M","R","T","R","E"],"character_chosen":"DEFECT","items_purchased":["Lee\u0027s Waffle"],"gold_per_floor":[114,189,202,258,258,291,291,306,306,306,319,350,422,449,449,544,544,561,561,577,305,305,305,325,325,371,371,403,403],"floor_reached":29,"campfire_rested":0,"playtime":871,"item_purchase_floors":[21],"current_hp_per_floor":[70,59,59,59,59,41,41,41,51,51,51,38,38,20,20,16,85,51,35,6,97,97,111,66,66,66,66,6,0],"items_purged":["Normality"],"gold":403,"score":361,"play_id":"1d0d8549-d9c8-491b-b3f6-49eb5506a618","local_time":"20180601165653","is_prod":false,"is_daily":false,"chose_seed":false,"is_ascension_mode":true,"campfire_upgraded":4,"win_rate":0,"timestamp":1527886613,"campfire_choices":[{"data":"Seek","floor":7,"key":"SMITH"},{"data":"Sunder","floor":10,"key":"SMITH"},{"data":"Dualcast","floor":15,"key":"SMITH"},{"floor":23,"key":"DIG"},{"floor":25,"key":"DIG"},{"data":"Defragment","floor":27,"key":"SMITH"}],"path_taken":["M","?","M","?","?","E","R","M","T","R","?","E","?","E","R","BOSS","M","?","M","$","?","R","M","R","T","R","E","M"],"build_version":"2018-05-30v2","seed_source_timestamp":357424927815478,"purchased_purges":1,"victory":false,"master_deck":["Strike_B","Strike_B","Strike_B","Strike_B","Defend_B","Defend_B","Defend_B","Defend_B","Zap+1","Dualcast+1","Compile Driver","Sunder+1","Seek+1","Leap","Static Discharge","Lockon","Machine Learning","Regret","Injury","Go for the Eyes+1","Defragment+1","Doom and Gloom","Amplify"],"max_hp_per_floor":[75,75,75,75,75,75,75,75,85,85,85,85,85,85,85,85,85,85,90,90,97,97,111,111,111,111,111,111,111],"relics":["Cracked Core","Pen Nib","Pear","Pantograph","Cables","Shuriken","Calling Bell","Art of War","Blue Candle","Shovel","Lee\u0027s Waffle","Mango","Regal Pillow","Potion Belt","Anchor"],"card_choices":[{"not_picked":["Steam","Hologram"],"picked":"Compile Driver","floor":1},{"not_picked":["Steam","Turbo"],"picked":"Sunder","floor":3},{"not_picked":["Compile Driver","FTL"],"picked":"Seek","floor":6},{"not_picked":["Redo","Conserve Battery"],"picked":"Leap","floor":8},{"not_picked":["Doom and Gloom","Streamline"],"picked":"Static Discharge","floor":11},{"not_picked":["Sweeping Beam","Amplify","Blizzard"],"picked":"SKIP","floor":12},{"not_picked":["Force Field","Redo"],"picked":"Lockon","floor":14},{"not_picked":["Fission","Biased Cognition"],"picked":"Machine Learning","floor":16},{"not_picked":["Cold Snap","Heatsinks","Rebound"],"picked":"SKIP","floor":18},{"not_picked":["Stack","Sunder"],"picked":"Go for the Eyes+1","floor":20},{"not_picked":["Go for the Eyes","Streamline"],"picked":"Doom and Gloom","floor":24},{"not_picked":["Streamline","Capacitor"],"picked":"Amplify","floor":28}],"player_experience":245312,"potions_floor_usage":[28,29],"damage_taken":[{"damage":5,"enemies":"Small Slimes","floor":1,"turns":4},{"damage":0,"enemies":"2 Louse","floor":3,"turns":1},{"damage":18,"enemies":"3 Sentries","floor":6,"turns":5},{"damage":0,"enemies":"Cultist","floor":8,"turns":2},{"damage":0,"enemies":"2 Fungi Beasts","floor":11,"turns":2},{"damage":13,"enemies":"Gremlin Nob","floor":12,"turns":3},{"damage":18,"enemies":"3 Sentries","floor":14,"turns":3},{"damage":29,"enemies":"Hexaghost","floor":16,"turns":8},{"damage":34,"enemies":"Shell Parasite","floor":18,"turns":5},{"damage":29,"enemies":"Chosen","floor":20,"turns":6},{"damage":45,"enemies":"Snecko","floor":24,"turns":6},{"damage":60,"enemies":"Slavers","floor":28,"turns":5},{"damage":15,"enemies":"Cultist and Chosen","floor":29,"turns":2}],"relics_obtained":[{"floor":6,"key":"Pen Nib"},{"floor":9,"key":"Pear"},{"floor":12,"key":"Pantograph"},{"floor":13,"key":"Cables"},{"floor":14,"key":"Shuriken"},{"floor":17,"key":"Art of War"},{"floor":17,"key":"Blue Candle"},{"floor":17,"key":"Shovel"},{"floor":23,"key":"Mango"},{"floor":25,"key":"Regal Pillow"},{"floor":26,"key":"Potion Belt"},{"floor":28,"key":"Anchor"}],"event_choices":[{"event_name":"World of Goop","player_choice":"Gather Gold","floor":2,"damage_taken":0},{"event_name":"Golden Wing","player_choice":"Gained Gold","floor":4,"damage_taken":0},{"event_name":"Living Wall","player_choice":"Grow","floor":5,"damage_taken":0},{"event_name":"Forgotten Altar","player_choice":"Shed Blood","floor":19,"damage_taken":0},{"event_name":"The Library","player_choice":"Read","floor":22,"damage_taken":0}],"boss_relics":[{"not_picked":["Orrery","Runic Pyramid"],"picked":"Calling Bell"}],"items_purged_floors":[21],"potions_floor_spawned":[8,12],"seed_played":"7686029101388650080","killed_by":"Cultist and Chosen","ascension_level":4,"potions_obtained":[{"floor":8,"key":"SteroidPotion"},{"floor":12,"key":"Strength Potion"}],"is_trial":false}