{"gold_per_floor":[10,21,31,31,45,78,3,3,30,30,180,205,246,203,203,296,296,316,316,316,331,331],"floor_reached":22,"playtime":694,"items_purged":["Strike_B"],"score":383,"play_id":"059be45a-2655-4d0c-914c-29c40ae362a7","local_time":"20181013160158","is_ascension_mode":true,"campfire_choices":[{"data":"Hyperbeam","floor":8,"key":"SMITH"},{"data":"Zap","floor":10,"key":"SMITH"},{"floor":15,"key":"REST"}],"neow_cost":"NO_GOLD","seed_source_timestamp":20818698246504,"circlet_count":0,"master_deck":["Strike_B","Strike_B","Strike_B","Defend_B","Defend_B","Defend_B","Defend_B","Zap+1","Dualcast","AscendersBane","BootSequence","Sweeping Beam","Ball Lightning","Loop","Hyperbeam+1","Doubt","Multi-Cast","Fission","BootSequence","Writhe","Sunder","Skim"],"relics":["Cracked Core","Ginger","Golden Idol","Orichalcum","Smiling Mask","Potion Belt","Nuclear Battery","Cables"],"potions_floor_usage":[6,16,16,21,22],"damage_taken":[{"damage":4,"enemies":"2 Louse","floor":1,"turns":2},{"damage":4,"enemies":"Small Slimes","floor":2,"turns":4},{"damage":2,"enemies":"Jaw Worm","floor":3,"turns":3},{"damage":11,"enemies":"3 Louse","floor":5,"turns":3},{"damage":24,"enemies":"Gremlin Nob","floor":6,"turns":4},{"damage":0,"enemies":"Blue Slaver","floor":12,"turns":3},{"damage":0,"enemies":"3 Sentries","floor":13,"turns":1},{"damage":36,"enemies":"Slime Boss","floor":16,"turns":7},{"damage":7,"enemies":"2 Thieves","floor":18,"turns":2},{"damage":0,"enemies":"3 Byrds","floor":21,"turns":3},{"damage":43,"enemies":"Snecko","floor":22,"turns":5}],"seed_played":"3677157315868518397","potions_obtained":[{"floor":1,"key":"Ancient Potion"},{"floor":6,"key":"GamblersBrew"},{"floor":13,"key":"GamblersBrew"},{"floor":16,"key":"Swift Potion"},{"floor":18,"key":"Explosive Potion"},{"floor":21,"key":"LiquidBronze"}],"is_trial":false,"path_per_floor":["M","M","M","?","M","E","$","R","T","R","?","M","E","?","R","B",null,"M","?","?","M"],"character_chosen":"DEFECT","items_purchased":[],"campfire_rested":1,"item_purchase_floors":[],"current_hp_per_floor":[60,56,54,54,43,19,19,19,19,19,19,19,19,19,38,2,49,42,42,42,42,0],"gold":331,"neow_bonus":"ONE_RARE_RELIC","is_prod":false,"is_daily":false,"chose_seed":false,"campfire_upgraded":2,"win_rate":0,"timestamp":1539439318,"path_taken":["M","M","M","?","M","E","$","R","T","R","?","M","E","?","R","BOSS","M","?","?","M","M"],"build_version":"2018-10-11","purchased_purges":1,"victory":false,"max_hp_per_floor":[71,71,71,64,64,64,64,64,64,64,64,64,64,64,64,64,64,64,64,64,64,64],"card_choices":[{"not_picked":["Static Discharge","Hologram"],"picked":"BootSequence","floor":1},{"not_picked":["Leap","Coolheaded"],"picked":"Sweeping Beam","floor":2},{"not_picked":["Gash","Steam"],"picked":"Ball Lightning","floor":3},{"not_picked":["Biased Cognition","Heatsinks"],"picked":"Loop","floor":5},{"not_picked":["Go for the Eyes","Streamline"],"picked":"Hyperbeam","floor":6},{"not_picked":["Rebound","Fusion","White Noise"],"picked":"SKIP","floor":12},{"not_picked":["Blizzard","Gash"],"picked":"Multi-Cast","floor":13},{"not_picked":["Multi-Cast","Amplify"],"picked":"Fission","floor":16},{"not_picked":["Coolheaded","Stack"],"picked":"BootSequence","floor":18},{"not_picked":["Force Field+1","Leap"],"picked":"Skim","floor":21}],"player_experience":230486,"relics_obtained":[{"floor":6,"key":"Orichalcum"},{"floor":9,"key":"Smiling Mask"},{"floor":13,"key":"Potion Belt"}],"event_choices":[{"event_name":"Golden Idol","player_choice":"Lose Max HP","floor":4,"damage_taken":0},{"event_name":"Liars Game","player_choice":"agreed","floor":11,"damage_taken":0},{"event_name":"World of Goop","player_choice":"Left","floor":14,"damage_taken":0},{"event_name":"The Mausoleum","player_choice":"Yes","floor":19,"damage_taken":0},{"event_name":"The Library","player_choice":"Read","floor":20,"damage_taken":0}],"is_beta":true,"boss_relics":[{"not_picked":["Ectoplasm","Lizard Tail"],"picked":"Nuclear Battery"}],"items_purged_floors":[7],"is_endless":false,"potions_floor_spawned":[1,6,13,16,18,21],"killed_by":"Snecko","ascension_level":15}