{"path_per_floor":["M","M","?","?","M","E","$","R","T","R","E","M","E","M","R","B",null,"M","$","M","?","T","R","E","M","T","R","M","?","M","E","R","B",null,"M","?","$","?","M","R","E","R","T","E","$","M","$","M","R","B"],"character_chosen":"THE_SILENT","items_purchased":["Flash of Steel","Apotheosis","Kunai","Terror"],"gold_per_floor":[112,132,132,82,94,126,27,27,27,27,59,78,106,126,126,228,228,238,33,52,52,102,102,137,149,225,225,235,150,160,191,191,287,287,307,307,232,232,249,249,274,274,298,323,71,91,20,38,38,38],"floor_reached":51,"campfire_rested":5,"playtime":3468,"current_hp_per_floor":[53,54,54,54,56,10,10,32,32,54,41,40,21,23,61,25,65,44,44,29,29,36,36,23,9,9,44,41,41,71,59,59,32,63,54,54,54,54,51,51,37,37,37,33,33,42,42,53,77,74],"items_purged":["Regret"],"gold":38,"score":1013,"play_id":"bd00f85f-0b68-4c5b-8bac-231d17efb7b0","local_time":"20180313212011","is_prod":false,"is_daily":false,"is_ascension_mode":true,"campfire_upgraded":4,"timestamp":1521001211,"path_taken":["M","M","?","?","?","E","$","R","T","R","E","?","E","M","R","BOSS","M","$","M","?","?","R","E","M","T","R","M","?","?","E","R","BOSS","M","?","$","?","M","R","E","R","T","E","$","M","?","M","R","BOSS"],"build_version":"2018-03-09","purchased_purges":3,"victory":true,"master_deck":["Defend_G","Defend_G","Defend_G","Defend_G","Survivor","Neutralize","Cloak And Dagger","Quick Slash","Noxious Fumes+1","Flash of Steel","Deflect","Backflip","Envenom+1","Apotheosis+1","Sucker Punch","Bite","Bite","Bite","Bite","Bite","Tools of the Trade+1","Sucker Punch+1","Envenom+1","Prepared+1","Riddle With Holes","Terror","Backflip+1"],"max_hp_per_floor":[70,72,72,72,74,74,74,74,74,74,74,76,76,78,78,78,78,80,80,80,56,63,63,65,67,67,67,69,69,71,73,73,73,73,73,73,73,73,75,75,75,75,75,75,75,75,75,77,77,77],"relics":["Ring of the Snake","Singing Bowl","Snake Skull","Ice Cream","Bronze Scales","Regal Pillow","Cursed Key","Strawberry","Oddly Smooth Stone","Gremlin Horn","Art of War","Omamori","Lizard Tail","Spirit Poop","Ninja Scroll","Vajra","Dream Catcher","Kunai"],"card_choices":[{"not_picked":["Quick Slash","Terror"],"picked":"Cloak And Dagger"},{"not_picked":["Flying Knee","Wraith Form"],"picked":"Noxious Fumes"},{"not_picked":["Dodge and Roll","Dagger Throw"],"picked":"Deflect"},{"not_picked":["Setup","Backstab"],"picked":"Backflip"},{"not_picked":["Adrenaline","Tools of the Trade"],"picked":"Envenom"},{"not_picked":["Dagger Spray","Expertise"],"picked":"Sucker Punch"},{"not_picked":["Envenom","After Image"],"picked":"Tools of the Trade"},{"not_picked":["Flying Knee","Cloak And Dagger"],"picked":"Sucker Punch"},{"not_picked":["Infinite Blades","Eviscerate"],"picked":"Envenom"},{"not_picked":["Deflect","Bane"],"picked":"Prepared"},{"not_picked":["Sucker Punch","Acrobatics"],"picked":"Riddle With Holes"},{"not_picked":["Prepared","Bouncing Flask"],"picked":"Backflip"}],"player_experience":218258,"potions_floor_usage":[13,13,16,18,24,24,30,30,41,50,50],"damage_taken":[{"damage":10,"enemies":"Small Slimes","floor":1,"turns":6},{"damage":1,"enemies":"Cultist","floor":2,"turns":4},{"damage":0,"enemies":"2 Louse","floor":5,"turns":3},{"damage":46,"enemies":"Gremlin Nob","floor":6,"turns":6},{"damage":13,"enemies":"3 Sentries","floor":11,"turns":7},{"damage":3,"enemies":"Large Slime","floor":12,"turns":5},{"damage":34,"enemies":"Gremlin Nob","floor":13,"turns":5},{"damage":0,"enemies":"Looter","floor":14,"turns":3},{"damage":36,"enemies":"The Guardian","floor":16,"turns":11},{"damage":23,"enemies":"Chosen","floor":18,"turns":5},{"damage":15,"enemies":"2 Thieves","floor":20,"turns":5},{"damage":31,"enemies":"Slavers","floor":24,"turns":6},{"damage":32,"enemies":"Chosen and Byrds","floor":25,"turns":5},{"damage":20,"enemies":"Snake Plant","floor":28,"turns":5},{"damage":8,"enemies":"Centurion and Healer","floor":30,"turns":5},{"damage":26,"enemies":"Book of Stabbing","floor":31,"turns":5},{"damage":71,"enemies":"Champ","floor":33,"turns":11},{"damage":20,"enemies":"Orb Walker","floor":35,"turns":5},{"damage":11,"enemies":"3 Shapes","floor":39,"turns":4},{"damage":72,"enemies":"2 Orb Walkers","floor":41,"turns":6},{"damage":29,"enemies":"Giant Head","floor":44,"turns":8},{"damage":0,"enemies":"3 Darklings","floor":46,"turns":3},{"damage":4,"enemies":"Maw","floor":48,"turns":5},{"damage":17,"enemies":"Time Eater","floor":50,"turns":12}],"event_choices":[{"event_name":"Transmorgrifier","player_choice":"Transform","floor":3,"damage_taken":0},{"event_name":"The Cleric","player_choice":"Card Removal","floor":4,"damage_taken":0},{"event_name":"Vampires","player_choice":"Became a vampire","floor":21,"damage_taken":0},{"event_name":"Addict","player_choice":"Obtained Relic","floor":29,"damage_taken":0},{"event_name":"Accursed Blacksmith","player_choice":"Forge","floor":36,"damage_taken":0},{"event_name":"Bonfire Elementals","player_choice":"CURSE","floor":38,"damage_taken":0}],"boss_relics":[{"not_picked":["Velvet Choker","Astrolabe"],"picked":"Cursed Key"},{"not_picked":["Sozu","Eternal Feather"],"picked":"Lizard Tail"}],"potions_floor_spawned":[5,11,12,13,16,18,24,25,39,44,46],"seed_played":"-8716978680555325631","ascension_level":7,"is_trial":false}