{"gold_per_floor":[414,433,244,209,209,235,235,36,61,61,61,61,73,93,93,189,189,207,207,207,207,207,238,238,255,305,220,230,230,68,81,81,185,185,197,197,197,38,90,90,102,102,102,102,114,114,114,128,128,128],"floor_reached":51,"playtime":2817,"items_purged":[],"score":859,"play_id":"873156de-7b41-4b57-83f4-70879f3f55ce","local_time":"20180724140411","is_ascension_mode":false,"campfire_choices":[{"floor":7.0,"key":"REST"},{"data":"Magnetism","floor":10.0,"key":"SMITH"},{"floor":15.0,"key":"REST"},{"floor":24,"key":"REST"},{"floor":29,"key":"REST"},{"floor":32,"key":"REST"},{"floor":40,"key":"REST"},{"floor":42,"key":"REST"},{"data":"Electrodynamics","floor":44,"key":"SMITH"},{"floor":49,"key":"REST"}],"neow_cost":"TEN_PERCENT_HP_LOSS","seed_source_timestamp":0,"circlet_count":0,"master_deck":["Strike_B+1","Defend_B+1","Defend_B+1","Defend_B+1","Zap","Dualcast","Fusion+1","FTL+1","Magnetism+1","BootSequence","Ball Lightning","White Noise","Electrodynamics+1","Biased Cognition+1","Lockon+1","Fission+1","Steam Power","Glacier","Double Energy","Storm","Doom and Gloom+1","Capacitor","Thunder Strike+1","BootSequence","Mind Blast+1","Conserve Battery","Amplify","Stack+1","Hello World","Thunder Strike+1","Leap","BootSequence+1"],"special_seed":0,"relics":["Cracked Core","Old Coin","Juzu Bracelet","Toolbox","War Paint","Mango","Astrolabe","The Courier","Molten Egg 2","Blood Vial","Strawberry","Strange Spoon","Black Star","ClockworkSouvenir","Du-Vu Doll","Incense Burner","Bird Faced Urn"],"potions_floor_usage":[23,33,41,48],"damage_taken":[{"damage":8.0,"enemies":"Jaw Worm","floor":1.0,"turns":4.0},{"damage":13.0,"enemies":"2 Louse","floor":2.0,"turns":2.0},{"damage":23.0,"enemies":"3 Sentries","floor":6.0,"turns":7.0},{"damage":0.0,"enemies":"Cultist","floor":13.0,"turns":3.0},{"damage":0.0,"enemies":"Blue Slaver","floor":14.0,"turns":3.0},{"damage":52.0,"enemies":"The Guardian","floor":16.0,"turns":9.0},{"damage":13,"enemies":"3 Byrds","floor":18,"turns":2},{"damage":33,"enemies":"Book of Stabbing","floor":23,"turns":6},{"damage":8,"enemies":"2 Thieves","floor":25,"turns":3},{"damage":25,"enemies":"Snecko","floor":28,"turns":5},{"damage":15,"enemies":"Cultist and Chosen","floor":31,"turns":5},{"damage":64,"enemies":"Collector","floor":33,"turns":9},{"damage":0,"enemies":"3 Shapes","floor":35,"turns":3},{"damage":51,"floor":39,"turns":5},{"damage":20,"enemies":"Flame Bruiser 1 Orb","floor":41,"turns":5},{"damage":29,"enemies":"Transient","floor":45,"turns":5},{"damage":34,"floor":46,"turns":7},{"damage":1,"enemies":"3 Darklings","floor":48,"turns":5},{"damage":70,"enemies":"Donu and Deca","floor":50,"turns":8}],"seed_played":"-5389516965250813440","potions_obtained":[{"floor":6.0,"key":"Regen Potion"},{"floor":13.0,"key":"Swift Potion"},{"floor":14.0,"key":"AttackPotion"},{"floor":18,"key":"PowerPotion"},{"floor":31,"key":"Dexterity Potion"},{"floor":33,"key":"GamblersBrew"},{"floor":39,"key":"AttackPotion"},{"floor":46,"key":"Explosive Potion"}],"is_trial":false,"path_per_floor":["M","M","$","?","?","E","R","$","T","R","?","?","M","M","R","B",null,"M","?","?","?","?","E","R","M","T","?","M","R","$","M","R","B",null,"M","?","?","$","?","R","M","R","T","R","M","?","?","M","R","B"],"character_chosen":"DEFECT","items_purchased":["Magnetism","Toolbox","Strange Spoon","ClockworkSouvenir"],"campfire_rested":8,"item_purchase_floors":[3,8,30,38],"current_hp_per_floor":[60,47,47,64,50,27,47,47,47,47,47,54,54,54,78,39,82,69,69,69,69,69,36,60,52,52,59,47,73,73,60,86,24,89,89,89,89,89,45,71,53,79,79,79,52,20,20,37,63,20],"gold":128,"neow_bonus":"ONE_RARE_RELIC","is_prod":false,"is_daily":false,"chose_seed":false,"campfire_upgraded":2,"win_rate":0,"timestamp":1532433851,"path_taken":["M","M","$","?","?","E","R","?","T","R","?","?","M","M","R","BOSS","M","?","?","?","?","E","R","M","T","?","M","R","?","M","R","BOSS","M","?","?","$","?","R","M","R","T","R","M","?","?","M","R","BOSS"],"build_version":"2018-07-19v2","purchased_purges":0,"victory":true,"max_hp_per_floor":[68,68,68,68,68,68,68,68,68,68,68,82,82,82,82,82,82,82,82,82,82,82,82,82,82,82,89,89,89,89,89,89,89,89,89,89,89,89,89,89,89,89,89,89,89,89,89,89,89,89],"card_choices":[{"not_picked":["Beam Cell","Cold Snap"],"picked":"Fusion","floor":1.0},{"not_picked":["Ball Lightning","Go for the Eyes"],"picked":"FTL","floor":2.0},{"not_picked":["Conserve Battery","Reboot"],"picked":"BootSequence","floor":6.0},{"not_picked":["Sweeping Beam","Coolheaded"],"picked":"Ball Lightning","floor":13.0},{"not_picked":["Sweeping Beam","Steam"],"picked":"White Noise","floor":14.0},{"not_picked":["Machine Learning","Rainbow"],"picked":"Electrodynamics","floor":16.0},{"not_picked":["Cold Snap","Consume"],"picked":"Steam Power","floor":18},{"not_picked":["Fusion","Conserve Battery"],"picked":"Double Energy","floor":23},{"not_picked":["Stack+1","Ball Lightning+1"],"picked":"Storm","floor":25},{"not_picked":["Rebound+1","Beam Cell+1"],"picked":"Doom and Gloom+1","floor":28},{"not_picked":["Barrage+1","FTL+1"],"picked":"Capacitor","floor":31},{"not_picked":["Echo Form","Seek"],"picked":"Thunder Strike+1","floor":33},{"not_picked":["Steam+1","Heatsinks+1"],"picked":"BootSequence","floor":35},{"not_picked":["Conserve Battery","Steam Power"],"picked":"Stack+1","floor":39},{"not_picked":["Lockon+1","Force Field+1"],"picked":"Hello World","floor":41},{"not_picked":["Cold Snap+1","Hologram"],"picked":"Thunder Strike+1","floor":45},{"not_picked":["Gash+1","Hologram"],"picked":"Leap","floor":46},{"not_picked":["Hologram","Cold Snap+1"],"picked":"BootSequence+1","floor":48}],"player_experience":82855,"relics_obtained":[{"floor":6.0,"key":"Juzu Bracelet"},{"floor":9.0,"key":"War Paint"},{"floor":23,"key":"Molten Egg 2"},{"floor":26,"key":"Blood Vial"},{"floor":39,"key":"Du-Vu Doll"},{"floor":43,"key":"Incense Burner"},{"floor":46,"key":"Bird Faced Urn"}],"event_choices":[{"event_name":"The Cleric","player_choice":"Healed","floor":4.0,"damage_taken":0.0},{"event_name":"Shining Light","player_choice":"Entered Light","floor":5.0,"damage_taken":0.0},{"event_name":"Golden Wing","player_choice":"Ignored","floor":11.0,"damage_taken":0.0},{"event_name":"Scrap Ooze","player_choice":"success","floor":12.0,"damage_taken":7.0},{"event_name":"Ghosts","player_choice":"Ignored","floor":19,"damage_taken":0},{"event_name":"The Mausoleum","player_choice":"Yes","floor":20,"damage_taken":0},{"event_name":"Back to Basics","player_choice":"Simplicity","floor":21,"damage_taken":0},{"event_name":"Match and Keep!","player_choice":"1 cards matched","floor":22,"damage_taken":0},{"event_name":"Addict","player_choice":"Obtained Relic","floor":27,"damage_taken":0},{"event_name":"Falling","player_choice":"Removed Skill","floor":36,"damage_taken":0},{"event_name":"Match and Keep!","player_choice":"3 cards matched","floor":37,"damage_taken":0},{"event_name":"Mysterious Sphere","player_choice":"Fight","floor":39,"damage_taken":0},{"event_name":"MindBloom","player_choice":"Fight","floor":46,"damage_taken":0},{"event_name":"SecretPortal","player_choice":"Rejected Portal.","floor":47,"damage_taken":0}],"is_beta":false,"boss_relics":[{"not_picked":["Orrery","Eternal Feather"],"picked":"Astrolabe"},{"not_picked":["Empty Cage","Pandora\u0027s Box"],"picked":"Black Star"}],"items_purged_floors":[],"is_endless":false,"potions_floor_spawned":[6,13,14,18,31,33,39,46],"ascension_level":0}