{"path_per_floor":["M","?","M","$","M","R","E","R","T","M","R","M","M","M","R","B",null,"M","M","?","?","M","R"],"character_chosen":"THE_SILENT","items_purchased":["Dream Catcher"],"gold_per_floor":[210,210,228,75,92,92,117,117,117,131,131,147,163,181,181,279,279,292,303,303,303,320,320],"floor_reached":24,"campfire_rested":1,"playtime":1939,"current_hp_per_floor":[70,70,67,67,67,67,27,27,27,27,48,41,41,41,41,18,70,70,62,62,62,40,40],"items_purged":[],"gold":320,"play_id":"a8a43808-9274-419c-a446-b38d1f0c1fc2","is_prod":false,"is_daily":false,"is_ascension_mode":false,"campfire_upgraded":4,"path_taken":["M","?","M","?","M","R","E","R","T","M","R","M","M","M","R","BOSS","M","M","?","?","M","R","E"],"build_version":"2018-02-01-PROD1","purchased_purges":0,"victory":false,"master_deck":["Defend_G","Defend_G","Defend_G","Defend_G","Defend_G","Strike_G","Strike_G","Strike_G","Strike_G","Strike_G","Survivor","Neutralize+1","Dagger Throw","Burst+1","Slice","Flying Knee","Dash","Bouncing Flask+1","After Image","Blade Dance","Dagger Spray","Bullet Time","Dagger Spray+1","Underhanded Strike+1","Backstab+1"],"max_hp_per_floor":[70,70,70,70,70,70,70,70,70,70,70,70,70,70,70,70,70,70,70,70,70,70,70],"relics":["Ring of the Snake","Dream Catcher","Sundial","Tingsha","Runic Pyramid"],"card_choices":[{"not_picked":["Outmaneuver","Bane"],"picked":"Dagger Throw"},{"not_picked":["Masterful Stab","Dodge and Roll"],"picked":"Burst"},{"not_picked":["Well Laid Plans","Backflip"],"picked":"Slice"},{"not_picked":["Tools of the Trade","Reflex"],"picked":"Flying Knee"},{"not_picked":["Deadly Poison","Quick Slash"],"picked":"Dash"},{"not_picked":["Backflip","Dagger Throw"],"picked":"Bouncing Flask"},{"not_picked":["Poisoned Stab","Prepared"],"picked":"After Image"},{"not_picked":["All Out Attack","Skewer"],"picked":"Blade Dance"},{"not_picked":["Catalyst","Quick Slash"],"picked":"Dagger Spray"},{"not_picked":["Doppelganger","Venomology"],"picked":"Bullet Time"},{"not_picked":["Quick Slash","Masterful Stab"],"picked":"Dagger Spray"},{"not_picked":["Deadly Poison","Dagger Spray"],"picked":"Underhanded Strike"},{"not_picked":["Bouncing Flask","Deadly Poison"],"picked":"Backstab"}],"player_experience":60871,"potions_floor_usage":[7,13,16,16,22,22],"damage_taken":[{"damage":0,"enemies":"Small Slimes","floor":1,"turns":4},{"damage":3,"enemies":"Blue Slaver","floor":3,"turns":5},{"damage":0,"enemies":"Cultist","floor":5,"turns":3},{"damage":40,"enemies":"Lagavulin","floor":7,"turns":10},{"damage":0,"enemies":"Red Slaver","floor":10,"turns":3},{"damage":7,"enemies":"Gremlin Gang","floor":12,"turns":4},{"damage":0,"enemies":"Large Slime","floor":13,"turns":6},{"damage":0,"enemies":"Looter","floor":14,"turns":3},{"damage":23,"enemies":"Slime Boss","floor":16,"turns":12},{"damage":0,"enemies":"Chosen","floor":18,"turns":4},{"damage":8,"enemies":"Shell Parasite","floor":19,"turns":6},{"damage":22,"enemies":"Cultist and Chosen","floor":22,"turns":7},{"damage":56,"enemies":"Gremlin Leader","floor":24,"turns":10}],"event_choices":[{"event_name":"Liars Game","player_choice":"disagreed","floor":2,"damage_taken":0},{"event_name":"The Woman in Blue","player_choice":"Bought 0 Potions","floor":20,"damage_taken":0},{"event_name":"Beggar","player_choice":"Ignored","floor":21,"damage_taken":0}],"boss_relics":[{"not_picked":["White Beast Statue","Astrolabe"],"picked":"Runic Pyramid"}],"potions_floor_spawned":[1,7,10,12,16,19],"seed_played":"-3888494357125557417","killed_by":"Gremlin Leader","ascension_level":0,"is_trial":false}