{"gold_per_floor":[118,130,140,90,100,100,110,123,173,199,199,199],"floor_reached":12,"playtime":444,"items_purged":["Strike_B"],"score":82,"play_id":"24e5fc13-8213-4719-b49d-b7f1ce7b14d6","local_time":"20190122164214","is_ascension_mode":false,"campfire_choices":[{"data":"Gash","floor":6,"key":"SMITH"},{"floor":11,"key":"REST"}],"neow_cost":"NONE","seed_source_timestamp":138283773856178,"circlet_count":0,"master_deck":["Strike_B","Strike_B","Strike_B","Defend_B","Defend_B","Defend_B","Defend_B","Zap","Dualcast","Gash+1"],"relics":["Cracked Core","Smiling Mask","Strawberry","Blood Vial"],"potions_floor_usage":[5,7,8],"damage_taken":[{"damage":2,"enemies":"Small Slimes","floor":1,"turns":4},{"damage":1,"enemies":"Jaw Worm","floor":2,"turns":3},{"damage":0,"enemies":"2 Louse","floor":3,"turns":2},{"damage":15,"enemies":"Large Slime","floor":5,"turns":6},{"damage":10,"enemies":"Exordium Thugs","floor":7,"turns":4},{"damage":12,"enemies":"Blue Slaver","floor":8,"turns":2},{"damage":38,"enemies":"3 Sentries","floor":10,"turns":8},{"damage":30,"enemies":"Gremlin Gang","floor":12,"turns":3}],"seed_played":"405369965727120558","potions_obtained":[{"floor":2,"key":"Ancient Potion"},{"floor":3,"key":"FearPotion"},{"floor":5,"key":"FearPotion"},{"floor":7,"key":"AttackPotion"}],"is_trial":false,"path_per_floor":["M","M","M","$","M","R","M","M","T","E","R","M"],"character_chosen":"DEFECT","items_purchased":[],"campfire_rested":1,"item_purchase_floors":[],"current_hp_per_floor":[73,72,72,72,57,57,47,35,42,4,28,0],"gold":199,"neow_bonus":"RANDOM_COMMON_RELIC","is_prod":false,"is_daily":false,"chose_seed":false,"campfire_upgraded":1,"win_rate":0,"timestamp":1548193334,"path_taken":["M","M","M","$","M","R","M","M","T","E","R","M"],"build_version":"2019-01-17v2","purchased_purges":1,"victory":false,"max_hp_per_floor":[75,75,75,75,75,75,75,75,82,82,82,82],"card_choices":[{"not_picked":["Sweeping Beam","Compile Driver"],"picked":"Gash","floor":1},{"not_picked":["Compile Driver","Ball Lightning","Rainbow"],"picked":"SKIP","floor":2},{"not_picked":["Ball Lightning","Chill","Lockon"],"picked":"SKIP","floor":3},{"not_picked":["Scrape","Reprogram","Ball Lightning"],"picked":"SKIP","floor":5},{"not_picked":["Ball Lightning","Reinforced Body","Steam"],"picked":"SKIP","floor":7},{"not_picked":["Cold Snap","BootSequence","Reprogram"],"picked":"SKIP","floor":8},{"not_picked":["Redo","Coolheaded","Consume"],"picked":"SKIP","floor":10}],"player_experience":566489,"relics_obtained":[{"floor":9,"key":"Strawberry"},{"floor":10,"key":"Blood Vial"}],"event_choices":[],"is_beta":false,"boss_relics":[],"items_purged_floors":[4],"is_endless":false,"potions_floor_spawned":[2,3,5,7],"killed_by":"Gremlin Gang","ascension_level":0}