{"gold_per_floor":[117,117,131,151,326,355,355,355,379,379,379,71,71,0,0,0],"floor_reached":16,"playtime":218,"items_purged":[],"score":96,"play_id":"1e9775ae-7630-4b6d-9bba-319c6c3f01ae","local_time":"20190222015906","is_ascension_mode":false,"campfire_choices":[{"data":"Neutralize","floor":7,"key":"SMITH"},{"data":"Footwork","floor":13,"key":"SMITH"},{"data":"Survivor","floor":15,"key":"SMITH"}],"neow_cost":"NONE","seed_source_timestamp":34424281178640,"circlet_count":0,"master_deck":["Defend_G+1","Defend_G","Defend_G","Defend_G+1","Defend_G","Strike_G","Strike_G","Strike_G","Strike_G","Strike_G","Survivor+1","Neutralize+1","Well Laid Plans","Escape Plan","Footwork+1","Glass Knife"],"relics":["Ring of the Snake","NeowsBlessing","War Paint","Anchor","Dream Catcher","Thread and Needle"],"potions_floor_usage":[6,6,6],"damage_taken":[{"damage":0,"enemies":"Small Slimes","floor":1,"turns":1},{"damage":0,"enemies":"Cultist","floor":3,"turns":1},{"damage":0,"enemies":"Jaw Worm","floor":4,"turns":1},{"damage":29,"enemies":"Gremlin Nob","floor":6,"turns":5},{"damage":28,"enemies":"The Guardian","floor":16,"turns":2}],"seed_played":"-7266626373240418116","potions_obtained":[{"floor":1,"key":"Weak Potion"},{"floor":2,"key":"SpeedPotion"},{"floor":2,"key":"Fire Potion"},{"floor":2,"key":"Poison Potion"},{"floor":3,"key":"Fire Potion"}],"is_trial":false,"path_per_floor":["M","?","M","M","?","E","R","?","T","T","?","$","R","$","R","B"],"character_chosen":"THE_SILENT","items_purchased":["Thread and Needle","Glass Knife"],"campfire_rested":0,"item_purchase_floors":[12,14],"current_hp_per_floor":[70,70,70,70,70,41,41,29,29,29,22,22,22,22,22,0],"gold":0,"neow_bonus":"THREE_ENEMY_KILL","is_prod":false,"is_daily":false,"chose_seed":false,"campfire_upgraded":3,"win_rate":0,"timestamp":1550818746,"path_taken":["M","?","?","M","?","E","R","?","T","?","?","$","R","$","R","BOSS"],"build_version":"2019-01-23","purchased_purges":0,"victory":false,"max_hp_per_floor":[70,70,70,70,70,70,70,70,70,70,70,70,70,70,70,70],"card_choices":[{"not_picked":["Catalyst","Calculated Gamble"],"picked":"Well Laid Plans","floor":1},{"not_picked":["Poisoned Stab","Outmaneuver"],"picked":"Escape Plan","floor":3},{"not_picked":["Underhanded Strike","Dagger Spray"],"picked":"Footwork","floor":4},{"not_picked":["Slice","Poisoned Stab","Predator"],"picked":"SKIP","floor":6}],"player_experience":723157,"relics_obtained":[{"floor":6,"key":"War Paint"},{"floor":10,"key":"Dream Catcher"}],"event_choices":[{"damage_healed":0,"gold_gain":0,"player_choice":"Got Potions","damage_taken":0,"max_hp_gain":0,"max_hp_loss":0,"event_name":"Lab","floor":2,"gold_loss":0},{"damage_healed":0,"gold_gain":175,"player_choice":"AGREE","damage_taken":0,"max_hp_gain":0,"max_hp_loss":0,"event_name":"Liars Game","floor":5,"gold_loss":0,"cards_obtained":["Doubt"]},{"damage_healed":0,"gold_gain":0,"player_choice":"Success","damage_taken":12,"relics_obtained":["Anchor"],"max_hp_gain":0,"max_hp_loss":0,"event_name":"Scrap Ooze","floor":8,"gold_loss":0},{"cards_removed":["Doubt"],"damage_healed":0,"gold_gain":0,"player_choice":"Card Removal","damage_taken":7,"max_hp_gain":0,"max_hp_loss":0,"event_name":"Golden Wing","floor":11,"gold_loss":0}],"is_beta":false,"boss_relics":[],"items_purged_floors":[],"is_endless":false,"potions_floor_spawned":[1,3],"killed_by":"The Guardian","ascension_level":0}