{"path_per_floor":["M","?","M","M","$","R","E","M","T","M","R","M","M","M","R","B",null,"M","M","$","?","M","R","E","R","T","$","E","R","E","?","R","B",null,"M","M","?","$","M","M","M","E","T","R","?","M","R","M","R","B"],"character_chosen":"IRONCLAD","items_purchased":["Heavy Blade","Blood Vial","Apotheosis"],"gold_per_floor":[11,11,22,33,8,8,41,59,85,97,97,112,123,140,140,236,236,252,262,41,41,59,59,88,88,88,88,122,122,155,155,155,257,257,275,286,286,4,16,28,48,74,74,74,0,18,18,37,37,37],"floor_reached":51,"campfire_rested":0,"playtime":2661,"current_hp_per_floor":[70,70,58,59,59,59,54,58,58,64,64,67,54,53,53,59,75,80,80,80,80,80,80,75,75,75,75,79,79,51,51,51,80,80,80,73,73,73,65,68,73,48,55,55,55,66,66,76,76,52],"items_purged":["Bloodletting","Bloodletting"],"gold":37,"score":1072,"play_id":"cc0c9306-940f-4f7f-9cf2-8edca361bfa3","local_time":"20180404171702","is_prod":false,"is_daily":false,"is_ascension_mode":true,"campfire_upgraded":7,"timestamp":1522855022,"path_taken":["M","?","M","M","?","R","E","M","T","M","R","M","M","?","R","BOSS","M","M","$","?","?","R","E","R","T","$","E","R","E","?","R","BOSS","M","M","?","$","M","M","M","E","T","R","?","M","R","M","R","BOSS"],"build_version":"2018-03-29v2","purchased_purges":2,"victory":true,"master_deck":["Defend_R+1","Bash+1","Twin Strike","Uppercut+1","Clothesline","Heavy Blade+1","Thunderclap","Second Wind","Shrug It Off","Reaper","Bite","Bite","Bite","Bite","Sentinel+1","Demon Form+1","Immolate","Immolate+1","Dark Shackles+1","Heavy Blade+1","Clothesline","Apotheosis+1","Heavy Blade+1","Feel No Pain+1","Bludgeon"],"max_hp_per_floor":[80,80,80,80,80,80,80,80,80,80,80,80,80,80,80,80,80,80,80,80,80,80,80,80,80,80,80,80,80,80,80,80,80,80,80,80,80,80,80,80,80,80,87,87,87,87,87,87,87,87],"relics":["Burning Blood","Girya","Shuriken","War Paint","Snecko Eye","Bottled Flame","Unceasing Top","Du-Vu Doll","Dream Catcher","Astrolabe","Vajra","Strawberry","Red Mask"],"card_choices":[{"not_picked":["Pommel Strike","Sentinel"],"picked":"Twin Strike","floor":1.0},{"not_picked":["Cleave","Flex"],"picked":"Uppercut","floor":3.0},{"not_picked":["Iron Wave","Twin Strike"],"picked":"Clothesline","floor":4.0},{"not_picked":["Dark Embrace","Wild Strike"],"picked":"Thunderclap","floor":7.0},{"not_picked":["Thunderclap","Warcry"],"picked":"Second Wind","floor":8.0},{"not_picked":["Flex","Iron Wave"],"picked":"Shrug It Off","floor":10.0},{"not_picked":["Disarm","Warcry"],"picked":"Rage","floor":13.0},{"not_picked":["Clothesline","Wild Strike"],"picked":"Bloodletting","floor":14.0},{"not_picked":["Exhume","Barricade"],"picked":"Reaper","floor":16.0},{"not_picked":["Thunderclap","Clothesline"],"picked":"Sentinel","floor":22.0},{"not_picked":["Flame Barrier","Rupture"],"picked":"Demon Form","floor":30.0},{"not_picked":["Juggernaut","Berserk"],"picked":"Immolate","floor":33.0},{"not_picked":["Wild Strike","Perfected Strike"],"picked":"Heavy Blade","floor":35.0},{"not_picked":["Hemokinesis","Spot Weakness"],"picked":"Clothesline","floor":36.0},{"not_picked":["Wild Strike","Clash"],"picked":"Heavy Blade","floor":40},{"not_picked":["Infernal Blade","Disarm"],"picked":"Feel No Pain","floor":41},{"not_picked":["Spot Weakness","Heavy Blade"],"picked":"Bludgeon","floor":48}],"player_experience":222153,"potions_floor_usage":[50,50],"damage_taken":[{"damage":8.0,"enemies":"2 Louse","floor":1.0,"turns":3.0},{"damage":18.0,"enemies":"Jaw Worm","floor":3.0,"turns":4.0},{"damage":5.0,"enemies":"Small Slimes","floor":4.0,"turns":3.0},{"damage":26.0,"enemies":"3 Sentries","floor":7.0,"turns":6.0},{"damage":2.0,"enemies":"Exordium Thugs","floor":8.0,"turns":4.0},{"damage":0.0,"enemies":"Lots of Slimes","floor":10.0,"turns":1.0},{"damage":3.0,"enemies":"Looter","floor":12.0,"turns":2.0},{"damage":19.0,"enemies":"Exordium Thugs","floor":13.0,"turns":3.0},{"damage":7.0,"enemies":"3 Louse","floor":14.0,"turns":2.0},{"damage":0.0,"enemies":"Slime Boss","floor":16.0,"turns":7.0},{"damage":0.0,"enemies":"Shell Parasite","floor":18.0,"turns":1.0},{"damage":0.0,"enemies":"Chosen","floor":19.0,"turns":3.0},{"damage":6.0,"enemies":"Sentry and Sphere","floor":22.0,"turns":3.0},{"damage":33.0,"enemies":"Slavers","floor":24.0,"turns":3.0},{"damage":10.0,"enemies":"Book of Stabbing","floor":28.0,"turns":4.0},{"damage":38.0,"enemies":"Slavers","floor":30.0,"turns":5.0},{"damage":12.0,"enemies":"Collector","floor":33.0,"turns":6.0},{"damage":9.0,"enemies":"3 Shapes","floor":35.0,"turns":4.0},{"damage":16.0,"enemies":"Orb Walker","floor":36.0,"turns":3.0},{"damage":39.0,"enemies":"Maw","floor":39.0,"turns":6.0},{"damage":25.0,"enemies":"4 Shapes","floor":40.0,"turns":4.0},{"damage":5,"enemies":"Sphere and 2 Shapes","floor":41,"turns":3},{"damage":40,"enemies":"2 Orb Walkers","floor":42,"turns":4},{"damage":22,"enemies":"Maw","floor":46,"turns":5},{"damage":28,"enemies":"3 Darklings","floor":48,"turns":5},{"damage":63,"enemies":"Awakened One","floor":50,"turns":8}],"event_choices":[{"event_name":"The Cleric","player_choice":"Leave","floor":2.0,"damage_taken":0.0},{"event_name":"Vampires","player_choice":"Became a vampire (Vial)","floor":21.0,"damage_taken":0.0},{"event_name":"Back to Basics","player_choice":"Elegance","floor":31.0,"damage_taken":0.0},{"event_name":"Tomb of Lord Red Mask","player_choice":"Paid","floor":45,"damage_taken":0}],"boss_relics":[],"potions_floor_spawned":[3,8,10,14,24,28,30,36,46,48],"seed_played":"4243318990414907748","ascension_level":6,"is_trial":false}