{"gold_per_floor":[117,60,77,96,107,107,127,143,143,143,175,175,195,209,209,283,283,295,322,322,322,341,341,368,378,378,409,106,56,56,105,105,105],"floor_reached":33,"playtime":1256,"items_purged":["Writhe"],"score":570,"play_id":"31a61582-0296-4bd5-98b4-7ec18be8a2a1","local_time":"20181122000312","is_ascension_mode":true,"campfire_choices":[{"data":"Perfected Strike","floor":6,"key":"SMITH"},{"floor":10,"key":"REST"},{"data":"Armaments","floor":12,"key":"SMITH"},{"floor":15,"key":"REST"},{"data":"Bludgeon","floor":23,"key":"SMITH"},{"data":"Spot Weakness","floor":32,"key":"SMITH"}],"neow_cost":"NONE","seed_source_timestamp":625301188855339,"circlet_count":0,"master_deck":["AscendersBane","Defend_R","Defend_R","Defend_R","Defend_R","Bash","Flame Barrier","Clothesline","Perfected Strike+1","Twin Strike","Armaments+1","True Grit","Rage+1","Spot Weakness+1","Bludgeon+1","Bite","Bite","Bite+1","Bite","Bite","Juggernaut","RitualDagger"],"relics":["Burning Blood","Anchor","Snecko Eye","Red Mask","PreservedInsect","Dodecahedron","Juzu Bracelet","Mummified Hand","Brimstone","Dream Catcher"],"potions_floor_usage":[11,16,16,27,33],"damage_taken":[{"damage":6,"enemies":"Small Slimes","floor":1,"turns":5},{"damage":6,"enemies":"Cultist","floor":3,"turns":4},{"damage":17,"enemies":"Jaw Worm","floor":4,"turns":4},{"damage":30,"enemies":"Large Slime","floor":5,"turns":7},{"damage":30,"enemies":"Gremlin Gang","floor":7,"turns":5},{"damage":12,"enemies":"Blue Slaver","floor":8,"turns":5},{"damage":26,"enemies":"Lagavulin","floor":11,"turns":8},{"damage":14,"enemies":"Large Slime","floor":13,"turns":8},{"damage":0,"enemies":"Looter","floor":14,"turns":3},{"damage":20,"enemies":"The Guardian","floor":16,"turns":12},{"damage":7,"enemies":"3 Byrds","floor":18,"turns":6},{"damage":23,"enemies":"Masked Bandits","floor":19,"turns":4},{"damage":6,"enemies":"2 Thieves","floor":22,"turns":4},{"damage":20,"enemies":"Book of Stabbing","floor":24,"turns":4},{"damage":14,"enemies":"Snecko","floor":25,"turns":4},{"damage":34,"enemies":"Gremlin Leader","floor":27,"turns":7},{"damage":59,"enemies":"Champ","floor":33,"turns":5}],"seed_played":"5051060496933063523","potions_obtained":[{"floor":3,"key":"Ancient Potion"},{"floor":4,"key":"Fire Potion"},{"floor":7,"key":"Poison Potion"},{"floor":14,"key":"Weak Potion"},{"floor":16,"key":"Fruit Juice"},{"floor":19,"key":"Regen Potion"},{"floor":27,"key":"GamblersBrew"}],"is_trial":false,"path_per_floor":["M","$","M","M","M","R","M","M","T","R","E","R","M","M","R","B",null,"M","?","?","?","M","R","E","M","T","E","$","?","?","T","R","B"],"character_chosen":"IRONCLAD","items_purchased":["Clothesline","Brimstone"],"campfire_rested":2,"item_purchase_floors":[2,28],"current_hp_per_floor":[75,75,75,64,40,40,16,10,10,34,16,16,10,18,42,35,74,75,60,60,60,66,66,56,50,50,53,53,53,47,47,47,0],"gold":105,"neow_bonus":"TEN_PERCENT_HP_BONUS","is_prod":false,"is_daily":false,"chose_seed":false,"campfire_upgraded":4,"win_rate":0,"timestamp":1542841392,"path_taken":["M","$","M","M","M","R","M","M","T","R","E","R","M","M","R","BOSS","M","?","?","?","M","R","E","M","T","E","$","?","?","?","R","BOSS"],"build_version":"2018-11-15","purchased_purges":1,"victory":false,"max_hp_per_floor":[82,82,82,82,82,82,82,82,82,82,82,82,82,82,82,87,87,87,87,87,87,87,87,87,87,87,87,87,87,87,87,87,87],"card_choices":[{"not_picked":["True Grit","Pummel"],"picked":"Flame Barrier","floor":1},{"not_picked":["Sword Boomerang","True Grit"],"picked":"Perfected Strike","floor":3},{"not_picked":["Sentinel","Rupture","Cleave"],"picked":"SKIP","floor":4},{"not_picked":["Cleave","Anger"],"picked":"Twin Strike","floor":5},{"not_picked":["Barricade","Combust"],"picked":"Armaments","floor":7},{"not_picked":["Iron Wave","Sword Boomerang"],"picked":"True Grit","floor":8},{"not_picked":["Clothesline","Heavy Blade"],"picked":"Rage","floor":11},{"not_picked":["Clothesline","Rage"],"picked":"Spot Weakness","floor":13},{"not_picked":["Heavy Blade","Havoc","Dual Wield"],"picked":"SKIP","floor":14},{"not_picked":["Exhume","Double Tap"],"picked":"Bludgeon","floor":16},{"not_picked":["Rupture","Pommel Strike","Body Slam"],"picked":"SKIP","floor":18},{"not_picked":["Perfected Strike","Hemokinesis","Flex+1"],"picked":"SKIP","floor":22},{"not_picked":["Perfected Strike","Evolve","Pummel+1"],"picked":"SKIP","floor":24},{"not_picked":["Reckless Charge+1","Body Slam","Thunderclap"],"picked":"SKIP","floor":25},{"not_picked":["Offering","Iron Wave"],"picked":"Juggernaut","floor":27}],"player_experience":371640,"relics_obtained":[{"floor":9,"key":"Blood Vial"},{"floor":11,"key":"Anchor"},{"floor":19,"key":"Red Mask"},{"floor":24,"key":"Dodecahedron"},{"floor":26,"key":"Juzu Bracelet"},{"floor":27,"key":"Mummified Hand"},{"floor":31,"key":"Dream Catcher"}],"event_choices":[{"damage_healed":0,"gold_gain":0,"player_choice":"Fought Bandits","damage_taken":0,"max_hp_gain":0,"max_hp_loss":0,"event_name":"Masked Bandits","floor":19,"gold_loss":0},{"damage_healed":0,"gold_gain":0,"player_choice":"Opened","damage_taken":0,"relics_obtained":["PreservedInsect"],"max_hp_gain":0,"max_hp_loss":0,"event_name":"The Mausoleum","floor":20,"gold_loss":0,"cards_obtained":["Writhe"]},{"damage_healed":0,"gold_gain":0,"player_choice":"Became a vampire (Vial)","damage_taken":0,"max_hp_gain":0,"max_hp_loss":0,"event_name":"Vampires","floor":21,"relics_lost":["Blood Vial"],"gold_loss":0,"cards_obtained":["Bite","Bite","Bite","Bite","Bite"]},{"damage_healed":0,"gold_gain":0,"player_choice":"Upgraded Two","damage_taken":0,"max_hp_gain":0,"max_hp_loss":0,"event_name":"Designer","floor":29,"gold_loss":50,"cards_upgraded":["Bite","Rage"]},{"damage_healed":0,"gold_gain":0,"player_choice":"Joined the Cult","damage_taken":6,"max_hp_gain":0,"max_hp_loss":0,"event_name":"Nest","floor":30,"gold_loss":0,"cards_obtained":["RitualDagger"]}],"is_beta":true,"boss_relics":[{"not_picked":["Runic Cube","Philosopher\u0027s Stone"],"picked":"Snecko Eye"}],"items_purged_floors":[28],"is_endless":false,"potions_floor_spawned":[3,4,7,14,16,19,22,27],"killed_by":"Champ","ascension_level":18}