{"path_per_floor":["M","M","M","?","M","E","M","?","T","M","?","M","M","M","R","B",null,"M","M","M"],"character_chosen":"IRONCLAD","items_purchased":[],"gold_per_floor":[119,138,148,98,113,140,156,156,183,193,293,309,309,320,320,421,421,440,452,472],"floor_reached":21,"campfire_rested":0,"playtime":2050,"current_hp_per_floor":[70,75,76,76,63,38,44,44,44,46,46,52,58,63,63,32,80,53,28,16],"items_purged":[],"gold":472,"play_id":"2a90bb65-6c2e-482c-9a3f-c1881abcb7d2","is_prod":false,"is_daily":false,"campfire_rituals":0,"campfire_upgraded":1,"is_hardmode":false,"path_taken":["M","M","?","?","M","E","M","?","T","?","?","M","M","M","R","BOSS","M","M","M","M"],"build_version":"2018-01-11-PROD2","purchased_purges":0,"victory":false,"master_deck":["Strike_R","Strike_R","Strike_R","Strike_R","Defend_R","Defend_R","Defend_R","Bash","Parasite","Headbutt","Rupture","Twin Strike","Iron Wave","Armaments","Twin Strike","Rage","Inflame","Pommel Strike","Bloodletting","Offering","Injury","Writhe","Regret","Armaments","Flex","Twin Strike"],"max_hp_per_floor":[80,80,80,80,80,80,80,80,80,80,80,80,80,80,80,80,80,80,80,80],"relics":["Burning Blood","Ancient Tea Set","Anchor","Calling Bell","Regal Pillow","Blood Vial","Omamori"],"campfire_meditates":0,"card_choices":[{"not_picked":["Corruption","Armaments"],"picked":"Rupture"},{"not_picked":["Dropkick","Armaments"],"picked":"Twin Strike"},{"not_picked":["Body Slam","Wild Strike"],"picked":"Iron Wave"},{"not_picked":["Infernal Blade","Reckless Charge"],"picked":"Armaments"},{"not_picked":["Clash","Heavy Blade"],"picked":"Twin Strike"},{"not_picked":["Clothesline","Anger"],"picked":"Rage"},{"not_picked":["Dual Wield","Shockwave"],"picked":"Inflame"},{"not_picked":["Wild Strike","Sword Boomerang"],"picked":"Pommel Strike"},{"not_picked":["Infernal Blade","Dropkick"],"picked":"Bloodletting"},{"not_picked":["Fiend Fire","Immolate"],"picked":"Offering"},{"not_picked":["Iron Wave","Pummel"],"picked":"Armaments"},{"not_picked":["Evolve","Shrug It Off"],"picked":"Flex"},{"not_picked":["Rupture","Perfected Strike"],"picked":"Twin Strike"}],"player_experience":73501,"potions_floor_usage":[16,16],"damage_taken":[{"damage":16.0,"enemies":"Blue Slaver","floor":1.0,"turns":4.0},{"damage":1.0,"enemies":"2 Louse","floor":2.0,"turns":3.0},{"damage":5.0,"enemies":"Small Slimes","floor":3.0,"turns":3.0},{"damage":19.0,"enemies":"3 Louse","floor":5.0,"turns":5.0},{"damage":31.0,"enemies":"Lagavulin","floor":6.0,"turns":5.0},{"damage":0.0,"enemies":"Lots of Slimes","floor":7.0,"turns":2.0},{"damage":4.0,"enemies":"Gremlin Gang","floor":10.0,"turns":6.0},{"damage":0.0,"enemies":"Large Slime","floor":12.0,"turns":5.0},{"damage":0.0,"enemies":"Red Slaver","floor":13.0,"turns":4.0},{"damage":1.0,"enemies":"Exordium Wildlife","floor":14.0,"turns":4.0},{"damage":37,"enemies":"Hexaghost","floor":16,"turns":6},{"damage":33,"enemies":"Shell Parasite","floor":18,"turns":5},{"damage":33,"enemies":"3 Byrds","floor":19,"turns":7},{"damage":20,"enemies":"Snake Plant","floor":20,"turns":5},{"damage":22,"enemies":"Snecko","floor":21,"turns":3}],"event_choices":[{"event_name":"The Cleric","player_choice":"Card Removal","floor":4.0,"damage_taken":0.0},{"event_name":"Upgrade Shrine","player_choice":"Upgraded","floor":8.0,"damage_taken":0.0},{"event_name":"Golden Shrine","player_choice":"Pray","floor":11.0,"damage_taken":0.0}],"boss_relics":[{"not_picked":["Orrery","Lizard Tail"],"picked":"Calling Bell"}],"potions_floor_spawned":[1,2,6,10],"seed_played":"496009285685793082","killed_by":"Snecko","is_trial":false}