{"gold_per_floor":[110,121,42,61,79,79,113,113,113,113],"floor_reached":10,"playtime":603,"items_purged":[],"score":78,"play_id":"fdc35d11-a9fa-488b-b657-f66fd2dfb857","local_time":"20180904191402","is_ascension_mode":true,"campfire_choices":[{"data":"Barricade","floor":6,"key":"SMITH"},{"data":"Flame Barrier","floor":8,"key":"SMITH"}],"neow_cost":"PERCENT_DAMAGE","seed_source_timestamp":359738318734828,"circlet_count":0,"master_deck":["Strike_R","Strike_R","Strike_R","Strike_R","Strike_R","Defend_R","Defend_R","Defend_R","Defend_R","Bash","Barricade+1","Anger","Pommel Strike","Combust","Twin Strike","Flame Barrier+1","Flame Barrier"],"relics":["Burning Blood","Bottled Lightning","Paper Frog"],"potions_floor_usage":[7,10],"damage_taken":[{"damage":10,"enemies":"2 Louse","floor":1,"turns":3},{"damage":1,"enemies":"Cultist","floor":2,"turns":4},{"damage":0,"enemies":"Small Slimes","floor":4,"turns":3},{"damage":14,"enemies":"Red Slaver","floor":5,"turns":4},{"damage":26,"enemies":"Gremlin Nob","floor":7,"turns":4},{"damage":42,"enemies":"Lagavulin","floor":10,"turns":7}],"seed_played":"-4547909448345678873","potions_obtained":[{"floor":5,"key":"Explosive Potion"},{"floor":7,"key":"Fruit Juice"}],"is_trial":false,"path_per_floor":["M","M","$","M","M","R","E","R","T"],"character_chosen":"IRONCLAD","items_purchased":["Combust"],"campfire_rested":0,"item_purchase_floors":[3],"current_hp_per_floor":[52,57,57,63,55,55,35,35,35,0],"gold":113,"neow_bonus":"THREE_RARE_CARDS","is_prod":false,"is_daily":false,"chose_seed":false,"campfire_upgraded":2,"win_rate":0,"timestamp":1536081242,"path_taken":["M","M","$","M","M","R","E","R","T","E"],"build_version":"2018-08-30","purchased_purges":0,"victory":false,"max_hp_per_floor":[80,80,80,80,80,80,80,80,80,85],"card_choices":[{"not_picked":["Limit Break","Juggernaut"],"picked":"Barricade","floor":0},{"not_picked":["Perfected Strike","Havoc"],"picked":"Anger","floor":1},{"not_picked":["Havoc","Reckless Charge"],"picked":"Pommel Strike","floor":2},{"not_picked":["Havoc","Limit Break"],"picked":"Twin Strike","floor":4},{"not_picked":["Perfected Strike","Thunderclap"],"picked":"Flame Barrier","floor":5},{"not_picked":["Flex","Havoc"],"picked":"Flame Barrier","floor":7}],"player_experience":99789,"relics_obtained":[{"floor":7,"key":"Bottled Lightning"},{"floor":9,"key":"Paper Frog"}],"event_choices":[],"is_beta":false,"boss_relics":[],"items_purged_floors":[],"is_endless":false,"potions_floor_spawned":[5,7],"killed_by":"Lagavulin","ascension_level":3}