{"gold_per_floor":[118,136,154,329,104,137,137,137,137,137,147,147,177,193,193,296,296,296],"floor_reached":18,"playtime":763,"items_purged":["Doubt"],"score":312,"play_id":"7acf34f7-38ae-42e1-95bd-26330cc23ef6","local_time":"20180925193412","is_ascension_mode":true,"campfire_choices":[{"data":"Machine Learning","floor":8,"key":"SMITH"},{"data":"Chaos","floor":10,"key":"SMITH"},{"data":"Streamline","floor":12,"key":"SMITH"},{"data":"Strike_B","floor":15,"key":"PURGE"}],"neow_cost":"NONE","seed_source_timestamp":986746697648681,"circlet_count":0,"master_deck":["Strike_B","Defend_B+1","Defend_B","Defend_B","Defend_B","Zap+1","Dualcast","AscendersBane","Streamline+1","Coolheaded","Machine Learning+1","Chaos+1","Defragment+1","Loop+1","Undo","Echo Form+1"],"relics":["FrozenCore","War Paint","Ornamental Fan","Frozen Egg 2","Peace Pipe"],"potions_floor_usage":[16,16],"damage_taken":[{"damage":2,"enemies":"Jaw Worm","floor":1,"turns":4},{"damage":1,"enemies":"Cultist","floor":2,"turns":3},{"damage":0,"enemies":"2 Louse","floor":3,"turns":3},{"damage":18,"enemies":"Gremlin Nob","floor":6,"turns":4},{"damage":5,"enemies":"Exordium Thugs","floor":11,"turns":5},{"damage":0,"enemies":"Lagavulin","floor":13,"turns":6},{"damage":16,"enemies":"Exordium Wildlife","floor":14,"turns":3},{"damage":19,"enemies":"The Guardian","floor":16,"turns":8},{"damage":58,"enemies":"3 Byrds","floor":18,"turns":5}],"seed_played":"-5445839154899486240","potions_obtained":[{"floor":3,"key":"FocusPotion"},{"floor":11,"key":"AttackPotion"}],"is_trial":false,"path_per_floor":["M","M","M","?","$","E","?","R","T","R","M","R","E","M","R","B",null],"character_chosen":"DEFECT","items_purchased":["War Paint"],"campfire_rested":0,"item_purchase_floors":[5],"current_hp_per_floor":[66,65,65,65,65,47,47,47,47,47,42,42,42,26,26,7,58,0],"gold":296,"neow_bonus":"REMOVE_CARD","is_prod":false,"is_daily":false,"chose_seed":false,"campfire_upgraded":3,"win_rate":0,"timestamp":1537896852,"path_taken":["M","M","M","?","$","E","?","R","T","R","M","R","E","M","R","BOSS","M"],"build_version":"2018-09-24","purchased_purges":1,"victory":false,"max_hp_per_floor":[75,75,75,75,75,75,75,75,75,75,75,75,75,75,75,75,75,75],"card_choices":[{"not_picked":["Coolheaded","Sweeping Beam"],"picked":"Streamline","floor":1},{"not_picked":["Leap","Cold Snap"],"picked":"Coolheaded","floor":2},{"not_picked":["Sweeping Beam","Rebound"],"picked":"Machine Learning","floor":3},{"not_picked":["Aggregate","Stack"],"picked":"Chaos","floor":6},{"not_picked":["Beam Cell","Heatsinks+1"],"picked":"Defragment+1","floor":11},{"not_picked":["Barrage","Fission"],"picked":"Loop+1","floor":13},{"not_picked":["Tempest","Hologram"],"picked":"Undo","floor":14},{"not_picked":["Meteor Strike","Fission"],"picked":"Echo Form+1","floor":16}],"player_experience":153029,"relics_obtained":[{"floor":6,"key":"Ornamental Fan"},{"floor":9,"key":"Frozen Egg 2"},{"floor":13,"key":"Peace Pipe"}],"event_choices":[{"event_name":"Liars Game","player_choice":"agreed","floor":4,"damage_taken":0},{"event_name":"Wheel of Change","player_choice":"Card Removal","floor":7,"damage_taken":0}],"is_beta":true,"boss_relics":[{"not_picked":["Lizard Tail","Orrery"],"picked":"FrozenCore"}],"items_purged_floors":[5],"is_endless":false,"potions_floor_spawned":[3,11,13],"killed_by":"3 Byrds","ascension_level":12}