{"gold_per_floor":[117,127,140,140,153,185,197,242,300,347,359,390,402,441,453,570,582,605,617,629,566,578,615,19,19,19,19,19,46,46,56,56,154,154,170,181,191,208,227,227,252,252,278,278,378,249,268,1,1,1],"floor_reached":51,"playtime":4555,"items_purged":["Strike_G","Strike_G","Strike_G"],"score":1286,"play_id":"be32e3e8-ccd4-488c-a900-d7a4bf6a95f4","local_time":"20190326224634","is_ascension_mode":true,"campfire_choices":[{"floor":7,"key":"REST"},{"floor":11,"key":"REST"},{"floor":13,"key":"REST"},{"data":"Neutralize","floor":15,"key":"SMITH"},{"data":"Ghostly","floor":25,"key":"SMITH"},{"data":"Ghostly","floor":27,"key":"SMITH"},{"data":"Catalyst","floor":30,"key":"SMITH"},{"data":"Ghostly","floor":32,"key":"SMITH"},{"data":"Ghostly","floor":40,"key":"SMITH"},{"data":"Ghostly","floor":42,"key":"SMITH"},{"data":"Wraith Form v2","floor":44,"key":"SMITH"},{"data":"Noxious Fumes","floor":49,"key":"SMITH"}],"neow_cost":"NONE","seed_source_timestamp":613557134498996,"circlet_count":0,"master_deck":["Defend_G","Defend_G","Defend_G","Defend_G","Defend_G","Strike_G","Survivor","Neutralize+1","Endless Agony","Skewer+1","Quick Slash","Blur","Dodge and Roll","Corpse Explosion","Backflip","Poisoned Stab","Envenom","Dodge and Roll","Ghostly+1","Ghostly+1","Ghostly+1","Ghostly+1","Ghostly+1","Backflip","Catalyst+1","Cloak And Dagger+1","Parasite","Backflip+1","Backflip+1","Doppelganger+1","Prepared+1","Deadly Poison+1","Wraith Form v2+1","Clumsy","Bouncing Flask+1","Malaise+1","Noxious Fumes+1"],"relics":["Philosopher\u0027s Stone","MawBank","Mummified Hand","Smiling Mask","Potion Belt","Nunchaku","Cursed Key","Happy Flower","Toxic Egg 2","Chemical X","Mercury Hourglass","Gremlin Horn","Runic Pyramid","Du-Vu Doll","Orichalcum","Ginger"],"potions_floor_usage":[5,16,16,19,33,33,50,50,50],"damage_taken":[{"damage":2,"enemies":"Small Slimes","floor":1,"turns":4},{"damage":8,"enemies":"2 Louse","floor":2,"turns":3},{"damage":1,"enemies":"Cultist","floor":3,"turns":5},{"damage":1,"enemies":"Blue Slaver","floor":5,"turns":3},{"damage":23,"enemies":"3 Sentries","floor":6,"turns":8},{"damage":5,"enemies":"Gremlin Nob","floor":8,"turns":4},{"damage":26,"enemies":"Lagavulin","floor":10,"turns":7},{"damage":3,"enemies":"Red Slaver","floor":12,"turns":2},{"damage":13,"enemies":"Gremlin Nob","floor":14,"turns":4},{"damage":15,"enemies":"Hexaghost","floor":16,"turns":9},{"damage":19,"enemies":"2 Thieves","floor":18,"turns":3},{"damage":0,"enemies":"3 Byrds","floor":19,"turns":1},{"damage":0,"enemies":"Gremlin Leader","floor":23,"turns":7},{"damage":3,"enemies":"Slavers","floor":29,"turns":3},{"damage":0,"enemies":"Snake Plant","floor":31,"turns":4},{"damage":3,"enemies":"Automaton","floor":33,"turns":12},{"damage":0,"enemies":"Orb Walker","floor":35,"turns":3},{"damage":0,"enemies":"3 Shapes","floor":36,"turns":4},{"damage":0,"enemies":"Transient","floor":37,"turns":5},{"damage":0,"enemies":"Maw","floor":38,"turns":8},{"damage":0,"enemies":"Spire Growth","floor":39,"turns":6},{"damage":0,"enemies":"Nemesis","floor":41,"turns":5},{"damage":0,"enemies":"Mind Bloom Boss Battle","floor":45,"turns":6},{"damage":0,"enemies":"Transient","floor":47,"turns":5},{"damage":0,"enemies":"Time Eater","floor":50,"turns":11}],"seed_played":"2067727747602624712","potions_obtained":[{"floor":1,"key":"Swift Potion"},{"floor":6,"key":"SmokeBomb"},{"floor":10,"key":"EssenceOfSteel"},{"floor":12,"key":"Poison Potion"},{"floor":18,"key":"FearPotion"},{"floor":23,"key":"Explosive Potion"},{"floor":29,"key":"FearPotion"},{"floor":31,"key":"SteroidPotion"},{"floor":38,"key":"Dexterity Potion"},{"floor":39,"key":"Weak Potion"},{"floor":41,"key":"GhostInAJar"},{"floor":47,"key":"Dexterity Potion"}],"is_trial":false,"path_per_floor":["M","M","M","?","M","E","R","E","T","E","R","M","R","E","R","B",null,"M","M","?","?","?","E","$","R","T","R","$","E","R","M","R","B",null,"M","M","M","M","M","R","E","R","T","R","?","$","M","$","R","B",null],"character_chosen":"THE_SILENT","items_purchased":["Toxic Egg 2","Chemical X","Cloak And Dagger+1","PowerPotion","GhostInAJar","Malaise+1","Noxious Fumes"],"campfire_rested":3,"item_purchase_floors":[24,24,24,24,46,48,48],"current_hp_per_floor":[61,53,52,52,51,28,49,44,44,18,39,36,57,44,44,29,60,41,41,35,35,35,35,35,35,35,35,35,32,32,32,32,29,34,34,34,34,34,34,34,34,34,34,34,34,34,34,34,34,34],"gold":1,"neow_bonus":"BOSS_RELIC","is_prod":false,"is_daily":false,"chose_seed":false,"campfire_upgraded":9,"win_rate":0,"timestamp":1553654794,"path_taken":["M","M","M","?","M","E","R","E","T","E","R","M","R","E","R","BOSS","M","M","?","?","?","E","$","R","T","R","$","E","R","M","R","BOSS","M","M","M","M","M","R","E","R","T","R","?","$","M","$","R","BOSS"],"build_version":"2019-01-23","purchased_purges":3,"victory":true,"max_hp_per_floor":[70,70,70,70,70,70,70,70,70,70,70,70,70,70,70,70,70,70,70,35,35,35,35,35,35,35,35,35,35,35,35,35,35,35,35,35,35,35,35,35,35,35,35,35,35,35,35,35,35,35],"card_choices":[{"not_picked":["Dodge and Roll","Underhanded Strike","Bane"],"picked":"SKIP","floor":1},{"not_picked":["Dodge and Roll","Cloak And Dagger"],"picked":"Endless Agony","floor":2},{"not_picked":["Caltrops","Deadly Poison"],"picked":"Skewer","floor":3},{"not_picked":["Slice","Blade Dance"],"picked":"Quick Slash","floor":5},{"not_picked":["Concentrate","Setup"],"picked":"Blur","floor":6},{"not_picked":["Blade Dance","Flying Knee"],"picked":"Dodge and Roll","floor":8},{"not_picked":["Dodge and Roll","Prepared"],"picked":"Corpse Explosion","floor":10},{"not_picked":["Choke","Bane"],"picked":"Backflip","floor":12},{"not_picked":["Tactician","Blade Dance"],"picked":"Poisoned Stab","floor":14},{"not_picked":["Phantasmal Killer","Corpse Explosion"],"picked":"Envenom","floor":16},{"not_picked":["Endless Agony","Poisoned Stab+1"],"picked":"Dodge and Roll","floor":18},{"not_picked":["Finisher","Blur"],"picked":"Catalyst","floor":23},{"not_picked":["Burst+1","Sucker Punch+1"],"picked":"Backflip+1","floor":29},{"not_picked":["Outmaneuver+1","Dagger Spray"],"picked":"Backflip+1","floor":31},{"not_picked":["Storm of Steel+1","Die Die Die"],"picked":"Doppelganger+1","floor":33},{"not_picked":["Slice+1","Endless Agony","Flying Knee"],"picked":"SKIP","floor":35},{"not_picked":["Finisher+1","Blade Dance+1","Bane"],"picked":"SKIP","floor":36},{"not_picked":["Envenom","Underhanded Strike+1"],"picked":"Prepared+1","floor":37},{"not_picked":["Dagger Throw","Accuracy","Acrobatics+1"],"picked":"SKIP","floor":38},{"not_picked":["Sucker Punch","Backflip+1"],"picked":"Deadly Poison+1","floor":39},{"not_picked":["Dagger Throw+1","Dodge and Roll+1"],"picked":"Wraith Form v2","floor":41},{"not_picked":["Blur+1","Backflip+1"],"picked":"Bouncing Flask+1","floor":47}],"player_experience":288091,"relics_obtained":[{"floor":6,"key":"MawBank"},{"floor":8,"key":"Mummified Hand"},{"floor":9,"key":"Smiling Mask"},{"floor":10,"key":"Potion Belt"},{"floor":14,"key":"Nunchaku"},{"floor":23,"key":"Happy Flower"},{"floor":26,"key":"Mercury Hourglass"},{"floor":29,"key":"Gremlin Horn"},{"floor":41,"key":"Du-Vu Doll"},{"floor":43,"key":"Orichalcum"},{"floor":45,"key":"Ginger"}],"event_choices":[{"damage_healed":0,"gold_gain":0,"player_choice":"Grow","damage_taken":0,"max_hp_gain":0,"max_hp_loss":0,"event_name":"Living Wall","floor":4,"gold_loss":0,"cards_upgraded":["Skewer"]},{"damage_healed":0,"gold_gain":0,"player_choice":"Became a Ghost","damage_taken":0,"max_hp_gain":0,"max_hp_loss":35,"event_name":"Ghosts","floor":20,"gold_loss":0,"cards_obtained":["Ghostly","Ghostly","Ghostly","Ghostly","Ghostly"]},{"cards_removed":["Strike_G"],"damage_healed":0,"gold_gain":0,"player_choice":"Gave Gold","damage_taken":0,"max_hp_gain":0,"max_hp_loss":0,"event_name":"Beggar","floor":21,"gold_loss":75},{"damage_healed":0,"gold_gain":0,"player_choice":"Read","damage_taken":0,"max_hp_gain":0,"max_hp_loss":0,"event_name":"The Library","floor":22,"gold_loss":0,"cards_obtained":["Backflip"]},{"damage_healed":0,"gold_gain":0,"player_choice":"Fight","damage_taken":0,"max_hp_gain":0,"max_hp_loss":0,"event_name":"MindBloom","floor":45,"gold_loss":0}],"is_beta":false,"boss_relics":[{"not_picked":["Ectoplasm","HoveringKite"],"picked":"Cursed Key"},{"not_picked":["Coffee Dripper","Snecko Eye"],"picked":"Runic Pyramid"}],"items_purged_floors":[24,46,48],"is_endless":false,"potions_floor_spawned":[1,6,10,12,18,23,29,31,38,39,41,45,47],"ascension_level":9}