{"gold_per_floor":[366,147,158,158,170,201,201,227,250,260,260,278,278,308,308,408,408,422,442,442,442],"floor_reached":21,"playtime":1249,"items_purged":["Strike_B"],"score":308,"play_id":"a929322c-9662-453e-8402-53587c6330fc","local_time":"20181226231440","is_ascension_mode":true,"campfire_choices":[{"floor":7,"key":"REST"},{"floor":11,"key":"REST"},{"floor":13,"key":"REST"},{"floor":15,"key":"REST"}],"neow_cost":"PERCENT_DAMAGE","seed_source_timestamp":645801121305896,"circlet_count":0,"master_deck":["AscendersBane","Strike_B","Strike_B","Defend_B","Defend_B","Defend_B","Defend_B","Zap","Dualcast","Hello World","Sweeping Beam","Core Surge","Cold Snap","Defragment","Coolheaded","Creative AI","BootSequence","Compile Driver"],"relics":["Cracked Core","PreservedInsect","Darkstone Periapt","Letter Opener","Omamori","Juzu Bracelet","Sozu"],"potions_floor_usage":[8,10],"damage_taken":[{"damage":1,"enemies":"Cultist","floor":1,"turns":3},{"damage":2,"enemies":"2 Louse","floor":3,"turns":2},{"damage":5,"enemies":"Small Slimes","floor":5,"turns":4},{"damage":28,"enemies":"Gremlin Nob","floor":6,"turns":4},{"damage":20,"enemies":"3 Sentries","floor":8,"turns":4},{"damage":9,"enemies":"Gremlin Gang","floor":10,"turns":5},{"damage":6,"enemies":"Blue Slaver","floor":12,"turns":4},{"damage":29,"enemies":"Gremlin Nob","floor":14,"turns":4},{"damage":28,"enemies":"Slime Boss","floor":16,"turns":11},{"damage":26,"enemies":"3 Byrds","floor":18,"turns":5},{"damage":18,"enemies":"Spheric Guardian","floor":19,"turns":4},{"damage":17,"enemies":"Cultist and Chosen","floor":21,"turns":6}],"seed_played":"-2721538190329791840","potions_obtained":[{"floor":3,"key":"PowerPotion"},{"floor":5,"key":"Strength Potion"},{"floor":12,"key":"Ancient Potion"},{"floor":16,"key":"LiquidBronze"}],"is_trial":false,"path_per_floor":["M","$","M","T","M","E","R","E","T","M","R","M","R","E","R","B",null,"M","M","?","M"],"character_chosen":"DEFECT","items_purchased":["PreservedInsect"],"campfire_rested":4,"item_purchase_floors":[2],"current_hp_per_floor":[49,49,47,47,42,14,36,16,16,7,29,23,45,16,38,10,59,33,15,15,0],"gold":442,"neow_bonus":"TWO_FIFTY_GOLD","is_prod":false,"is_daily":false,"chose_seed":false,"campfire_upgraded":0,"win_rate":0,"timestamp":1545887680,"path_taken":["M","$","M","?","M","E","R","E","T","M","R","M","R","E","R","BOSS","M","M","?","M"],"build_version":"2018-12-20","purchased_purges":1,"victory":false,"max_hp_per_floor":[75,75,75,75,75,75,75,75,75,75,75,75,75,75,75,75,75,75,75,75,75],"card_choices":[{"not_picked":["Redo","Sweeping Beam"],"picked":"Hello World","floor":1},{"not_picked":["Compile Driver","Melter"],"picked":"Sweeping Beam","floor":3},{"not_picked":["Steam Power","Tempest"],"picked":"Core Surge","floor":5},{"not_picked":["Aggregate","Redo","Rebound"],"picked":"SKIP","floor":6},{"not_picked":["Undo","Double Energy"],"picked":"Cold Snap","floor":8},{"not_picked":["Stack","Sweeping Beam","Beam Cell"],"picked":"SKIP","floor":10},{"not_picked":["Compile Driver","Ball Lightning"],"picked":"Defragment","floor":12},{"not_picked":["Auto Shields","Steam"],"picked":"Coolheaded","floor":14},{"not_picked":["Rainbow","Machine Learning"],"picked":"Creative AI","floor":16},{"not_picked":["Cold Snap","Hello World"],"picked":"BootSequence","floor":18},{"not_picked":["Rebound+1","Beam Cell","Compile Driver"],"picked":"SKIP","floor":19}],"player_experience":297710,"relics_obtained":[{"floor":6,"key":"Darkstone Periapt"},{"floor":8,"key":"Letter Opener"},{"floor":9,"key":"Omamori"},{"floor":14,"key":"Juzu Bracelet"}],"event_choices":[{"damage_healed":0,"gold_gain":0,"cards_transformed":["Strike_B"],"player_choice":"Transformed","damage_taken":0,"max_hp_gain":0,"max_hp_loss":0,"event_name":"Transmorgrifier","floor":20,"gold_loss":0,"cards_obtained":["Compile Driver"]}],"is_beta":false,"boss_relics":[{"not_picked":["Nuclear Battery","Fusion Hammer"],"picked":"Sozu"}],"items_purged_floors":[2],"is_endless":false,"potions_floor_spawned":[3,5,6,12,16],"killed_by":"Cultist and Chosen","ascension_level":11}