{"path_per_floor":["M","M","M","M","M","R","E","M","T"],"character_chosen":"DEFECT","items_purchased":[],"gold_per_floor":[118,133,147,161,181,181,207,223,223,223],"floor_reached":10,"campfire_rested":0,"playtime":373,"item_purchase_floors":[],"current_hp_per_floor":[75,73,59,34,25,25,1,1,1,0],"items_purged":[],"gold":223,"score":86,"play_id":"17fbfee8-d4d1-4372-801d-90b2c05f3c41","local_time":"20180531200214","is_prod":false,"is_daily":false,"chose_seed":false,"is_ascension_mode":true,"campfire_upgraded":1,"win_rate":0,"timestamp":1527811334,"campfire_choices":[{"data":"Genetic Algorithm","floor":6,"key":"SMITH"}],"path_taken":["M","M","?","M","M","R","E","M","T","E"],"build_version":"2018-05-30v2","seed_source_timestamp":282646280163537,"purchased_purges":0,"victory":false,"master_deck":["Strike_B","Strike_B","Strike_B","Strike_B","Defend_B","Defend_B","Defend_B","Defend_B","Zap","Dualcast","Hello World","Genetic Algorithm+1","Gash","Go for the Eyes","FTL","Auto Shields","FTL"],"max_hp_per_floor":[75,75,75,75,75,75,75,75,75,75],"relics":["Cracked Core","The Courier","Matryoshka"],"card_choices":[{"not_picked":["Double Energy","Conserve Battery"],"picked":"Hello World","floor":1},{"not_picked":["Beam Cell","Barrage"],"picked":"Genetic Algorithm","floor":2},{"not_picked":["Capacitor","Compile Driver"],"picked":"Gash","floor":3},{"not_picked":["Consume","Compile Driver"],"picked":"Go for the Eyes","floor":4},{"not_picked":["Stack","Rebound"],"picked":"FTL","floor":5},{"not_picked":["Core Surge","Blizzard"],"picked":"Auto Shields","floor":7},{"not_picked":["Steam","Rip and Tear"],"picked":"FTL","floor":8}],"player_experience":229562,"potions_floor_usage":[4,10],"damage_taken":[{"damage":0,"enemies":"Cultist","floor":1,"turns":4},{"damage":2,"enemies":"Jaw Worm","floor":2,"turns":3},{"damage":14,"enemies":"2 Louse","floor":3,"turns":3},{"damage":25,"enemies":"Lots of Slimes","floor":4,"turns":3},{"damage":9,"enemies":"Looter","floor":5,"turns":3},{"damage":24,"enemies":"Lagavulin","floor":7,"turns":9},{"damage":0,"enemies":"Exordium Wildlife","floor":8,"turns":4},{"damage":9,"enemies":"3 Sentries","floor":10,"turns":1}],"relics_obtained":[{"floor":7,"key":"The Courier"},{"floor":9,"key":"Matryoshka"}],"event_choices":[],"boss_relics":[],"items_purged_floors":[],"potions_floor_spawned":[1,7],"seed_played":"6054937580131823304","killed_by":"3 Sentries","ascension_level":4,"potions_obtained":[{"floor":1,"key":"LiquidBronze"},{"floor":7,"key":"GamblersBrew"}],"is_trial":false}