{"path_per_floor":["M","?","M","?","?","E","R","E","T","R","?","$","M","$","R","B",null,"M","M","M","M","$","R","M","E","T","R","M","M","M","E","R","B",null,"M","$","?","M","M","E","R","E","T","$","M","E","M","?","R","B"],"character_chosen":"THE_SILENT","items_purchased":["Frozen Egg 2","Lantern","After Image","Flying Knee","Vajra"],"gold_per_floor":[111,186,202,152,152,185,185,220,288,288,288,50,65,65,65,160,160,174,187,204,218,0,0,20,47,47,47,57,73,84,115,115,217,217,234,70,70,90,101,134,134,164,164,19,39,64,77,77,77,77],"floor_reached":51,"campfire_rested":1,"playtime":3869,"current_hp_per_floor":[68,57,55,55,55,41,41,32,32,32,32,32,27,27,27,17,70,66,62,61,50,50,50,54,48,48,48,48,38,44,43,43,20,70,70,70,70,56,48,30,53,39,39,39,38,37,37,77,77,43],"items_purged":["Regret"],"gold":77,"score":700,"play_id":"3c2af1e2-4cdf-4f30-85a8-5b91279c2469","is_prod":false,"is_daily":false,"is_ascension_mode":true,"campfire_upgraded":7,"path_taken":["M","?","?","?","?","E","R","E","T","R","?","$","M","?","R","BOSS","M","M","M","M","$","R","M","E","T","R","M","?","M","E","R","BOSS","M","$","?","M","M","E","R","E","T","$","M","E","M","?","R","BOSS"],"build_version":"2018-02-15-PROD1","purchased_purges":1,"victory":true,"master_deck":["Defend_G","Defend_G","Defend_G","Defend_G","Strike_G","Strike_G","Strike_G","Strike_G","Survivor+1","Neutralize+1","Dash+1","Quick Slash+1","Distraction+1","Slice+1","Bouncing Flask+1","Bane+1","After Image+1","Deadly Poison+1","Outmaneuver+1","Backstab+1","Heel Hook+1","Poisoned Stab+1","Burst+1","Parasite","Caltrops+1","Distraction+1","Cloak And Dagger+1","Terror+1","Die Die Die+1","Infinite Blades+1","After Image+1","Flying Knee+1","Masterful Stab+1","Deadly Poison+1","Acrobatics+1","Flechettes+1","Infinite Blades+1","Terror+1","Dagger Throw+1"],"max_hp_per_floor":[70,70,70,70,70,70,70,70,70,70,70,70,70,70,70,70,70,70,70,70,70,70,70,70,70,70,70,70,70,70,70,70,70,70,70,70,70,70,70,77,77,77,77,77,77,77,77,77,77,77],"relics":["Ring of the Snake","Mummified Hand","Bag of Preparation","Oddly Smooth Stone","Molten Egg 2","Frozen Egg 2","Cursed Key","Lantern","Toxic Egg 2","Blue Candle","Omamori","Sozu","Strawberry","Orichalcum","Gambling Chip","Vajra","Du-Vu Doll"],"card_choices":[{"not_picked":["Dodge and Roll","Slice"],"picked":"Quick Slash"},{"not_picked":["Backflip","Blur"],"picked":"Distraction"},{"not_picked":["Bane","Endless Agony"],"picked":"Slice"},{"not_picked":["Expertise","Glass Knife"],"picked":"Bouncing Flask"},{"not_picked":["Terror","Cloak And Dagger"],"picked":"Bane"},{"not_picked":["Tactician","Glass Knife"],"picked":"After Image"},{"not_picked":["Cloak And Dagger","Escape Plan"],"picked":"Deadly Poison"},{"not_picked":["Dagger Throw","Calculated Gamble"],"picked":"Outmaneuver"},{"not_picked":["Finisher","Calculated Gamble"],"picked":"Backstab"},{"not_picked":["Cloak And Dagger","Dagger Throw"],"picked":"Heel Hook"},{"not_picked":["Deflect","Slice"],"picked":"Poisoned Stab"},{"not_picked":["Poisoned Stab","Deflect"],"picked":"Burst"},{"not_picked":["Cloak And Dagger","Masterful Stab"],"picked":"Caltrops"},{"not_picked":["Riddle With Holes","Escape Plan"],"picked":"Distraction"},{"not_picked":["Prepared","Acrobatics"],"picked":"Cloak And Dagger"},{"not_picked":["Prepared","Deadly Poison"],"picked":"Terror"},{"not_picked":["Bullet Time","Storm of Steel"],"picked":"Die Die Die"},{"not_picked":["Underhanded Strike","Prepared"],"picked":"Infinite Blades"},{"not_picked":["Riddle With Holes","Outmaneuver"],"picked":"Masterful Stab"},{"not_picked":["Underhanded Strike","Prepared"],"picked":"Deadly Poison"},{"not_picked":["Deflect","Footwork"],"picked":"Acrobatics"},{"not_picked":["Flying Knee","Backflip"],"picked":"Flechettes"},{"not_picked":["Prepared","Corpse Explosion"],"picked":"Infinite Blades"},{"not_picked":["All Out Attack","Acrobatics"],"picked":"Terror"},{"not_picked":["Poisoned Stab","Prepared"],"picked":"Dagger Throw"}],"player_experience":129932,"potions_floor_usage":[30,31,33,33],"damage_taken":[{"damage":2.0,"enemies":"Small Slimes","floor":1.0,"turns":4.0},{"damage":2.0,"enemies":"Jaw Worm","floor":3.0,"turns":3.0},{"damage":29.0,"enemies":"Lagavulin","floor":6.0,"turns":8.0},{"damage":9.0,"enemies":"3 Sentries","floor":8.0,"turns":7.0},{"damage":5.0,"enemies":"Cultist","floor":13.0,"turns":2.0},{"damage":10.0,"enemies":"The Guardian","floor":16.0,"turns":9.0},{"damage":4.0,"enemies":"Shell Parasite","floor":18.0,"turns":7.0},{"damage":4.0,"enemies":"Chosen","floor":19.0,"turns":3.0},{"damage":1.0,"enemies":"Snecko","floor":20.0,"turns":4.0},{"damage":11.0,"enemies":"Cultist and Chosen","floor":21.0,"turns":6.0},{"damage":5.0,"enemies":"Centurion and Healer","floor":24.0,"turns":4.0},{"damage":6.0,"enemies":"Slavers","floor":25.0,"turns":5.0},{"damage":0.0,"enemies":"Snecko","floor":28.0,"turns":3.0},{"damage":10,"enemies":"Centurion and Healer","floor":29,"turns":5},{"damage":0,"enemies":"Snake Plant","floor":30,"turns":3},{"damage":1,"enemies":"Gremlin Leader","floor":31,"turns":5},{"damage":23,"enemies":"Collector","floor":33,"turns":7},{"damage":0,"enemies":"Orb Walker","floor":35,"turns":2},{"damage":14,"enemies":"3 Darklings","floor":38,"turns":5},{"damage":8,"enemies":"Maw","floor":39,"turns":6},{"damage":25,"enemies":"Giant Head","floor":40,"turns":7},{"damage":14,"enemies":"2 Orb Walkers","floor":42,"turns":4},{"damage":1,"enemies":"Sphere and 2 Shapes","floor":45,"turns":4},{"damage":1,"enemies":"Giant Head","floor":46,"turns":7},{"damage":0,"enemies":"3 Darklings","floor":47,"turns":5},{"damage":34,"enemies":"Donu and Deca","floor":50,"turns":8}],"event_choices":[{"event_name":"World of Goop","player_choice":"Gather Gold","floor":2.0,"damage_taken":0.0},{"event_name":"The Cleric","player_choice":"Card Removal","floor":4.0,"damage_taken":0.0},{"event_name":"Big Fish","player_choice":"Box","floor":5.0,"damage_taken":0.0},{"event_name":"The Lab","player_choice":"Got Potions","floor":11.0,"damage_taken":0.0},{"event_name":"Winding Halls","player_choice":"Writhe","floor":37,"damage_taken":0},{"event_name":"Wheel of Change","player_choice":"Full Heal","floor":48,"damage_taken":0}],"boss_relics":[{"not_picked":["White Beast Statue","Lizard Tail"],"picked":"Sozu"}],"potions_floor_spawned":[3,6,16,20,21,24,25,28,29,31,39,42,46,47],"seed_played":"-111681833823344176","ascension_level":3,"is_trial":false}