{"gold_per_floor":[115,115,132,149,169,169,169,181,205,205,33,33],"floor_reached":12,"playtime":453,"items_purged":["Slimebound:Split"],"score":70,"play_id":"7365b407-c269-48c4-812b-87aad67f5d43","local_time":"20190314184500","is_ascension_mode":false,"campfire_choices":[{"data":"Slimebound:LeechEnergy","floor":6,"key":"SMITH"},{"data":"Slimebound:AcidGelatin","floor":10,"key":"SMITH"}],"neow_cost":"NONE","seed_source_timestamp":90160704289506,"circlet_count":0,"master_deck":["Slimebound:Tackle","Slimebound:CorrosiveSpit","Slimebound:SamplingLick+1","Slimebound:LeadByExample","Slimebound:RainOfGoop","Slimebound:SplitLeeching+1","Slimebound:AcidGelatin+1","Slimebound:Gluttony","Slimebound:SlimeBarrage","Slimebound:SplitBruiser","Slimebound:Equalize","Slimebound:LeechEnergy+1","Slimebound:Repurpose","Finesse"],"relics":["Slimebound:AbsorbEndCombat","Happy Flower"],"potions_floor_usage":[],"damage_taken":[{"damage":20,"enemies":"Small Slimes","floor":1,"turns":3},{"damage":21,"enemies":"2 Louse","floor":3,"turns":4},{"damage":22,"enemies":"Cultist","floor":4,"turns":4},{"damage":24,"enemies":"2 Fungi Beasts","floor":5,"turns":3},{"damage":30,"enemies":"Exordium Thugs","floor":8,"turns":4},{"damage":25,"enemies":"3 Sentries","floor":12,"turns":2}],"seed_played":"-2049594252062080234","potions_obtained":[{"floor":3,"key":"SkillPotion"},{"floor":4,"key":"Block Potion"},{"floor":5,"key":"Milkshake"}],"is_trial":false,"path_per_floor":["M","?","M","M","M","R","?","M","T","R","$","E"],"character_chosen":"SLIMEBOUND","items_purchased":["Finesse"],"campfire_rested":0,"item_purchase_floors":[11],"current_hp_per_floor":[69,54,45,42,37,37,30,20,20,20,20,0],"gold":33,"neow_bonus":"TEN_PERCENT_HP_BONUS","is_prod":false,"is_daily":false,"chose_seed":false,"campfire_upgraded":2,"win_rate":0,"timestamp":1552603500,"path_taken":["M","?","M","M","M","R","?","M","T","R","$","E"],"build_version":"2019-01-23","purchased_purges":1,"victory":false,"max_hp_per_floor":[77,77,77,77,77,77,77,77,77,77,77,77],"card_choices":[{"not_picked":["Slimebound:PressTheAttack","Slimebound:SplitLeeching"],"picked":"Slimebound:SplitBruiser","floor":1},{"not_picked":["Slimebound:SlimeBrawl","Slimebound:GoopTackle"],"picked":"Slimebound:Equalize","floor":3},{"not_picked":["Slimebound:GoopTackle","Slimebound:RainOfGoop"],"picked":"Slimebound:LeechEnergy","floor":4},{"not_picked":["Slimebound:GrowthPunch","Slimebound:RejuvenatingLick","Slimebound:ItLooksTasty"],"picked":"SKIP","floor":5},{"not_picked":["Slimebound:GoopSpray","Slimebound:SplitAcid"],"picked":"Slimebound:Repurpose","floor":8}],"player_experience":774308,"relics_obtained":[],"event_choices":[{"damage_healed":0,"gold_gain":0,"player_choice":"Entered Light","damage_taken":15,"max_hp_gain":0,"max_hp_loss":0,"event_name":"Shining Light","floor":2,"gold_loss":0,"cards_upgraded":["Slimebound:SplitLeeching","Slimebound:SamplingLick"]},{"damage_healed":0,"gold_gain":0,"player_choice":"Success","damage_taken":7,"relics_obtained":["Happy Flower"],"max_hp_gain":0,"max_hp_loss":0,"event_name":"Scrap Ooze","floor":7,"gold_loss":0}],"is_beta":false,"boss_relics":[],"items_purged_floors":[11],"is_endless":false,"potions_floor_spawned":[3,4,5],"killed_by":"3 Sentries","ascension_level":0}