{"gold_per_floor":[361,361,436,217,236,261,261,261,261,288,288,304,314,330,330,430,430,444,460,109,0,12,12,30,64,64,81,81,81],"floor_reached":29,"playtime":1166,"items_purged":["Strike_R"],"score":344,"play_id":"69a3f9f7-1638-4f88-b6ff-98039fa53fed","local_time":"20180820182810","is_ascension_mode":true,"campfire_choices":[{"floor":8,"key":"REST"},{"floor":11,"key":"REST"},{"data":"Double Tap","floor":15,"key":"SMITH"},{"floor":23,"key":"REST"},{"floor":28,"key":"REST"}],"neow_cost":"CURSE","seed_source_timestamp":514614753531704,"circlet_count":0,"master_deck":["Strike_R","Strike_R","Strike_R","Defend_R","Defend_R+1","Defend_R","Defend_R","Bash","Spot Weakness","Thunderclap","Heavy Blade","Cleave","Double Tap+1","Shrug It Off+1","Immolate","Metallicize","Armaments","Apotheosis","Flex","Shrug It Off+1","Shrug It Off","Iron Wave+1"],"relics":["Burning Blood","Regal Pillow","Red Skull","Question Card","Lantern","Empty Cage","War Paint","Orichalcum","Molten Egg 2"],"potions_floor_usage":[10,14,16,16,25],"damage_taken":[{"damage":11,"enemies":"Small Slimes","floor":1,"turns":5},{"damage":6,"enemies":"2 Louse","floor":5,"turns":3},{"damage":35,"enemies":"3 Sentries","floor":6,"turns":7},{"damage":42,"enemies":"Gremlin Nob","floor":10,"turns":5},{"damage":8,"enemies":"Jaw Worm","floor":12,"turns":5},{"damage":5,"enemies":"2 Fungi Beasts","floor":13,"turns":3},{"damage":7,"enemies":"Looter","floor":14,"turns":3},{"damage":56,"enemies":"Hexaghost","floor":16,"turns":9},{"damage":25,"enemies":"2 Thieves","floor":18,"turns":3},{"damage":2,"enemies":"Chosen","floor":19,"turns":4},{"damage":25,"enemies":"Centurion and Healer","floor":22,"turns":5},{"damage":37,"enemies":"Snecko","floor":24,"turns":5},{"damage":35,"enemies":"Slavers","floor":25,"turns":3},{"damage":0,"enemies":"Sentry and Sphere","floor":27,"turns":3},{"damage":62,"enemies":"Book of Stabbing","floor":29,"turns":6}],"seed_played":"591823757684606021","potions_obtained":[{"floor":1,"key":"Ancient Potion"},{"floor":6,"key":"FearPotion"},{"floor":12,"key":"GamblersBrew"},{"floor":13,"key":"Explosive Potion"},{"floor":22,"key":"Strength Potion"}],"is_trial":false,"path_per_floor":["M","?","?","$","M","E","?","R","T","E","R","M","M","M","R","B",null,"M","M","$","?","M","R","M","E","T","M","R"],"character_chosen":"IRONCLAD","items_purchased":["Regal Pillow","Apotheosis","War Paint"],"campfire_rested":4,"item_purchase_floors":[4,20,20],"current_hp_per_floor":[67,60,49,49,49,20,40,79,79,43,80,78,79,78,78,28,65,46,50,50,50,31,69,38,9,9,15,53,0],"gold":81,"neow_bonus":"TWO_FIFTY_GOLD","is_prod":false,"is_daily":false,"chose_seed":false,"campfire_upgraded":1,"win_rate":0,"timestamp":1534814890,"path_taken":["M","?","?","$","M","E","?","R","T","E","R","?","?","M","R","BOSS","M","?","$","?","M","R","M","E","T","M","R","E"],"build_version":"2018-08-16","purchased_purges":1,"victory":false,"max_hp_per_floor":[80,80,80,80,80,80,80,80,80,80,80,80,80,80,80,80,77,77,77,77,77,77,77,77,77,77,77,77,77],"card_choices":[{"not_picked":["Heavy Blade","Body Slam"],"picked":"Spot Weakness","floor":1},{"not_picked":["Twin Strike","Perfected Strike"],"picked":"Thunderclap","floor":5},{"not_picked":["Dual Wield","Evolve","Intimidate"],"picked":"SKIP","floor":6},{"not_picked":["Corruption","Sentinel","Anger"],"picked":"Heavy Blade","floor":10},{"not_picked":["Wild Strike","Twin Strike","Clothesline"],"picked":"Cleave","floor":12},{"not_picked":["Rupture","Bloodletting","True Grit"],"picked":"Double Tap","floor":13},{"not_picked":["Anger","Second Wind","Evolve"],"picked":"Shrug It Off","floor":14},{"not_picked":["Demon Form","Dark Embrace","Brutality"],"picked":"Immolate","floor":16},{"not_picked":["Cleave+1","Pommel Strike","Spot Weakness+1"],"picked":"Metallicize","floor":18},{"not_picked":["Twin Strike+1","Corruption","Combust"],"picked":"Armaments","floor":19},{"not_picked":["Armaments","Combust","Spot Weakness"],"picked":"Flex","floor":22},{"not_picked":["Body Slam","Rage","Anger"],"picked":"Shrug It Off+1","floor":24},{"not_picked":["Entrench","Barricade","Battle Trance"],"picked":"Shrug It Off","floor":25},{"not_picked":["Havoc","Cleave+1","Reckless Charge+1"],"picked":"Iron Wave+1","floor":27}],"player_experience":427375,"relics_obtained":[{"floor":6,"key":"Red Skull"},{"floor":9,"key":"Question Card"},{"floor":10,"key":"Lantern"},{"floor":25,"key":"Orichalcum"},{"floor":26,"key":"Molten Egg 2"}],"event_choices":[{"event_name":"Golden Wing","player_choice":"Card Removal","floor":2,"damage_taken":0},{"event_name":"World of Goop","player_choice":"Gather Gold","floor":3,"damage_taken":0},{"event_name":"Mushrooms","player_choice":"Healed and dodged fight","floor":7,"damage_taken":0},{"event_name":"Masked Bandits","player_choice":"Paid Fearfully","floor":21,"damage_taken":0}],"is_beta":false,"boss_relics":[{"not_picked":["Runic Pyramid","Philosopher\u0027s Stone"],"picked":"Empty Cage"}],"items_purged_floors":[4],"is_endless":false,"potions_floor_spawned":[1,6,12,13,22],"killed_by":"Book of Stabbing","ascension_level":7}