{"gold_per_floor":[114,127,138,138,138,138,171,187,241,241],"floor_reached":10,"playtime":741,"items_purged":[],"score":71,"play_id":"be062480-a5b5-45a1-b89c-c317a32c4c7d","local_time":"20180725155031","is_ascension_mode":true,"campfire_choices":[{"data":"Prepared","floor":6,"key":"SMITH"}],"neow_cost":"NONE","seed_source_timestamp":465188299280310,"circlet_count":0,"master_deck":["Defend_G","Defend_G","Defend_G","Defend_G","Defend_G","Strike_G","Strike_G","Strike_G","Strike_G","Strike_G","Survivor","Neutralize","Poisoned Stab","Prepared+1","Reflex","Regret","Underhanded Strike","Cloak And Dagger"],"relics":["Ring of the Snake","Golden Idol","Question Card","Juzu Bracelet","Snake Skull"],"potions_floor_usage":[7],"damage_taken":[{"damage":1,"enemies":"Cultist","floor":1,"turns":4},{"damage":0,"enemies":"Small Slimes","floor":2,"turns":3},{"damage":3,"enemies":"2 Louse","floor":3,"turns":2},{"damage":28,"enemies":"Lagavulin","floor":7,"turns":9},{"damage":9,"enemies":"Blue Slaver","floor":8,"turns":5},{"damage":17,"enemies":"Large Slime","floor":10,"turns":6}],"seed_played":"144329181859051505","potions_obtained":[{"floor":3,"key":"SteroidPotion"},{"floor":7,"key":"SneckoOil"}],"is_trial":false,"path_per_floor":["M","M","M","?","?","R","E","M","T"],"character_chosen":"THE_SILENT","items_purchased":[],"campfire_rested":0,"item_purchase_floors":[],"current_hp_per_floor":[76,76,73,54,54,54,26,17,17,0],"gold":241,"neow_bonus":"TEN_PERCENT_HP_BONUS","is_prod":false,"is_daily":false,"chose_seed":false,"campfire_upgraded":1,"win_rate":0,"timestamp":1532526631,"path_taken":["M","M","M","?","?","R","E","M","T","M"],"build_version":"2018-07-19v2","purchased_purges":0,"victory":false,"max_hp_per_floor":[77,77,77,77,77,77,77,77,77,77],"card_choices":[{"not_picked":["Footwork","Bouncing Flask"],"picked":"Poisoned Stab","floor":1},{"not_picked":["Deadly Poison","Accuracy"],"picked":"Prepared","floor":2},{"not_picked":["Poisoned Stab","Masterful Stab"],"picked":"Reflex","floor":3},{"not_picked":["Outmaneuver","Calculated Gamble","Wraith Form v2"],"picked":"Underhanded Strike","floor":7},{"not_picked":["Deflect","Poisoned Stab","Bouncing Flask"],"picked":"Cloak And Dagger","floor":8}],"player_experience":70253,"relics_obtained":[{"floor":7,"key":"Juzu Bracelet"},{"floor":9,"key":"Snake Skull"}],"event_choices":[{"event_name":"Golden Idol","player_choice":"Take Damage","floor":4,"damage_taken":0},{"event_name":"Big Fish","player_choice":"Box","floor":5,"damage_taken":0}],"is_beta":false,"boss_relics":[],"items_purged_floors":[],"is_endless":false,"potions_floor_spawned":[3,7],"killed_by":"Large Slime","ascension_level":1}