{"path_per_floor":["M","?","M","$","M","R","E","T","T","M","E","M","E","M","R","B",null,"M","M","M","M","M","E","R","M","T","R","E","$","M","$","R","B",null,"M","$"],"character_chosen":"THE_SILENT","items_purchased":["Noxious Fumes","Toolbox","Heel Hook"],"gold_per_floor":[114,114,134,61,76,76,110,133,133,145,177,187,218,235,235,339,339,354,371,383,395,409,436,436,450,450,450,479,238,253,102,102,198,198,210,110,110],"floor_reached":37,"campfire_rested":2,"playtime":2926,"item_purchase_floors":[4,29,31],"current_hp_per_floor":[70,70,70,70,70,70,55,55,55,53,45,40,33,33,33,31,60,42,52,28,18,6,6,6,1,1,22,4,4,1,1,22,7,54,38,38,0],"items_purged":["Strike_G","Blur"],"gold":110,"score":604,"play_id":"b7dc4557-879c-4954-82a6-1a37bb4b1f36","local_time":"20180528144000","is_prod":false,"is_daily":false,"chose_seed":false,"is_ascension_mode":true,"campfire_upgraded":3,"win_rate":0,"timestamp":1527532800,"campfire_choices":[{"data":"Neutralize","floor":6,"key":"SMITH"},{"data":"Terror","floor":15,"key":"SMITH"},{"data":"Adrenaline","floor":24,"key":"SMITH"},{"floor":27,"key":"REST"},{"floor":32,"key":"REST"}],"path_taken":["M","?","M","?","M","R","E","?","T","?","E","?","E","M","R","BOSS","M","M","M","M","M","E","R","M","T","R","E","$","M","$","R","BOSS","M","$","?"],"build_version":"2018-05-27","seed_source_timestamp":1551905761176,"purchased_purges":2,"victory":false,"master_deck":["Survivor","Neutralize+1","Bane","Eviscerate","Dramatic Entrance","Noxious Fumes","Deadly Poison","Venomology","Slice","Terror+1","Malaise","Noxious Fumes","Adrenaline+1","Catalyst+1","Dagger Throw+1","Acrobatics+1","Quick Slash","Well Laid Plans","Bane","Heel Hook","Deadly Poison+1","Prepared","Heel Hook","Adrenaline","Dagger Throw","Terror","Flying Knee","Noxious Fumes","Prepared","Outmaneuver+1"],"max_hp_per_floor":[70,70,70,70,70,70,70,70,70,70,70,70,70,70,70,70,70,70,70,70,70,70,70,70,70,70,70,70,70,70,70,70,70,70,70,70,70],"relics":["Ring of the Snake","NeowsBlessing","Potion Belt","Whetstone","Gremlin Horn","Bag of Preparation","Happy Flower","Astrolabe","Du-Vu Doll","Ancient Tea Set","The Specimen","Toolbox","Pandora\u0027s Box"],"card_choices":[{"not_picked":["Dagger Spray","Sucker Punch"],"picked":"Bane","floor":1},{"not_picked":["Dodge and Roll","Flying Knee","Deflect"],"picked":"SKIP","floor":3},{"not_picked":["Dash","Concentrate"],"picked":"Deadly Poison","floor":5},{"not_picked":["Blur","Deflect"],"picked":"Venomology","floor":7},{"not_picked":["Dagger Spray","Flying Knee"],"picked":"Slice","floor":10},{"not_picked":["Finisher","Slice"],"picked":"Terror","floor":11},{"not_picked":["Flechettes","Sucker Punch","Slice"],"picked":"SKIP","floor":12},{"not_picked":["Outmaneuver","Dagger Spray"],"picked":"Malaise","floor":13},{"not_picked":["Leg Sweep","Outmaneuver"],"picked":"Noxious Fumes","floor":14},{"not_picked":["After Image","Venomology"],"picked":"Adrenaline","floor":16},{"not_picked":["Deflect","Blade Dance","Leg Sweep"],"picked":"SKIP","floor":18},{"not_picked":["Dagger Throw","Riddle With Holes","Deflect+1"],"picked":"SKIP","floor":19},{"not_picked":["Backflip","Poisoned Stab"],"picked":"Quick Slash","floor":20},{"not_picked":["Prepared","Riddle With Holes"],"picked":"Well Laid Plans","floor":21},{"not_picked":["Dagger Throw+1","Outmaneuver"],"picked":"Bane","floor":22},{"not_picked":["Accuracy","Deflect"],"picked":"Heel Hook","floor":23},{"not_picked":["Blur","Riddle With Holes","Flechettes"],"picked":"SKIP","floor":25},{"not_picked":["Underhanded Strike+1","Predator"],"picked":"Deadly Poison+1","floor":28},{"not_picked":["Dodge and Roll+1","Dagger Throw"],"picked":"Prepared","floor":30},{"not_picked":["Tools of the Trade","Corpse Explosion"],"picked":"Adrenaline","floor":33},{"not_picked":["Sucker Punch","Dagger Spray+1"],"picked":"Outmaneuver+1","floor":35}],"player_experience":190595,"potions_floor_usage":[7,16,19,20,20,22,23,23,25,25,28,30,30,30,30,33,33,33,33,33,37],"damage_taken":[{"damage":0,"enemies":"2 Louse","floor":1,"turns":1},{"damage":0,"enemies":"Cultist","floor":3,"turns":1},{"damage":0,"enemies":"Jaw Worm","floor":5,"turns":1},{"damage":15,"enemies":"Gremlin Nob","floor":7,"turns":4},{"damage":2,"enemies":"Exordium Thugs","floor":10,"turns":4},{"damage":8,"enemies":"3 Sentries","floor":11,"turns":7},{"damage":5,"enemies":"Blue Slaver","floor":12,"turns":2},{"damage":7,"enemies":"Gremlin Nob","floor":13,"turns":3},{"damage":0,"enemies":"Gremlin Gang","floor":14,"turns":3},{"damage":2,"enemies":"Hexaghost","floor":16,"turns":7},{"damage":18,"enemies":"Chosen","floor":18,"turns":4},{"damage":5,"enemies":"3 Byrds","floor":19,"turns":5},{"damage":24,"enemies":"Centurion and Healer","floor":20,"turns":6},{"damage":10,"enemies":"3 Cultists","floor":21,"turns":4},{"damage":27,"enemies":"Slaver and Parasite","floor":22,"turns":6},{"damage":0,"enemies":"Gremlin Leader","floor":23,"turns":6},{"damage":5,"enemies":"Cultist and Chosen","floor":25,"turns":4},{"damage":18,"enemies":"Slavers","floor":28,"turns":5},{"damage":3,"enemies":"Centurion and Healer","floor":30,"turns":2},{"damage":40,"enemies":"Collector","floor":33,"turns":5},{"damage":16,"enemies":"Orb Walker","floor":35,"turns":2}],"relics_obtained":[{"floor":7,"key":"Potion Belt"},{"floor":8,"key":"Whetstone"},{"floor":9,"key":"Gremlin Horn"},{"floor":11,"key":"Bag of Preparation"},{"floor":13,"key":"Happy Flower"},{"floor":23,"key":"Du-Vu Doll"},{"floor":26,"key":"Ancient Tea Set"},{"floor":28,"key":"The Specimen"}],"event_choices":[{"event_name":"Match and Keep!","player_choice":"2 cards matched","floor":2,"damage_taken":0},{"event_name":"Mysterious Sphere","player_choice":"Fight","floor":37,"damage_taken":0}],"boss_relics":[{"not_picked":["Runic Pyramid","Philosopher\u0027s Stone"],"picked":"Astrolabe"},{"not_picked":["Snecko Eye","Tiny House"],"picked":"Pandora\u0027s Box"}],"items_purged_floors":[31,36],"potions_floor_spawned":[3,7,11,12,13,18,19,21,28,33],"seed_played":"-1038795050617422766","killed_by":"Mysterious Sphere","ascension_level":5,"potions_obtained":[{"floor":3,"key":"EssenceOfSteel"},{"floor":7,"key":"Ancient Potion"},{"floor":11,"key":"Dexterity Potion"},{"floor":12,"key":"Regen Potion"},{"floor":13,"key":"EssenceOfSteel"},{"floor":21,"key":"Regen Potion"},{"floor":28,"key":"EntropicBrew"},{"floor":33,"key":"Regen Potion"}],"is_trial":false}