{"path_per_floor":["M","M","?","M","?","R","E","R","T","?","M","M","$","M","R","B",null,"M","?","M","?","?","R","E","T","T","?","R","M","E","$","R"],"character_chosen":"IRONCLAD","items_purchased":["Inflame","Shrug It Off","Evolve"],"gold_per_floor":[99,118,118,136,86,86,112,112,112,112,127,150,34,54,54,174,174,188,113,126,126,126,126,155,155,155,155,155,171,202,97,97],"floor_reached":33,"campfire_rested":1,"playtime":4200,"current_hp_per_floor":[80,80,68,67,67,67,31,31,31,31,36,42,42,47,47,18,74,74,74,57,41,41,41,27,27,27,27,49,60,56,56,56],"items_purged":["Strike_R"],"gold":97,"play_id":"69b25798-ea4b-440f-b3db-f7471ea7187c","is_prod":false,"is_daily":false,"campfire_rituals":0,"campfire_upgraded":5,"is_hardmode":false,"path_taken":["M","M","?","M","?","R","E","R","T","?","M","M","$","M","R","BOSS","M","?","M","?","?","R","E","?","T","?","R","?","E","?","R","BOSS"],"build_version":"2018-01-18-PROD4","purchased_purges":1,"victory":false,"master_deck":["Strike_R","Strike_R","Strike_R","Defend_R","Defend_R","Defend_R","Defend_R","Body Slam","Flame Barrier","Shrug It Off","Metallicize","Dual Wield","Pommel Strike","Bloodletting","Inflame","Body Slam","Fiend Fire","Inflame","Burning Pact","Necronomicurse","Power Through","Thunderclap","Armaments","Second Wind","Shrug It Off","Evolve"],"max_hp_per_floor":[80,80,80,80,80,80,80,80,80,74,74,74,74,74,74,74,74,74,74,74,74,74,74,74,74,74,74,74,74,74,74,74],"relics":["Burning Blood","Torii","Prayer Wheel","Girya","Bloody Idol","Mark of Pain","Necronomicon","Champion Belt","Anchor","Frozen Eye","Vajra"],"campfire_meditates":0,"card_choices":[{"not_picked":["Warcry","Heavy Blade"],"picked":"Body Slam"},{"not_picked":["Cleave","Twin Strike"],"picked":"Flame Barrier"},{"not_picked":["Headbutt","Clash"],"picked":"Shrug It Off"},{"not_picked":["Blood for Blood","Perfected Strike"],"picked":"Metallicize"},{"not_picked":["Clothesline","Exhume"],"picked":"Dual Wield"},{"not_picked":["Clothesline","Metallicize"],"picked":"Pommel Strike"},{"not_picked":["Armaments","Clothesline"],"picked":"Bloodletting"},{"not_picked":["Thunderclap","Twin Strike"],"picked":"Body Slam"},{"not_picked":["Bludgeon","Dark Embrace"],"picked":"Fiend Fire"},{"not_picked":["Headbutt","Flex"],"picked":"Inflame"},{"not_picked":["Anger","Searing Blow"],"picked":"Burning Pact"},{"not_picked":["Combust","Brutality"],"picked":"Power Through"},{"not_picked":["Blood for Blood","Havoc"],"picked":"Thunderclap"},{"not_picked":["Blood for Blood","Iron Wave"],"picked":"Armaments"},{"not_picked":["Cleave","True Grit"],"picked":"Second Wind"}],"player_experience":94958,"potions_floor_usage":[7,16,24,30],"damage_taken":[{"damage":5,"enemies":"Small Slimes","floor":1,"turns":4},{"damage":6,"enemies":"Cultist","floor":2,"turns":3},{"damage":7,"enemies":"Jaw Worm","floor":4,"turns":4},{"damage":42,"enemies":"Lagavulin","floor":7,"turns":10},{"damage":1,"enemies":"2 Fungi Beasts","floor":11,"turns":4},{"damage":0,"enemies":"3 Louse","floor":12,"turns":4},{"damage":1,"enemies":"Looter","floor":14,"turns":3},{"damage":35,"enemies":"Slime Boss","floor":16,"turns":14},{"damage":0,"enemies":"Shell Parasite","floor":18,"turns":6},{"damage":23,"enemies":"3 Byrds","floor":20,"turns":5},{"damage":25,"enemies":"Book of Stabbing","floor":24,"turns":6},{"damage":0,"enemies":"Centurion and Healer","floor":29,"turns":5},{"damage":15,"enemies":"Slavers","floor":30,"turns":7},{"damage":69,"enemies":"Champ","floor":33,"turns":13}],"event_choices":[{"event_name":"Scrap Ooze","player_choice":"success","floor":3,"damage_taken":12},{"event_name":"The Cleric","player_choice":"Card Removal","floor":5,"damage_taken":0},{"event_name":"Golden Idol","player_choice":"Lose Max HP","floor":10,"damage_taken":0},{"event_name":"Beggar","player_choice":"Gave Gold","floor":19,"damage_taken":0},{"event_name":"Cursed Tome","player_choice":"Obtained Book","floor":21,"damage_taken":0},{"event_name":"Forgotten Altar","player_choice":"Gave Idol","floor":22,"damage_taken":0},{"event_name":"The Mausoleum","player_choice":"No","floor":27,"damage_taken":0}],"boss_relics":[{"not_picked":["Black Blood","Astrolabe"],"picked":"Mark of Pain"}],"potions_floor_spawned":[4,12,16,24,29],"seed_played":"-1903119803017736910","killed_by":"Champ","is_trial":false}