{"path_per_floor":["M","?","?","M","M","R","E","M","T","M","?","$","M","M","R","B",null,"M","M","?","$","?","M","R","M","T","R","M","R","?","M","R"],"character_chosen":"THE_SILENT","items_purchased":["Backflip","Block Potion","Sadistic Nature","Well Laid Plans"],"gold_per_floor":[116,116,116,141,165,165,200,220,220,233,198,26,50,66,66,186,224,247,261,261,11,11,31,31,44,92,92,112,112,112,127,127,127],"floor_reached":33,"campfire_rested":3,"playtime":1985,"current_hp_per_floor":[63,63,56,51,51,51,21,19,19,19,35,35,35,29,29,45,65,53,46,46,46,46,2,23,5,5,26,23,23,23,9,30,0],"items_purged":["Strike_G"],"gold":127,"score":364,"play_id":"533a6d48-693b-4b48-b553-678b9f63bfd2","local_time":"20180408222657","is_prod":false,"is_daily":false,"is_ascension_mode":true,"campfire_upgraded":2,"timestamp":1523219217,"path_taken":["M","?","?","M","M","R","E","?","T","M","?","?","M","M","R","BOSS","M","M","?","$","?","M","R","M","T","R","M","R","?","?","R","BOSS"],"build_version":"2018-04-05v2","purchased_purges":1,"victory":false,"master_deck":["Defend_G+1","Defend_G+1","Defend_G+1","Defend_G+1","Strike_G+1","Strike_G+1","Strike_G+1","Strike_G+1","Survivor","Neutralize+1","Envenom+1","Poisoned Stab","Bane","Slice","Skewer","PiercingWail","Poisoned Stab+1","Backflip","Dodge and Roll","Cloak And Dagger","A Thousand Cuts","Infinite Blades","Cloak And Dagger","PiercingWail","Sadistic Nature","Well Laid Plans","Crippling Poison+1","Sucker Punch","Backflip+1","Cloak And Dagger"],"max_hp_per_floor":[70,65,65,65,65,65,65,65,65,65,65,65,65,65,65,65,70,70,70,70,70,70,70,70,70,70,70,70,70,70,70,70,70],"relics":["Ring of the Snake","Golden Idol","Girya","Pantograph","Tiny House","Bag of Marbles"],"card_choices":[{"not_picked":["Dagger Throw","Infinite Blades"],"picked":"Poisoned Stab","floor":1},{"not_picked":["Deadly Poison","Dagger Throw"],"picked":"Bane","floor":4},{"not_picked":["Catalyst","Accuracy"],"picked":"Slice","floor":5},{"not_picked":["Prepared","All Out Attack"],"picked":"Skewer","floor":7},{"not_picked":["Endless Agony","Bane"],"picked":"PiercingWail","floor":8},{"not_picked":["Flying Knee","Expertise"],"picked":"Poisoned Stab","floor":10},{"not_picked":["Reflex","Caltrops"],"picked":"Dodge and Roll","floor":13},{"not_picked":["Blur","Underhanded Strike"],"picked":"Cloak And Dagger","floor":14},{"not_picked":["Tactician","Night Terror"],"picked":"A Thousand Cuts","floor":16},{"not_picked":["Accuracy","All Out Attack"],"picked":"Infinite Blades","floor":17},{"not_picked":["Skewer","Outmaneuver"],"picked":"Cloak And Dagger","floor":18},{"not_picked":["Poisoned Stab","Acrobatics"],"picked":"PiercingWail","floor":19},{"not_picked":["Night Terror","Acrobatics"],"picked":"Crippling Poison","floor":23},{"not_picked":["Deflect","Poisoned Stab"],"picked":"Sucker Punch","floor":25},{"not_picked":["Eviscerate","Bane"],"picked":"Backflip","floor":28},{"not_picked":["Dodge and Roll","Dagger Spray"],"picked":"Cloak And Dagger","floor":31}],"player_experience":270197,"potions_floor_usage":[8,10,16,16,23,23,28,31],"damage_taken":[{"damage":0,"enemies":"Small Slimes","floor":1,"turns":4},{"damage":5,"enemies":"Jaw Worm","floor":4,"turns":4},{"damage":0,"enemies":"Cultist","floor":5,"turns":3},{"damage":30,"enemies":"3 Sentries","floor":7,"turns":9},{"damage":2,"enemies":"Exordium Wildlife","floor":8,"turns":3},{"damage":0,"enemies":"Blue Slaver","floor":10,"turns":1},{"damage":0,"enemies":"Exordium Thugs","floor":13,"turns":5},{"damage":6,"enemies":"Large Slime","floor":14,"turns":5},{"damage":9,"enemies":"Hexaghost","floor":16,"turns":8},{"damage":12,"enemies":"Shell Parasite","floor":18,"turns":6},{"damage":7,"enemies":"3 Byrds","floor":19,"turns":5},{"damage":44,"enemies":"Sentry and Sphere","floor":23,"turns":8},{"damage":18,"enemies":"3 Cultists","floor":25,"turns":6},{"damage":3,"enemies":"Snake Plant","floor":28,"turns":6},{"damage":14,"enemies":"Slaver and Parasite","floor":31,"turns":8},{"damage":62,"enemies":"Collector","floor":33,"turns":9}],"event_choices":[{"event_name":"Golden Idol","player_choice":"Lose Max HP","floor":2,"damage_taken":0},{"event_name":"Golden Wing","player_choice":"Card Removal","floor":3,"damage_taken":0},{"event_name":"The Cleric","player_choice":"Healed","floor":11,"damage_taken":0},{"event_name":"Back to Basics","player_choice":"Simplicity","floor":20,"damage_taken":0},{"event_name":"Drug Dealer","player_choice":"Ignored","floor":22,"damage_taken":0},{"event_name":"Cursed Tome","player_choice":"Ignored","floor":30,"damage_taken":0}],"boss_relics":[{"not_picked":["Runic Pyramid","Calling Bell"],"picked":"Tiny House"}],"potions_floor_spawned":[4,5,8,16,23,28],"seed_played":"-5199925581413981642","killed_by":"Collector","ascension_level":9,"is_trial":false}