{"gold_per_floor":[109,109,119,133,308,327,359,33,33,7,27,27,44,54,54,54],"floor_reached":16,"playtime":1187,"items_purged":["Doubt"],"score":166,"play_id":"594f5da8-bd2b-44d9-8545-3e9752e88e3c","local_time":"20180918072856","is_ascension_mode":true,"campfire_choices":[{"floor":12,"key":"REST"},{"floor":15,"key":"REST"}],"neow_cost":"NONE","seed_source_timestamp":239657077515923,"circlet_count":0,"master_deck":["Strike_B+1","Strike_B+1","Strike_B","Strike_B","Defend_B","Defend_B","Defend_B","Defend_B","Zap","Dualcast","AscendersBane","Reboot","Doom and Gloom","Buffer","Conserve Battery","Self Repair"],"relics":["Cracked Core","Whetstone","Bag of Marbles","Meat on the Bone","DataDisk"],"potions_floor_usage":[7,7,16,16],"damage_taken":[{"damage":1,"enemies":"Cultist","floor":1,"turns":3},{"damage":0,"enemies":"Small Slimes","floor":3,"turns":3},{"damage":0,"enemies":"2 Louse","floor":4,"turns":2},{"damage":3,"enemies":"Blue Slaver","floor":6,"turns":4},{"damage":20,"enemies":"Lagavulin","floor":7,"turns":6},{"damage":15,"enemies":"Exordium Wildlife","floor":11,"turns":5},{"damage":15,"enemies":"Gremlin Gang","floor":13,"turns":6},{"damage":8,"enemies":"Exordium Thugs","floor":14,"turns":3},{"damage":68,"enemies":"Hexaghost","floor":16,"turns":12}],"seed_played":"-6874532641522325480","potions_obtained":[{"floor":4,"key":"Dexterity Potion"},{"floor":6,"key":"Regen Potion"},{"floor":13,"key":"FearPotion"},{"floor":14,"key":"Dexterity Potion"}],"is_trial":false,"path_per_floor":["M","?","M","M","?","M","E","$","T","$","M","R","M","M","R"],"character_chosen":"DEFECT","items_purchased":["Meat on the Bone","Conserve Battery"],"campfire_rested":2,"item_purchase_floors":[8,10],"current_hp_per_floor":[67,67,67,67,67,64,55,55,55,55,40,62,47,46,68,0],"gold":54,"neow_bonus":"RANDOM_COMMON_RELIC","is_prod":false,"is_daily":false,"chose_seed":false,"campfire_upgraded":0,"win_rate":0,"timestamp":1537248536,"path_taken":["M","?","M","M","?","?","E","$","T","?","M","R","M","M","R","BOSS"],"build_version":"2018-09-06","purchased_purges":1,"victory":false,"max_hp_per_floor":[75,75,75,75,75,75,75,75,75,75,75,75,75,75,75,75],"card_choices":[{"not_picked":["Coolheaded","Lockon","Beam Cell"],"picked":"SKIP","floor":1},{"not_picked":["Sweeping Beam","Coolheaded"],"picked":"Doom and Gloom","floor":3},{"not_picked":["Hello World","Lockon"],"picked":"Buffer","floor":4},{"not_picked":["Chill","Barrage","Gash"],"picked":"SKIP","floor":6},{"not_picked":["Cold Snap","Lockon","Rebound"],"picked":"SKIP","floor":7},{"not_picked":["Hologram","Ball Lightning","Loop"],"picked":"SKIP","floor":11},{"not_picked":["Hello World","Chill"],"picked":"Self Repair","floor":13},{"not_picked":["Streamline","Coolheaded","Doom and Gloom"],"picked":"SKIP","floor":14}],"player_experience":337635,"relics_obtained":[{"floor":7,"key":"Bag of Marbles"},{"floor":9,"key":"DataDisk"}],"event_choices":[{"event_name":"Match and Keep!","player_choice":"1 cards matched","floor":2,"damage_taken":0},{"event_name":"Liars Game","player_choice":"agreed","floor":5,"damage_taken":0}],"is_beta":false,"boss_relics":[],"items_purged_floors":[8],"is_endless":false,"potions_floor_spawned":[4,6,13,14],"killed_by":"Hexaghost","ascension_level":12}