{"path_per_floor":["M","?","M","?","M","E","R","E","T","$","E","M","R","?","R","B",null,"M","$","M","M","$","R","E","M","T","R","E","?","E","M","R"],"character_chosen":"DEFECT","items_purchased":["Apotheosis","DataDisk","Leap","Emotion Chip"],"gold_per_floor":[218,248,261,436,454,484,484,516,516,82,115,131,131,206,206,304,304,314,11,21,31,31,31,58,68,144,144,179,179,206,224,224,224],"floor_reached":33,"campfire_rested":2,"playtime":1449,"item_purchase_floors":[10,10,10,19],"current_hp_per_floor":[70,70,63,63,61,21,43,36,36,36,36,36,36,25,47,40,75,75,75,61,54,54,54,34,34,34,34,31,31,38,29,29,0],"items_purged":["Regret"],"gold":224,"score":448,"play_id":"704a677d-df75-4611-985f-2d470d4e515b","local_time":"20180601160936","is_prod":false,"is_daily":false,"chose_seed":false,"is_ascension_mode":true,"campfire_upgraded":4,"win_rate":0,"timestamp":1527883776,"campfire_choices":[{"floor":7,"key":"REST"},{"data":"Apotheosis","floor":13,"key":"SMITH"},{"floor":15,"key":"REST"},{"data":"Double Energy","floor":23,"key":"SMITH"},{"data":"Skim","floor":27,"key":"SMITH"},{"data":"Aggregate","floor":32,"key":"SMITH"}],"path_taken":["M","?","M","?","?","E","R","E","T","?","E","M","R","?","R","BOSS","M","$","?","M","$","R","E","M","T","R","E","?","E","M","R","BOSS"],"build_version":"2018-05-30v2","seed_source_timestamp":354011319325241,"purchased_purges":1,"victory":false,"master_deck":["Zap","Dualcast","Streamline","Rip and Tear","Doubt","Skim+1","Aggregate+1","Darkness","Apotheosis+1","Leap","Electrodynamics+1","Biased Cognition+1","Sweeping Beam","Conserve Battery","Auto Shields","Gash","Hologram","Sweeping Beam","Double Energy+1","Ball Lightning","Force Field","White Noise","Force Field","Go for the Eyes+1","Writhe","Gash+1","Coolheaded+1"],"max_hp_per_floor":[75,75,75,75,75,75,75,75,75,75,75,75,75,75,75,75,75,75,75,75,75,75,75,75,75,75,75,75,75,75,75,75,75],"relics":["Cracked Core","Tiny Chest","Thread and Needle","Bag of Marbles","Matryoshka","DataDisk","Frozen Egg 2","Pandora\u0027s Box","Emotion Chip","Bag of Preparation","Vajra","Blue Candle","Toxic Egg 2","Art of War","Blood Vial"],"card_choices":[{"not_picked":["Reprogram","Beam Cell"],"picked":"Streamline","floor":1},{"not_picked":["Turbo","Chill"],"picked":"Rip and Tear","floor":3},{"not_picked":["Tempest","Hologram"],"picked":"Skim","floor":5},{"not_picked":["Fusion","Glacier"],"picked":"Aggregate","floor":6},{"not_picked":["Blizzard","Scrape"],"picked":"Darkness","floor":8},{"not_picked":["Steam","Cold Snap"],"picked":"Electrodynamics","floor":11},{"not_picked":["Glacier","Go for the Eyes","Steam"],"picked":"SKIP","floor":12},{"not_picked":["Multi-Cast","Meteor Strike"],"picked":"Biased Cognition+1","floor":16},{"not_picked":["Barrage","Ball Lightning","Coolheaded"],"picked":"SKIP","floor":18},{"not_picked":["Steam","Conserve Battery"],"picked":"Force Field","floor":20},{"not_picked":["Fusion","Steam+1"],"picked":"White Noise","floor":21},{"not_picked":["Rebound","All For One","BootSequence"],"picked":"SKIP","floor":24},{"not_picked":["Gash","Sweeping Beam"],"picked":"Force Field","floor":25},{"not_picked":["Sweeping Beam","Compile Driver"],"picked":"Go for the Eyes+1","floor":28},{"not_picked":["Cold Snap","Steam+1"],"picked":"Gash+1","floor":30},{"not_picked":["Conserve Battery+1","Sweeping Beam"],"picked":"Coolheaded+1","floor":31}],"player_experience":241950,"potions_floor_usage":[8,20,24,28,33,33,33],"damage_taken":[{"damage":5,"enemies":"Small Slimes","floor":1,"turns":4},{"damage":7,"enemies":"Jaw Worm","floor":3,"turns":3},{"damage":2,"enemies":"2 Louse","floor":5,"turns":2},{"damage":40,"enemies":"Lagavulin","floor":6,"turns":7},{"damage":7,"enemies":"3 Sentries","floor":8,"turns":8},{"damage":0,"enemies":"Lagavulin","floor":11,"turns":6},{"damage":0,"enemies":"Large Slime","floor":12,"turns":4},{"damage":7,"enemies":"The Guardian","floor":16,"turns":8},{"damage":0,"enemies":"Chosen","floor":18,"turns":3},{"damage":14,"enemies":"2 Thieves","floor":20,"turns":2},{"damage":7,"enemies":"Slaver and Parasite","floor":21,"turns":2},{"damage":20,"enemies":"Slavers","floor":24,"turns":3},{"damage":0,"enemies":"3 Cultists","floor":25,"turns":2},{"damage":3,"enemies":"Book of Stabbing","floor":28,"turns":5},{"damage":0,"enemies":"Gremlin Leader","floor":30,"turns":4},{"damage":11,"enemies":"Centurion and Healer","floor":31,"turns":3},{"damage":47,"enemies":"Collector","floor":33,"turns":6}],"relics_obtained":[{"floor":6,"key":"Thread and Needle"},{"floor":8,"key":"Bag of Marbles"},{"floor":9,"key":"Matryoshka"},{"floor":11,"key":"Frozen Egg 2"},{"floor":24,"key":"Bag of Preparation"},{"floor":26,"key":"Vajra"},{"floor":26,"key":"Blue Candle"},{"floor":28,"key":"Toxic Egg 2"},{"floor":30,"key":"Blood Vial"}],"event_choices":[{"event_name":"Big Fish","player_choice":"Box","floor":2,"damage_taken":0},{"event_name":"Liars Game","player_choice":"agreed","floor":4,"damage_taken":0},{"event_name":"World of Goop","player_choice":"Gather Gold","floor":14,"damage_taken":0},{"event_name":"The Mausoleum","player_choice":"Yes","floor":29,"damage_taken":0}],"boss_relics":[{"not_picked":["Velvet Choker","Orrery"],"picked":"Pandora\u0027s Box"}],"items_purged_floors":[10],"potions_floor_spawned":[3,6,12,16,20,25,30,31],"seed_played":"-3820430139963844034","killed_by":"Collector","ascension_level":4,"potions_obtained":[{"floor":3,"key":"Energy Potion"},{"floor":6,"key":"EssenceOfSteel"},{"floor":12,"key":"Fire Potion"},{"floor":16,"key":"EssenceOfSteel"},{"floor":20,"key":"LiquidBronze"},{"floor":25,"key":"Swift Potion"},{"floor":30,"key":"GamblersBrew"}],"is_trial":false}