{"gold_per_floor":[114,131,131,131,147,163,128,128,128,128,138,155,170,188,188,265,265,276,276,201,211,245,245,278,295,295,295,295,314,314,329,329,408,408,419,519,532,33,33],"floor_reached":39,"playtime":2661,"items_purged":["Defend_B","Strike_B"],"score":652,"play_id":"b712fea8-0ccb-4352-aa55-d5c8de20deb3","local_time":"20180920172434","is_ascension_mode":true,"campfire_choices":[{"floor":8,"key":"REST"},{"data":"Zap","floor":10,"key":"SMITH"},{"floor":15,"key":"REST"},{"floor":23,"key":"REST"},{"floor":27,"key":"REST"},{"floor":30,"key":"REST"},{"floor":32,"key":"REST"}],"neow_cost":"NONE","seed_source_timestamp":446723438793958,"circlet_count":0,"master_deck":["Strike_B","Strike_B","Strike_B+1","Defend_B","Defend_B","Zap+1","Dualcast+1","AscendersBane","Thunder Strike","Conserve Battery","Redo+1","Conserve Battery+1","Skim+1","Consume+1","Electrodynamics","Static Discharge","Conserve Battery+1","Ball Lightning+1","Glacier+1","Seek+1","Auto Shields+1","Reprogram+1","White Noise+1","Seek+1","Bandage Up+1","Self Repair"],"relics":["Cracked Core","Ice Cream","Toxic Egg 2","Orrery","Red Mask","PreservedInsect","Blue Candle","Lizard Tail","Cables"],"potions_floor_usage":[6,16,18,21,22,24,33],"damage_taken":[{"damage":7,"enemies":"Jaw Worm","floor":1,"turns":3},{"damage":8,"enemies":"2 Louse","floor":2,"turns":3},{"damage":3,"enemies":"Small Slimes","floor":5,"turns":3},{"damage":6,"enemies":"Looter","floor":6,"turns":3},{"damage":5,"enemies":"Gremlin Gang","floor":11,"turns":4},{"damage":2,"enemies":"2 Fungi Beasts","floor":12,"turns":3},{"damage":3,"enemies":"Large Slime","floor":13,"turns":4},{"damage":11,"enemies":"3 Louse","floor":14,"turns":3},{"damage":20,"enemies":"The Guardian","floor":16,"turns":9},{"damage":11,"enemies":"Spheric Guardian","floor":18,"turns":3},{"damage":5,"enemies":"Chosen","floor":21,"turns":3},{"damage":16,"enemies":"Masked Bandits","floor":22,"turns":2},{"damage":20,"enemies":"Gremlin Leader","floor":24,"turns":6},{"damage":4,"enemies":"Sentry and Sphere","floor":25,"turns":4},{"damage":8,"enemies":"Snake Plant","floor":29,"turns":4},{"damage":10,"enemies":"Shelled Parasite and Fungi","floor":31,"turns":6},{"damage":54,"enemies":"Champ","floor":33,"turns":14},{"damage":20,"enemies":"3 Darklings","floor":35,"turns":7},{"damage":38,"enemies":"3 Shapes","floor":37,"turns":4},{"damage":57,"enemies":"Transient","floor":39,"turns":5}],"seed_played":"8705520078612986259","potions_obtained":[{"floor":5,"key":"Block Potion"},{"floor":11,"key":"Block Potion"},{"floor":12,"key":"Ancient Potion"},{"floor":16,"key":"Strength Potion"},{"floor":21,"key":"Weak Potion"},{"floor":22,"key":"Block Potion"},{"floor":25,"key":"FearPotion"}],"is_trial":false,"path_per_floor":["M","M","?","?","M","M","?","R","T","R","M","M","M","M","R","B",null,"M","?","$","M","?","R","E","M","T","R","?","M","R","M","R","B",null,"M","?","M","$"],"character_chosen":"DEFECT","items_purchased":["Bandage Up+1","Self Repair","Cables"],"campfire_rested":6,"item_purchase_floors":[38,38,38],"current_hp_per_floor":[61,53,38,31,28,22,40,62,62,62,57,55,52,41,63,43,67,56,56,56,51,35,57,37,33,33,55,55,47,69,59,75,21,62,42,42,11,11,0],"gold":33,"neow_bonus":"ONE_RANDOM_RARE_CARD","is_prod":false,"is_daily":false,"chose_seed":false,"campfire_upgraded":1,"win_rate":0,"timestamp":1537457074,"path_taken":["M","M","?","?","M","M","?","R","T","R","M","M","?","M","R","BOSS","M","?","$","M","?","R","E","?","T","R","?","M","R","?","R","BOSS","M","?","?","?","?"],"build_version":"2018-09-06","purchased_purges":2,"victory":false,"max_hp_per_floor":[75,75,75,75,75,75,75,75,75,75,75,75,75,75,75,75,75,75,75,75,75,75,75,75,75,75,75,75,75,75,75,75,75,75,75,75,75,75,75],"card_choices":[{"not_picked":["Hologram","Gash","Reprogram"],"picked":"SKIP","floor":1},{"not_picked":["Rebound","Stack","Scrape"],"picked":"SKIP","floor":2},{"not_picked":["Chill","Sweeping Beam","Turbo"],"picked":"SKIP","floor":5},{"not_picked":["Darkness","Reprogram"],"picked":"Conserve Battery","floor":6},{"not_picked":["Force Field+1","Go for the Eyes"],"picked":"Redo+1","floor":11},{"not_picked":["Capacitor","Streamline"],"picked":"Conserve Battery+1","floor":12},{"not_picked":["Leap+1","Gash"],"picked":"Skim+1","floor":13},{"not_picked":["All For One","Steam+1"],"picked":"Consume+1","floor":14},{"not_picked":["Reboot+1","Thunder Strike"],"picked":"Electrodynamics","floor":16},{"not_picked":["Sweeping Beam","Cold Snap"],"picked":"Static Discharge","floor":17},{"not_picked":["Rebound","Self Repair"],"picked":"Conserve Battery+1","floor":17},{"not_picked":["Steam Power+1","Melter"],"picked":"Ball Lightning+1","floor":18},{"not_picked":["Loop","Fusion+1"],"picked":"Glacier+1","floor":21},{"not_picked":["Go for the Eyes","Undo+1"],"picked":"Seek+1","floor":22},{"not_picked":["Cold Snap","Conserve Battery+1"],"picked":"Auto Shields+1","floor":24},{"not_picked":["Turbo+1","Coolheaded+1"],"picked":"Reprogram+1","floor":25},{"not_picked":["Aggregate+1","Barrage"],"picked":"White Noise+1","floor":29},{"not_picked":["Conserve Battery+1","Compile Driver","Coolheaded+1"],"picked":"SKIP","floor":31},{"not_picked":["Reboot+1","Fission+1"],"picked":"Seek+1","floor":33},{"not_picked":["Turbo+1","Beam Cell","Blizzard"],"picked":"SKIP","floor":35},{"not_picked":["Darkness+1","Cold Snap","Melter+1"],"picked":"SKIP","floor":37}],"player_experience":471351,"relics_obtained":[{"floor":9,"key":"Toxic Egg 2"},{"floor":22,"key":"Red Mask"},{"floor":24,"key":"PreservedInsect"},{"floor":26,"key":"Blue Candle"}],"event_choices":[{"event_name":"Shining Light","player_choice":"Entered Light","floor":3,"damage_taken":0},{"event_name":"Scrap Ooze","player_choice":"success","floor":4,"damage_taken":7},{"event_name":"The Cleric","player_choice":"Healed","floor":7,"damage_taken":0},{"event_name":"Back to Basics","player_choice":"Elegance","floor":19,"damage_taken":0},{"event_name":"Masked Bandits","player_choice":"Fought Bandits","floor":22,"damage_taken":0},{"event_name":"Vampires","player_choice":"Ignored","floor":28,"damage_taken":0},{"event_name":"Golden Shrine","player_choice":"Pray","floor":36,"damage_taken":0}],"is_beta":false,"boss_relics":[{"not_picked":["White Beast Statue","Runic Dome"],"picked":"Orrery"},{"not_picked":["Pandora\u0027s Box","Tiny House"],"picked":"Lizard Tail"}],"items_purged_floors":[20,38],"is_endless":false,"potions_floor_spawned":[5,11,12,16,21,22,25],"killed_by":"Transient","ascension_level":13}