{"gold_per_floor":[117,117,129,54,64,64,91,109,109,134,146,176,47,82,82,153,153,173,173,88,108,119,151,1,19,19,46,46,77,89,120,132,218,230,258,270,300,312,338,385,414,454,466,525,537,75,90,124,124,124],"floor_reached":51,"playtime":4499,"items_purged":["Strike_R","Writhe","Writhe"],"score":1371,"play_id":"9341ae79-5564-4b68-903d-3f093f483e18","local_time":"20190319001728","is_ascension_mode":true,"campfire_choices":[{"data":"Bash","floor":6,"key":"SMITH"},{"data":"Clothesline","floor":15,"key":"SMITH"},{"floor":32,"key":"REST"},{"floor":49,"key":"REST"}],"neow_cost":"NONE","seed_source_timestamp":92251489034056,"circlet_count":0,"master_deck":["AscendersBane","Strike_R+1","Strike_R+1","Strike_R+1","Defend_R+1","Defend_R+1","Defend_R+1","Defend_R+1","Bash+1","Disarm+1","Shrug It Off","Clothesline+1","Disarm+1","Flame Barrier+1","Inflame","Armaments+1","Bludgeon","Feed","Shrug It Off+1","Battle Trance+1","Cleave","True Grit+1","Corruption+1","Spot Weakness+1","Shockwave+1","Dark Embrace+1","Flame Barrier+1","Reaper","True Grit+1","Flame Barrier+1","Havoc+1","Juggernaut+1"],"relics":["Burning Blood","Strawberry","Centennial Puzzle","Toxic Egg 2","Odd Mushroom","War Paint","Question Card","Fusion Hammer","Blood Vial","Letter Opener","Frozen Egg 2","Mercury Hourglass","Calipers","MawBank","The Courier","Cursed Key","Shuriken","Kunai","Smiling Mask","Nunchaku","Paper Frog","PreservedInsect","Art of War"],"potions_floor_usage":[10,12,27,33,37],"damage_taken":[{"damage":13,"enemies":"Jaw Worm","floor":1,"turns":4},{"damage":8,"enemies":"Small Slimes","floor":3,"turns":6},{"damage":0,"enemies":"2 Louse","floor":5,"turns":5},{"damage":5,"enemies":"2 Fungi Beasts","floor":8,"turns":4},{"damage":17,"enemies":"The Mushroom Lair","floor":10,"turns":4},{"damage":13,"enemies":"3 Louse","floor":11,"turns":4},{"damage":17,"enemies":"Lagavulin","floor":12,"turns":9},{"damage":18,"enemies":"3 Sentries","floor":14,"turns":10},{"damage":9,"enemies":"Hexaghost","floor":16,"turns":12},{"damage":4,"enemies":"Shell Parasite","floor":18,"turns":8},{"damage":18,"enemies":"Chosen","floor":21,"turns":8},{"damage":16,"enemies":"Centurion and Healer","floor":22,"turns":7},{"damage":3,"enemies":"Book of Stabbing","floor":23,"turns":11},{"damage":0,"enemies":"Chosen and Byrds","floor":25,"turns":5},{"damage":18,"enemies":"Slavers","floor":27,"turns":6},{"damage":5,"enemies":"Book of Stabbing","floor":29,"turns":5},{"damage":4,"enemies":"Cultist and Chosen","floor":31,"turns":4},{"damage":54,"enemies":"Champ","floor":33,"turns":13},{"damage":0,"enemies":"3 Darklings","floor":35,"turns":4},{"damage":0,"enemies":"Orb Walker","floor":37,"turns":2},{"damage":0,"enemies":"Transient","floor":39,"turns":5},{"damage":9,"enemies":"Nemesis","floor":40,"turns":8},{"damage":9,"enemies":"Sphere and 2 Shapes","floor":41,"turns":4},{"damage":35,"enemies":"Reptomancer","floor":42,"turns":8},{"damage":32,"enemies":"2 Orb Walkers","floor":44,"turns":5},{"damage":1,"enemies":"4 Shapes","floor":47,"turns":4},{"damage":7,"enemies":"Nemesis","floor":48,"turns":5},{"damage":100,"enemies":"Donu and Deca","floor":50,"turns":8}],"seed_played":"6433104452275372457","potions_obtained":[{"floor":1,"key":"Explosive Potion"},{"floor":5,"key":"FearPotion"},{"floor":11,"key":"Regen Potion"},{"floor":12,"key":"SpeedPotion"},{"floor":16,"key":"Ancient Potion"},{"floor":29,"key":"Poison Potion"},{"floor":33,"key":"Explosive Potion"},{"floor":37,"key":"Poison Potion"},{"floor":39,"key":"Strength Potion"},{"floor":40,"key":"FairyPotion"}],"is_trial":false,"path_per_floor":["M","?","M","?","M","R","T","M","T","?","M","E","$","E","R","B",null,"M","?","?","M","M","E","$","M","T","E","?","E","T","M","R","B",null,"M","?","M","$","M","E","M","E","T","?","?","$","M","E","R","B",null],"character_chosen":"IRONCLAD","items_purchased":["Armaments+1","True Grit+1","Paper Frog","PreservedInsect","Flame Barrier+1","Havoc+1"],"campfire_rested":2,"item_purchase_floors":[13,24,46,46,46,46],"current_hp_per_floor":[68,68,66,66,72,72,72,73,73,62,55,59,59,47,47,44,73,78,78,78,72,68,77,77,85,85,79,79,86,86,93,108,60,96,108,106,109,109,109,106,109,93,93,72,72,72,96,110,121,48],"gold":124,"neow_bonus":"RANDOM_COMMON_RELIC","is_prod":false,"is_daily":false,"chose_seed":false,"campfire_upgraded":2,"win_rate":0,"timestamp":1552972648,"path_taken":["M","?","M","?","M","R","?","M","T","?","M","E","$","E","R","BOSS","M","?","?","M","M","E","$","M","T","E","?","E","?","M","R","BOSS","M","?","M","$","M","E","M","E","T","?","?","$","?","E","R","BOSS"],"build_version":"2019-01-23","purchased_purges":3,"victory":true,"max_hp_per_floor":[82,82,82,82,82,82,82,82,82,82,82,82,82,82,82,82,82,85,85,85,89,93,97,97,97,97,101,101,105,105,108,108,108,108,112,106,109,109,109,109,109,112,112,115,115,115,118,121,121,124],"card_choices":[{"not_picked":["Body Slam","Hemokinesis"],"picked":"Disarm","floor":1},{"not_picked":["Armaments","Wild Strike"],"picked":"Shrug It Off","floor":3},{"not_picked":["True Grit","Flex"],"picked":"Pommel Strike","floor":5},{"not_picked":["Headbutt","Iron Wave"],"picked":"Clothesline","floor":8},{"not_picked":["Pommel Strike","Cleave"],"picked":"Disarm+1","floor":10},{"not_picked":["Twin Strike","True Grit+1"],"picked":"Flame Barrier+1","floor":11},{"not_picked":["Cleave","Feel No Pain"],"picked":"Inflame","floor":12},{"not_picked":["Entrench+1","Havoc+1"],"picked":"Bludgeon","floor":14},{"not_picked":["Offering+1","Limit Break+1","Double Tap+1"],"picked":"Feed","floor":16},{"not_picked":["Pommel Strike","Havoc+1","Headbutt"],"picked":"Shrug It Off+1","floor":18},{"not_picked":["Headbutt","Twin Strike","Rupture"],"picked":"Battle Trance+1","floor":21},{"not_picked":["Headbutt","Twin Strike","Wild Strike"],"picked":"Cleave","floor":22},{"not_picked":["Iron Wave","Fiend Fire","Body Slam","Reckless Charge+1"],"picked":"SKIP","floor":23},{"not_picked":["Flame Barrier+1","Combust+1","Warcry+1"],"picked":"Corruption+1","floor":25},{"not_picked":["Searing Blow","Clothesline","Cleave"],"picked":"Spot Weakness+1","floor":27},{"not_picked":["Thunderclap","True Grit+1","Clash"],"picked":"Shockwave+1","floor":29},{"not_picked":["Shrug It Off+1","Thunderclap","Sword Boomerang","Sever Soul"],"picked":"SKIP","floor":31},{"not_picked":["Brutality+1","Double Tap+1","Feed"],"picked":"Dark Embrace+1","floor":33},{"not_picked":["Shrug It Off+1","Cleave","Corruption+1"],"picked":"Flame Barrier+1","floor":35},{"not_picked":["Havoc+1","Pommel Strike","Clash+1","Battle Trance+1"],"picked":"SKIP","floor":37},{"not_picked":["Reckless Charge","Pommel Strike","Clash","Headbutt+1"],"picked":"SKIP","floor":39},{"not_picked":["Cleave+1","Clash","Body Slam"],"picked":"Reaper","floor":40},{"not_picked":["Power Through+1","Heavy Blade","Pummel","Rage+1"],"picked":"SKIP","floor":41},{"not_picked":["Infernal Blade+1","Havoc+1","Fiend Fire"],"picked":"True Grit+1","floor":42},{"not_picked":["Iron Wave+1","Armaments+1","Wild Strike+1","Sword Boomerang"],"picked":"SKIP","floor":47},{"not_picked":["Inflame+1","Spot Weakness+1","Entrench+1"],"picked":"Juggernaut+1","floor":48}],"player_experience":611062,"relics_obtained":[{"floor":7,"key":"Centennial Puzzle"},{"floor":9,"key":"Toxic Egg 2"},{"floor":10,"key":"Odd Mushroom"},{"floor":12,"key":"War Paint"},{"floor":14,"key":"Question Card"},{"floor":23,"key":"Frozen Egg 2"},{"floor":26,"key":"Mercury Hourglass"},{"floor":27,"key":"Calipers"},{"floor":29,"key":"MawBank"},{"floor":30,"key":"The Courier"},{"floor":40,"key":"Shuriken"},{"floor":42,"key":"Kunai"},{"floor":43,"key":"Smiling Mask"},{"floor":44,"key":"Nunchaku"},{"floor":48,"key":"Art of War"}],"event_choices":[{"damage_healed":0,"gold_gain":0,"player_choice":"Ignored","damage_taken":0,"max_hp_gain":0,"max_hp_loss":0,"event_name":"Liars Game","floor":2,"gold_loss":0},{"cards_removed":["Strike_R"],"damage_healed":0,"gold_gain":0,"player_choice":"Card Removal","damage_taken":0,"max_hp_gain":0,"max_hp_loss":0,"event_name":"The Cleric","floor":4,"gold_loss":75},{"damage_healed":0,"gold_gain":0,"player_choice":"Fought Mushrooms","damage_taken":0,"max_hp_gain":0,"max_hp_loss":0,"event_name":"Mushrooms","floor":10,"gold_loss":0},{"damage_healed":0,"gold_gain":0,"player_choice":"Opened","damage_taken":0,"relics_obtained":["Blood Vial"],"max_hp_gain":0,"max_hp_loss":0,"event_name":"The Mausoleum","floor":19,"gold_loss":0,"cards_obtained":["Writhe"]},{"damage_healed":0,"gold_gain":0,"player_choice":"Obtained Relic","damage_taken":0,"relics_obtained":["Letter Opener"],"max_hp_gain":0,"max_hp_loss":0,"event_name":"Addict","floor":20,"gold_loss":85},{"damage_healed":0,"gold_gain":0,"player_choice":"Simplicity","damage_taken":0,"max_hp_gain":0,"max_hp_loss":0,"event_name":"Back to Basics","floor":28,"gold_loss":0,"cards_upgraded":["Strike_R","Strike_R","Strike_R","Defend_R","Defend_R","Defend_R"]},{"damage_healed":0,"gold_gain":0,"player_choice":"Max HP","damage_taken":0,"max_hp_gain":0,"max_hp_loss":6,"event_name":"Winding Halls","floor":36,"gold_loss":0},{"damage_healed":0,"gold_gain":0,"player_choice":"Fight","damage_taken":0,"max_hp_gain":0,"max_hp_loss":0,"event_name":"Mysterious Sphere","floor":44,"gold_loss":0},{"cards_removed":["Pommel Strike"],"damage_healed":0,"gold_gain":0,"player_choice":"Removed Attack","damage_taken":0,"max_hp_gain":0,"max_hp_loss":0,"event_name":"Falling","floor":45,"gold_loss":0}],"is_beta":false,"boss_relics":[{"not_picked":["Eternal Feather","Calling Bell"],"picked":"Fusion Hammer"},{"not_picked":["Coffee Dripper","Busted Crown"],"picked":"Cursed Key"}],"items_purged_floors":[13,24,46],"is_endless":false,"potions_floor_spawned":[1,5,11,12,16,22,23,25,29,33,37,39,40,42,44],"ascension_level":15}