{"gold_per_floor":[113,38,49,49,14,14,44,44,67,17,36,47,47,47,47,47],"floor_reached":16,"playtime":976,"items_purged":["Strike_B","Amplify"],"score":157,"play_id":"2cb994be-68b9-4dc1-8a1e-794f1fc37e69","local_time":"20180918171218","is_ascension_mode":true,"campfire_choices":[{"data":"Dualcast","floor":6,"key":"SMITH"},{"floor":8,"key":"REST"},{"floor":13,"key":"REST"},{"data":"Zap","floor":15,"key":"SMITH"}],"neow_cost":"NONE","seed_source_timestamp":274870891086253,"circlet_count":0,"master_deck":["Strike_B","Strike_B","Strike_B","Defend_B","Defend_B","Defend_B","Defend_B","Zap+1","Dualcast+1","AscendersBane","Self Repair","Go for the Eyes+1","Storm"],"relics":["Cracked Core","Ancient Tea Set","Molten Egg 2","Smiling Mask","Toxic Egg 2"],"potions_floor_usage":[12],"damage_taken":[{"damage":6,"enemies":"Jaw Worm","floor":1,"turns":4},{"damage":9,"enemies":"Cultist","floor":3,"turns":5},{"damage":57,"enemies":"Lagavulin","floor":7,"turns":7},{"damage":6,"enemies":"2 Louse","floor":11,"turns":3},{"damage":15,"enemies":"Exordium Thugs","floor":12,"turns":5},{"damage":77,"enemies":"The Guardian","floor":16,"turns":13}],"seed_played":"8615567927951892421","potions_obtained":[{"floor":7,"key":"SteroidPotion"},{"floor":12,"key":"GamblersBrew"}],"is_trial":false,"path_per_floor":["M","$","M","?","?","R","E","R","T","$","M","M","R","?","R"],"character_chosen":"DEFECT","items_purchased":[],"campfire_rested":2,"item_purchase_floors":[],"current_hp_per_floor":[62,62,60,60,75,75,25,47,47,47,48,40,62,62,62,0],"gold":47,"neow_bonus":"ONE_RANDOM_RARE_CARD","is_prod":false,"is_daily":false,"chose_seed":false,"campfire_upgraded":2,"win_rate":0,"timestamp":1537283538,"path_taken":["M","$","M","?","?","R","E","R","T","$","M","M","R","?","R","BOSS"],"build_version":"2018-09-06","purchased_purges":2,"victory":false,"max_hp_per_floor":[75,75,75,75,75,75,75,75,75,75,75,75,75,75,75,75],"card_choices":[{"not_picked":["Sweeping Beam","Turbo"],"picked":"Self Repair","floor":1},{"not_picked":["Capacitor","Stack","Rebound"],"picked":"SKIP","floor":3},{"not_picked":["Hello World","Recycle","Coolheaded"],"picked":"SKIP","floor":7},{"not_picked":["Gash+1","Double Energy"],"picked":"Go for the Eyes+1","floor":11},{"not_picked":["Hello World","Compile Driver+1"],"picked":"Storm","floor":12}],"player_experience":352254,"relics_obtained":[{"floor":4,"key":"Ancient Tea Set"},{"floor":7,"key":"Molten Egg 2"},{"floor":9,"key":"Smiling Mask"}],"event_choices":[{"event_name":"Wheel of Change","player_choice":"Relic","floor":4,"damage_taken":0},{"event_name":"The Cleric","player_choice":"Healed","floor":5,"damage_taken":0},{"event_name":"WeMeetAgain","player_choice":"Potion","floor":14,"damage_taken":0}],"is_beta":false,"boss_relics":[],"items_purged_floors":[2,10],"is_endless":false,"potions_floor_spawned":[7,12],"killed_by":"The Guardian","ascension_level":12}