{"path_per_floor":["M","M","M","M","M","R","E","M","T","R","M","M","?","$","R","B",null,"M","M","M","?","M","R"],"character_chosen":"THE_SILENT","items_purchased":["Noxious Fumes","Blur"],"gold_per_floor":[114,128,142,155,173,173,198,213,260,260,274,284,284,93,93,193,193,210,220,235,235,253,253,253],"floor_reached":24,"campfire_rested":2,"playtime":1793,"current_hp_per_floor":[63,63,62,57,56,56,44,43,43,43,48,47,40,40,61,53,66,59,56,11,11,11,32,0],"items_purged":["Strike_G"],"gold":253,"score":265,"play_id":"7949e869-3fb1-4229-baa0-e9a5f49a364c","local_time":"20180414213201","is_prod":false,"is_daily":false,"chose_seed":false,"is_ascension_mode":true,"campfire_upgraded":2,"timestamp":1523766721,"path_taken":["M","M","M","M","M","R","E","M","T","R","M","?","?","$","R","BOSS","M","M","M","?","M","R","E"],"build_version":"2018-04-12","seed_source_timestamp":0,"purchased_purges":1,"victory":false,"master_deck":["Defend_G+1","Defend_G+1","Defend_G+1","Defend_G+1","Defend_G+1","Strike_G+1","Strike_G+1","Strike_G+1","Survivor","Neutralize+1","A Thousand Cuts+1","Backflip","Predator","Outmaneuver","Flying Knee","Escape Plan","Footwork","Tools of the Trade","Escape Plan","Noxious Fumes","Blur","Unload","Flying Knee+1","Sucker Punch+1","Leg Sweep"],"max_hp_per_floor":[70,70,70,70,70,70,70,70,70,70,70,70,70,70,70,70,70,70,70,70,70,70,70,70],"relics":["Ring of the Snake","Omamori","Orichalcum","Philosopher\u0027s Stone"],"card_choices":[{"not_picked":["Dodge and Roll","Distraction"],"picked":"Backflip","floor":1.0},{"not_picked":["Reflex","Cloak And Dagger"],"picked":"Predator","floor":2.0},{"not_picked":["Poisoned Stab","Flying Knee"],"picked":"Outmaneuver","floor":4.0},{"not_picked":["Caltrops","PiercingWail"],"picked":"Flying Knee","floor":5.0},{"not_picked":["Quick Slash","Poisoned Stab"],"picked":"Escape Plan","floor":7},{"not_picked":["Crippling Poison","Slice"],"picked":"Footwork","floor":8},{"not_picked":["Acrobatics","Flying Knee"],"picked":"Tools of the Trade","floor":11},{"not_picked":["Slice","Blade Dance"],"picked":"Escape Plan","floor":12},{"not_picked":["Bullet Time","Night Terror"],"picked":"Unload","floor":16},{"not_picked":["Riddle With Holes","Outmaneuver"],"picked":"Flying Knee","floor":18},{"not_picked":["Deflect","Cloak And Dagger"],"picked":"Sucker Punch","floor":20},{"not_picked":["Sucker Punch","Terror"],"picked":"Leg Sweep","floor":22}],"player_experience":157248,"potions_floor_usage":[7,7,11,12,22,24,24],"damage_taken":[{"damage":0.0,"enemies":"Cultist","floor":1.0,"turns":5.0},{"damage":0.0,"enemies":"2 Louse","floor":2.0,"turns":3.0},{"damage":1.0,"enemies":"Small Slimes","floor":3.0,"turns":4.0},{"damage":5.0,"enemies":"3 Louse","floor":4.0,"turns":4.0},{"damage":1.0,"enemies":"Looter","floor":5.0,"turns":4.0},{"damage":12,"enemies":"Gremlin Nob","floor":7,"turns":3},{"damage":1,"enemies":"Blue Slaver","floor":8,"turns":3},{"damage":7,"enemies":"2 Fungi Beasts","floor":11,"turns":5},{"damage":1,"enemies":"Looter","floor":12,"turns":4},{"damage":8,"enemies":"The Guardian","floor":16,"turns":11},{"damage":7,"enemies":"Shell Parasite","floor":18,"turns":7},{"damage":3,"enemies":"Chosen","floor":19,"turns":5},{"damage":45,"enemies":"Sentry and Sphere","floor":20,"turns":8},{"damage":15,"enemies":"Cultist and Chosen","floor":22,"turns":7},{"damage":47,"enemies":"Slavers","floor":24,"turns":5}],"event_choices":[{"event_name":"Golden Wing","player_choice":"Card Removal","floor":13,"damage_taken":0},{"event_name":"Back to Basics","player_choice":"Simplicity","floor":21,"damage_taken":0}],"boss_relics":[{"not_picked":["Runic Dome","Snecko Eye"],"picked":"Philosopher\u0027s Stone"}],"potions_floor_spawned":[2,3,5,8,11,20,22],"seed_played":"4257219839271111778","killed_by":"Slavers","ascension_level":6,"is_trial":false}