{"gold_per_floor":[13,31,42,52,66,66,82,82,82,82,101,101,133,17,17,89,89,99,114,29,42,42,42,74,74,100,111,127,127,142,19,19,19],"floor_reached":33,"playtime":1998,"items_purged":[],"score":497,"play_id":"02d3c270-6ded-4b84-94f7-fca883511348","local_time":"20180922055827","is_ascension_mode":true,"campfire_choices":[{"data":"Static Discharge","floor":6,"key":"SMITH"},{"floor":8,"key":"REST"},{"floor":10,"key":"REST"},{"floor":15,"key":"REST"},{"floor":23,"key":"REST"},{"floor":25,"key":"REST"},{"floor":32,"key":"REST"}],"neow_cost":"NO_GOLD","seed_source_timestamp":579020037760290,"circlet_count":0,"master_deck":["Strike_B","Strike_B","Strike_B","Strike_B","Defend_B","Defend_B","Defend_B","Defend_B","Zap","Dualcast","AscendersBane","Ball Lightning","Static Discharge+1","Go for the Eyes+1","Sunder+1","Seek","Defragment","Go for the Eyes+1","Lockon+1","Conserve Battery","Electrodynamics","Leap"],"relics":["Cracked Core","Mango","Molten Egg 2","Eternal Feather","StoneCalendar","Calipers","Unceasing Top","Orichalcum","Torii"],"potions_floor_usage":[5,18,19,24,28,28],"damage_taken":[{"damage":6,"enemies":"Cultist","floor":1,"turns":4},{"damage":9,"enemies":"Jaw Worm","floor":2,"turns":4},{"damage":3,"enemies":"Small Slimes","floor":3,"turns":2},{"damage":10,"enemies":"Exordium Wildlife","floor":4,"turns":3},{"damage":9,"enemies":"3 Louse","floor":5,"turns":2},{"damage":31,"enemies":"Large Slime","floor":7,"turns":4},{"damage":11,"enemies":"Exordium Wildlife","floor":11,"turns":4},{"damage":30,"enemies":"Lagavulin","floor":13,"turns":4},{"damage":49,"enemies":"Hexaghost","floor":16,"turns":9},{"damage":6,"enemies":"Spheric Guardian","floor":18,"turns":3},{"damage":8,"enemies":"3 Byrds","floor":19,"turns":3},{"damage":33,"enemies":"Snecko","floor":21,"turns":5},{"damage":47,"enemies":"Gremlin Leader","floor":24,"turns":6},{"damage":25,"enemies":"Centurion and Healer","floor":27,"turns":6},{"damage":19,"enemies":"Snake Plant","floor":28,"turns":2},{"damage":20,"enemies":"Snecko","floor":30,"turns":4},{"damage":79,"enemies":"Automaton","floor":33,"turns":6}],"seed_played":"774248993162487495","potions_obtained":[{"floor":3,"key":"PowerPotion"},{"floor":11,"key":"Swift Potion"},{"floor":16,"key":"LiquidBronze"},{"floor":21,"key":"Dexterity Potion"},{"floor":27,"key":"Energy Potion"},{"floor":28,"key":"Fruit Juice"}],"is_trial":false,"path_per_floor":["M","M","M","M","M","R","M","R","T","R","M","?","E","$","R","B",null,"M","M","?","M","T","R","E","R","T","M","M","?","M","$","R"],"character_chosen":"DEFECT","items_purchased":["Go for the Eyes+1","Sunder+1","Electrodynamics","Leap"],"campfire_rested":6,"item_purchase_floors":[14,14,31,31],"current_hp_per_floor":[76,67,64,54,45,45,14,40,54,84,73,103,73,73,103,54,91,85,77,77,44,44,83,36,75,75,50,36,36,16,16,60,0],"gold":19,"neow_bonus":"TWENTY_PERCENT_HP_BONUS","is_prod":false,"is_daily":false,"chose_seed":false,"campfire_upgraded":1,"win_rate":0,"timestamp":1537588707,"path_taken":["M","?","M","M","M","R","M","R","T","R","M","?","E","$","R","BOSS","M","?","?","M","?","R","E","R","T","M","M","?","?","?","R","BOSS"],"build_version":"2018-09-20","purchased_purges":0,"victory":false,"max_hp_per_floor":[89,89,89,89,89,89,89,89,103,103,103,103,103,103,103,103,103,103,103,103,103,103,103,103,103,103,103,108,108,108,108,108,108],"card_choices":[{"not_picked":["Turbo","Stack"],"picked":"Ball Lightning","floor":1},{"not_picked":["Barrage","Loop","Streamline"],"picked":"SKIP","floor":2},{"not_picked":["Tempest","Lockon","Leap"],"picked":"SKIP","floor":3},{"not_picked":["Sweeping Beam","Heatsinks","Darkness"],"picked":"SKIP","floor":4},{"not_picked":["Turbo","Blizzard"],"picked":"Static Discharge","floor":5},{"not_picked":["Doom and Gloom","Recycle","Cold Snap"],"picked":"SKIP","floor":7},{"not_picked":["Force Field","Redo","Leap"],"picked":"SKIP","floor":11},{"not_picked":["Sunder","Lockon","Doom and Gloom"],"picked":"SKIP","floor":13},{"not_picked":["Creative AI","Multi-Cast"],"picked":"Seek","floor":16},{"not_picked":["Loop","Blizzard+1","Compile Driver+1"],"picked":"SKIP","floor":18},{"not_picked":["Hologram","Cold Snap+1","Rebound+1"],"picked":"SKIP","floor":19},{"not_picked":["Tempest","Compile Driver+1"],"picked":"Defragment","floor":21},{"not_picked":["Force Field+1","Redo"],"picked":"Go for the Eyes+1","floor":24},{"not_picked":["Ball Lightning+1","Leap"],"picked":"Lockon+1","floor":27},{"not_picked":["Hologram","Storm","Turbo"],"picked":"SKIP","floor":28},{"not_picked":["Steam","Leap"],"picked":"Conserve Battery","floor":30}],"player_experience":515190,"relics_obtained":[{"floor":9,"key":"Mango"},{"floor":13,"key":"Molten Egg 2"},{"floor":22,"key":"Calipers"},{"floor":24,"key":"Unceasing Top"},{"floor":26,"key":"Orichalcum"}],"event_choices":[{"event_name":"Big Fish","player_choice":"Banana","floor":12,"damage_taken":0},{"event_name":"Addict","player_choice":"Obtained Relic","floor":20,"damage_taken":0},{"event_name":"The Mausoleum","player_choice":"Yes","floor":29,"damage_taken":0}],"is_beta":false,"boss_relics":[{"not_picked":["Astrolabe","Philosopher\u0027s Stone"],"picked":"Eternal Feather"}],"items_purged_floors":[],"is_endless":false,"potions_floor_spawned":[3,11,16,21,27,28],"killed_by":"Automaton","ascension_level":13}