{"path_per_floor":["M","?","M","?","M","R","?","M","T","?","$","?","M","M","R","B",null,"M","M","?"],"character_chosen":"THE_SILENT","items_purchased":["Toolbox"],"gold_per_floor":[148,148,169,169,187,187,287,302,302,302,60,15,36,51,51,171,171,192,210,210,210],"floor_reached":21,"campfire_rested":0,"playtime":1127,"current_hp_per_floor":[75,69,69,69,69,69,69,69,69,69,69,69,69,69,69,16,69,60,22,22,0],"items_purged":[],"gold":210,"score":171,"play_id":"63ad91d5-c4bf-4086-88a8-8c27d44107b8","local_time":"20180411001015","is_prod":false,"is_daily":false,"is_ascension_mode":false,"campfire_upgraded":2,"timestamp":1523401815,"path_taken":["M","?","M","?","?","R","?","?","T","?","?","?","M","M","R","BOSS","M","M","?","M"],"build_version":"2018-04-05v2","purchased_purges":0,"victory":false,"master_deck":["Defend_G","Defend_G","Defend_G","Defend_G","Defend_G+1","Strike_G","Strike_G","Strike_G","Strike_G","Strike_G","Survivor","Neutralize+1","Quick Slash","Slice","Quick Slash","Slice","Slice","Quick Slash","Envenom+1","Envenom","Crippling Poison","Poisoned Stab","Deflect","Dagger Throw","Blade Dance","Prepared","Well Laid Plans"],"max_hp_per_floor":[75,69,69,69,69,69,69,69,69,69,69,69,69,69,69,69,69,69,69,69,69],"relics":["Tiny House","Bloody Idol","Ice Cream","Toolbox","Orrery"],"card_choices":[{"not_picked":["Outmaneuver","Dodge and Roll"],"picked":"Quick Slash","floor":0},{"not_picked":["Prepared","Caltrops"],"picked":"Slice","floor":1},{"not_picked":["Slice","Footwork"],"picked":"Quick Slash","floor":3},{"not_picked":["Blur","Dagger Spray"],"picked":"Slice","floor":5},{"not_picked":["Acrobatics","Skewer"],"picked":"Slice","floor":8},{"not_picked":["Riddle With Holes","Flying Knee"],"picked":"Quick Slash","floor":13},{"not_picked":["Dagger Spray","Backflip"],"picked":"Envenom","floor":14},{"not_picked":["Venomology","Tools of the Trade"],"picked":"Envenom","floor":16},{"not_picked":["Escape Plan","Riddle With Holes"],"picked":"Crippling Poison","floor":17},{"not_picked":["Backflip","Deadly Poison"],"picked":"Poisoned Stab","floor":17},{"not_picked":["Flying Knee","Backflip"],"picked":"Deflect","floor":17},{"not_picked":["Dagger Spray","Acrobatics"],"picked":"Dagger Throw","floor":17},{"not_picked":["Flying Knee","Bullet Time"],"picked":"Blade Dance","floor":17},{"not_picked":["Dash","Backflip"],"picked":"Prepared","floor":18},{"not_picked":["Calculated Gamble","Quick Slash"],"picked":"Well Laid Plans","floor":19}],"player_experience":42846,"potions_floor_usage":[13,13,14,16,18],"damage_taken":[{"damage":0,"enemies":"Jaw Worm","floor":1,"turns":5},{"damage":0,"enemies":"2 Louse","floor":3,"turns":2},{"damage":0,"enemies":"Cultist","floor":5,"turns":3},{"damage":0,"enemies":"2 Fungi Beasts","floor":8,"turns":2},{"damage":0,"enemies":"Exordium Thugs","floor":13,"turns":4},{"damage":0,"enemies":"3 Louse","floor":14,"turns":2},{"damage":53,"enemies":"The Guardian","floor":16,"turns":9},{"damage":9,"enemies":"Chosen","floor":18,"turns":4},{"damage":38,"enemies":"Shell Parasite","floor":19,"turns":6},{"damage":30,"enemies":"Sentry and Sphere","floor":21,"turns":3}],"event_choices":[{"event_name":"Golden Idol","player_choice":"Lose Max HP","floor":2,"damage_taken":0},{"event_name":"The Lab","player_choice":"Got Potions","floor":4,"damage_taken":0},{"event_name":"Golden Shrine","player_choice":"Pray","floor":7,"damage_taken":0},{"event_name":"The Cleric","player_choice":"Leave","floor":10,"damage_taken":0},{"event_name":"World of Goop","player_choice":"Left","floor":12,"damage_taken":0},{"event_name":"Forgotten Altar","player_choice":"Gave Idol","floor":20,"damage_taken":0}],"boss_relics":[{"not_picked":["Calling Bell","Philosopher\u0027s Stone"],"picked":"Orrery"}],"potions_floor_spawned":[8,14,16],"seed_played":"-8030402900505640520","killed_by":"Sentry and Sphere","ascension_level":0,"is_trial":false}