{"path_per_floor":["M","?","M","M","M","R","?","T","T","R","M","M","?","M","R","B",null,"M","?","?","M","M","R","M","$","T","M","M","R","M"],"character_chosen":"DEFECT","items_purchased":["Self Repair","Lantern","Impulse"],"gold_per_floor":[114,114,125,138,154,154,154,154,154,154,174,185,185,203,203,300,300,316,316,316,333,349,349,362,24,95,109,125,125,135,135],"floor_reached":31,"campfire_rested":3,"playtime":1851,"current_hp_per_floor":[74,67,56,56,49,49,49,49,49,49,46,33,33,7,29,17,75,59,59,43,34,14,36,42,42,42,24,24,46,14,0],"items_purged":["Reinforced Body"],"gold":135,"score":233,"play_id":"22a2135b-37d9-4ee8-89f1-c0358bc934d2","local_time":"20180430002301","is_prod":false,"is_daily":false,"chose_seed":false,"is_ascension_mode":false,"campfire_upgraded":2,"timestamp":1525040581,"path_taken":["M","?","M","M","M","R","?","?","T","R","M","?","?","M","R","BOSS","M","?","?","M","M","R","M","$","T","M","M","R","M","E"],"build_version":"2018-04-27v3","seed_source_timestamp":138770551660537,"purchased_purges":1,"victory":false,"master_deck":["Strike_B","Strike_B","Defend_B","Defend_B","Defend_B","Defend_B","Zap","Dualcast","Doom and Gloom","Genetic Algorithm+1","Cold Snap+1","Go for the Eyes","Blizzard","Fusion","Genetic Algorithm","Seek","Multi-Cast","Static Discharge","Leap","Cold Snap","Coolheaded","Self Repair","Impulse","Capacitor","Blizzard","Cold Snap"],"max_hp_per_floor":[75,75,75,75,75,75,75,75,75,75,75,75,75,75,75,75,75,75,75,75,75,75,75,75,75,75,75,75,75,75,75],"relics":["Cracked Core","Dodecahedron","Happy Flower","Ice Cream","Velvet Choker","Nilry\u0027s Codex","Lantern","Matryoshka"],"card_choices":[{"not_picked":["Tempest","Chaos"],"picked":"Doom and Gloom","floor":1},{"not_picked":["Axe Kick","Streamline"],"picked":"Genetic Algorithm","floor":3},{"not_picked":["Barrage","Hologram"],"picked":"Cold Snap","floor":4},{"not_picked":["Stack","Beam Cell"],"picked":"Go for the Eyes","floor":5},{"not_picked":["Hologram","Aggregate"],"picked":"Fusion","floor":11},{"not_picked":["Ball Lightning","Sweeping Beam"],"picked":"Genetic Algorithm","floor":12},{"not_picked":["Flux Capacitor","Barrage"],"picked":"Reinforced Body","floor":14},{"not_picked":["Creative AI","Amplify"],"picked":"Multi-Cast","floor":16},{"not_picked":["Impulse","Storm"],"picked":"Static Discharge","floor":18},{"not_picked":["Barrage","Axe Kick"],"picked":"Leap","floor":21},{"not_picked":["Go for the Eyes","Barrage"],"picked":"Cold Snap","floor":22},{"not_picked":["Hologram","Static Discharge"],"picked":"Coolheaded","floor":24},{"not_picked":["Skim","Chaos"],"picked":"Capacitor","floor":27},{"not_picked":["Reprogram","Machine Learning"],"picked":"Blizzard","floor":28},{"not_picked":["Leap","Auto Shields"],"picked":"Cold Snap","floor":30}],"player_experience":6449,"potions_floor_usage":[16,18,24,28,28,30,31],"damage_taken":[{"damage":1,"enemies":"Small Slimes","floor":1,"turns":3},{"damage":11,"enemies":"Jaw Worm","floor":3,"turns":4},{"damage":0,"enemies":"Cultist","floor":4,"turns":3},{"damage":7,"enemies":"Looter","floor":5,"turns":4},{"damage":3,"enemies":"2 Fungi Beasts","floor":11,"turns":3},{"damage":13,"enemies":"Gremlin Gang","floor":12,"turns":3},{"damage":26,"enemies":"Large Slime","floor":14,"turns":6},{"damage":12,"enemies":"The Guardian","floor":16,"turns":11},{"damage":16,"enemies":"Chosen","floor":18,"turns":6},{"damage":9,"enemies":"2 Thieves","floor":21,"turns":3},{"damage":20,"enemies":"Centurion and Healer","floor":22,"turns":12},{"damage":1,"enemies":"3 Cultists","floor":24,"turns":4},{"damage":25,"enemies":"Sentry and Sphere","floor":27,"turns":6},{"damage":7,"enemies":"Slaver and Parasite","floor":28,"turns":7},{"damage":39,"enemies":"Cultist and Chosen","floor":30,"turns":10},{"damage":25,"enemies":"Gremlin Leader","floor":31,"turns":5}],"event_choices":[{"event_name":"Scrap Ooze","player_choice":"success","floor":2,"damage_taken":7},{"event_name":"Living Wall","player_choice":"Change","floor":7,"damage_taken":0},{"event_name":"Match and Keep!","player_choice":"1 cards matched","floor":13,"damage_taken":0},{"event_name":"N\u0027loth","player_choice":"Ignored","floor":19,"damage_taken":0},{"event_name":"Cursed Tome","player_choice":"Obtained Book","floor":20,"damage_taken":0}],"boss_relics":[{"not_picked":["Inserter","Runic Dome"],"picked":"Velvet Choker"}],"potions_floor_spawned":[1,3,4,21,22,24,30],"seed_played":"-1693893276376973120","killed_by":"Gremlin Leader","ascension_level":0,"is_trial":false}