{"path_per_floor":["M","M","?","?","?","R","$","E","T","M","R","?","?","E","R","B",null,"M","?","M","?","M","E","R","E","T","M","$","R","?","M","R"],"character_chosen":"THE_SILENT","items_purchased":["War Paint","Panache","Vajra"],"gold_per_floor":[109,128,128,128,303,303,78,113,113,125,125,75,75,114,114,242,242,257,257,268,268,280,314,314,349,349,362,22,22,22,38,38],"floor_reached":33,"campfire_rested":0,"playtime":1932,"current_hp_per_floor":[67,67,67,67,67,67,67,51,51,51,51,51,51,52,52,34,69,59,59,64,64,55,49,49,53,53,58,58,58,58,58,58],"items_purged":["Doubt"],"gold":38,"score":389,"play_id":"aa998be3-338c-45e6-9d60-2d8d15f40c19","is_prod":false,"is_daily":false,"is_ascension_mode":true,"campfire_upgraded":4,"path_taken":["M","M","?","?","?","R","?","E","T","M","R","?","?","E","R","BOSS","M","?","M","?","M","E","R","E","T","M","$","R","?","M","R","BOSS"],"build_version":"2018-02-22-PROD2","purchased_purges":1,"victory":false,"master_deck":["Defend_G+1","Defend_G","Defend_G+1","Defend_G","Defend_G","Strike_G","Strike_G","Strike_G","Strike_G","Survivor","Neutralize+1","Dagger Spray","Dash+1","Noxious Fumes+1","Sucker Punch","Leg Sweep+1","Bullet Time","Dodge and Roll+1","Sucker Punch+1","Bouncing Flask+1","Flying Knee","Panache+1"],"max_hp_per_floor":[70,70,70,70,70,70,70,70,70,70,70,70,70,80,80,80,80,80,80,80,80,80,80,80,94,94,94,94,94,94,94,94],"relics":["Ring of the Snake","Bronze Scales","Happy Flower","War Paint","Art of War","Peace Pipe","Bloody Idol","Pear","Black Star","Ninja Scroll","Calipers","Gambling Chip","Mango","Frozen Eye","Du-Vu Doll","Vajra"],"card_choices":[{"not_picked":["Quick Slash","Well Laid Plans"],"picked":"Dagger Spray"},{"not_picked":["Underhanded Strike","Reflex"],"picked":"Dash"},{"not_picked":["Cloak And Dagger","Crippling Poison"],"picked":"Noxious Fumes"},{"not_picked":["Malaise","Dagger Spray"],"picked":"Sucker Punch"},{"not_picked":["Underhanded Strike","Calculated Gamble"],"picked":"Leg Sweep"},{"not_picked":["Tools of the Trade","After Image"],"picked":"Bullet Time"},{"not_picked":["Dagger Spray","Endless Agony"],"picked":"Dodge and Roll"},{"not_picked":["Deadly Poison","Prepared"],"picked":"Sucker Punch"},{"not_picked":["Acrobatics","Calculated Gamble"],"picked":"Bouncing Flask"},{"not_picked":["Backflip","Dodge and Roll"],"picked":"Flying Knee"}],"player_experience":150678,"potions_floor_usage":[16,16,23,27,33],"damage_taken":[{"damage":3,"enemies":"Jaw Worm","floor":1,"turns":4},{"damage":0,"enemies":"Cultist","floor":2,"turns":3},{"damage":16,"enemies":"Lagavulin","floor":8,"turns":7},{"damage":0,"enemies":"Small Slimes","floor":10,"turns":3},{"damage":9,"enemies":"Gremlin Nob","floor":14,"turns":5},{"damage":18,"enemies":"Slime Boss","floor":16,"turns":9},{"damage":10,"enemies":"2 Thieves","floor":18,"turns":4},{"damage":0,"enemies":"3 Byrds","floor":20,"turns":3},{"damage":14,"enemies":"Sentry and Sphere","floor":22,"turns":7},{"damage":11,"enemies":"Book of Stabbing","floor":23,"turns":5},{"damage":15,"enemies":"Gremlin Leader","floor":25,"turns":8},{"damage":0,"enemies":"Chosen and Byrds","floor":27,"turns":5},{"damage":5,"enemies":"Slaver and Parasite","floor":31,"turns":5},{"damage":59,"enemies":"Champ","floor":33,"turns":8}],"event_choices":[{"event_name":"Wheel of Change","player_choice":"Relic","floor":3,"damage_taken":0},{"event_name":"Living Wall","player_choice":"Grow","floor":4,"damage_taken":0},{"event_name":"Liars Game","player_choice":"agreed","floor":5,"damage_taken":0},{"event_name":"The Cleric","player_choice":"Card Removal","floor":12,"damage_taken":0},{"event_name":"Golden Idol","player_choice":"Take Wound","floor":13,"damage_taken":0},{"event_name":"Forgotten Altar","player_choice":"Gave Idol","floor":19,"damage_taken":0},{"event_name":"The Mausoleum","player_choice":"Yes","floor":21,"damage_taken":0},{"event_name":"Drug Dealer","player_choice":"Ignored","floor":30,"damage_taken":0}],"boss_relics":[{"not_picked":["Runic Dome","Calling Bell"],"picked":"Black Star"}],"potions_floor_spawned":[8,14,18,20,25],"seed_played":"-7604899502791555057","killed_by":"Champ","ascension_level":5,"is_trial":false}