{"gold_per_floor":[219,14,34,51,69,69,104,116,195,214,244,259,259,293,293,388,388,407,5,22,22,40,40,51,51,51,28,38,38,55,55,55,152,152,167,178,5,5],"floor_reached":38,"playtime":2440,"items_purged":[],"score":415,"play_id":"8355f2a4-142b-4187-bac3-9636b04377ad","local_time":"20180704231136","is_ascension_mode":false,"campfire_choices":[{"data":"Metallicize","floor":6,"key":"SMITH"},{"floor":13,"key":"REST"},{"floor":15,"key":"REST"},{"data":"Demon Form","floor":23,"key":"SMITH"},{"floor":25,"key":"REST"},{"floor":29,"key":"REST"},{"data":"Seeing Red","floor":32,"key":"SMITH"}],"neow_cost":"NONE","seed_source_timestamp":13371846747202,"circlet_count":0,"master_deck":["Strike_R","Strike_R","Strike_R","Strike_R","Strike_R","Defend_R","Defend_R","Defend_R","Defend_R","Bash","Disarm","Dramatic Entrance","Feel No Pain","Uppercut","Reckless Charge","Metallicize+1","Dropkick","Double Tap","Rupture","Cleave","Blood for Blood","Battle Trance","Seeing Red+1","Feed","Seeing Red","Shockwave","Fire Breathing","Anger","Demon Form+1","Warcry+1","Warcry","Reckless Charge","Cleave","Limit Break","Infernal Blade","Searing Blow","Hemokinesis","Anger+1","Infernal Blade+1","Anger","Heavy Blade","Sword Boomerang","Bandage Up"],"relics":["Burning Blood","Lantern","Tiny Chest","Odd Mushroom","Bottled Tornado","Mark of Pain","Ice Cream","Ginger","Bottled Flame","Orrery"],"potions_floor_usage":[7,7,16,18,22,24,38,38],"damage_taken":[{"damage":6,"enemies":"Cultist","floor":1,"turns":3},{"damage":7,"enemies":"2 Louse","floor":3,"turns":2},{"damage":9,"enemies":"Jaw Worm","floor":4,"turns":3},{"damage":18,"enemies":"Gremlin Gang","floor":5,"turns":5},{"damage":18,"enemies":"Lagavulin","floor":7,"turns":7},{"damage":3,"enemies":"Looter","floor":8,"turns":3},{"damage":0,"enemies":"Large Slime","floor":10,"turns":3},{"damage":22,"floor":11,"turns":3},{"damage":16,"enemies":"Blue Slaver","floor":12,"turns":3},{"damage":16,"enemies":"3 Sentries","floor":14,"turns":4},{"damage":33,"enemies":"Slime Boss","floor":16,"turns":12},{"damage":23,"enemies":"Spheric Guardian","floor":18,"turns":6},{"damage":9,"enemies":"Shell Parasite","floor":20,"turns":4},{"damage":5,"enemies":"Cultist and Chosen","floor":22,"turns":4},{"damage":20,"enemies":"Chosen and Byrds","floor":24,"turns":6},{"damage":26,"enemies":"Snecko","floor":28,"turns":6},{"damage":0,"enemies":"Centurion and Healer","floor":30,"turns":4},{"damage":21,"enemies":"Champ","floor":33,"turns":9},{"damage":37,"enemies":"3 Darklings","floor":35,"turns":4},{"damage":44,"enemies":"3 Shapes","floor":36,"turns":6},{"damage":27,"enemies":"Maw","floor":38,"turns":4}],"seed_played":"-8753426014260679274","potions_obtained":[{"floor":3,"key":"Fire Potion"},{"floor":4,"key":"Poison Potion"},{"floor":5,"key":"Swift Potion"},{"floor":16,"key":"SteroidPotion"},{"floor":20,"key":"SteroidPotion"},{"floor":22,"key":"SkillPotion"},{"floor":24,"key":"Ancient Potion"},{"floor":36,"key":"Energy Potion"}],"is_trial":false,"path_per_floor":["M","$","M","M","M","R","E","M","T","M","?","M","R","E","R","B",null,"M","$","M","?","M","R","M","R","T","$","M","R","M","T","R","B",null,"M","M","$"],"character_chosen":"IRONCLAD","items_purchased":["Dramatic Entrance","Feel No Pain","Uppercut","Shockwave","Ice Cream","Fire Breathing","Warcry","Sword Boomerang","Bandage Up","Fire Potion"],"campfire_rested":4,"item_purchase_floors":[2,2,2,19,19,19,27,37,37,37],"current_hp_per_floor":[80,80,79,76,64,64,52,55,55,61,45,35,59,49,73,46,80,63,63,60,60,64,64,50,74,74,74,54,78,83,83,83,68,83,52,14,14,0],"gold":5,"neow_bonus":"HUNDRED_GOLD","is_prod":false,"is_daily":false,"chose_seed":false,"campfire_upgraded":3,"win_rate":0.0,"timestamp":1530738696,"path_taken":["M","$","M","M","M","R","E","M","T","?","?","M","R","E","R","BOSS","M","$","M","?","M","R","M","R","T","$","M","R","M","?","R","BOSS","M","M","?","M"],"build_version":"2018-06-28","purchased_purges":0,"victory":false,"max_hp_per_floor":[80,80,80,80,80,80,80,80,80,80,80,80,80,80,80,80,80,80,80,80,80,83,83,83,83,83,83,83,83,83,83,83,83,83,83,83,83,83],"card_choices":[{"not_picked":["Clothesline","Cleave"],"picked":"Disarm","floor":1},{"not_picked":["Heavy Blade","Shrug It Off"],"picked":"Reckless Charge","floor":3},{"not_picked":["Flex","Hemokinesis"],"picked":"Metallicize","floor":4},{"not_picked":["Whirlwind","Hemokinesis"],"picked":"Dropkick","floor":5},{"not_picked":["Dropkick","Whirlwind"],"picked":"Double Tap","floor":7},{"not_picked":["Warcry","Armaments"],"picked":"Rupture","floor":8},{"not_picked":["Uppercut","Sever Soul"],"picked":"Cleave","floor":10},{"not_picked":["Seeing Red","Flex"],"picked":"Blood for Blood","floor":11},{"not_picked":["Flex","Pommel Strike"],"picked":"Battle Trance","floor":12},{"not_picked":["Thunderclap","Impervious"],"picked":"Seeing Red","floor":14},{"not_picked":["Offering","Bludgeon"],"picked":"Feed","floor":16},{"not_picked":["Shrug It Off","Perfected Strike"],"picked":"Seeing Red","floor":18},{"not_picked":["Shockwave","Shrug It Off"],"picked":"Anger","floor":20},{"not_picked":["Dropkick+1","Shockwave"],"picked":"Demon Form","floor":22},{"not_picked":["Flex","Clothesline+1"],"picked":"Warcry+1","floor":24},{"not_picked":["Spot Weakness","True Grit+1"],"picked":"Reckless Charge","floor":28},{"not_picked":["Flex","Warcry"],"picked":"Cleave","floor":30},{"not_picked":["Brutality","Double Tap"],"picked":"Limit Break","floor":33},{"not_picked":["Heavy Blade","Headbutt"],"picked":"Infernal Blade","floor":34},{"not_picked":["Body Slam+1","Clash"],"picked":"Searing Blow","floor":34},{"not_picked":["Power Through+1","Warcry"],"picked":"Hemokinesis","floor":34},{"not_picked":["Flex","Shrug It Off+1"],"picked":"Anger+1","floor":34},{"not_picked":["Sword Boomerang","Body Slam"],"picked":"Infernal Blade+1","floor":34},{"not_picked":["Twin Strike+1","Clash"],"picked":"Anger","floor":35},{"not_picked":["Flex+1","Burning Pact+1"],"picked":"Heavy Blade","floor":36}],"player_experience":38087,"relics_obtained":[{"floor":7,"key":"Lantern"},{"floor":9,"key":"Tiny Chest"},{"floor":11,"key":"Odd Mushroom"},{"floor":14,"key":"Bottled Tornado"},{"floor":26,"key":"Ginger"},{"floor":31,"key":"Bottled Flame"}],"event_choices":[{"event_name":"Mushrooms","player_choice":"Fought Mushrooms","floor":11,"damage_taken":0},{"event_name":"Vampires","player_choice":"Ignored","floor":21,"damage_taken":0}],"boss_relics":[{"not_picked":["Empty Cage","Ectoplasm"],"picked":"Mark of Pain"},{"not_picked":["White Beast Statue","Busted Crown"],"picked":"Orrery"}],"items_purged_floors":[],"is_endless":false,"potions_floor_spawned":[3,4,5,16,20,22,24,36],"killed_by":"Maw","ascension_level":0}