{"gold_per_floor":[218,183,183,258,269,269,284,284,284,314,314,345,358,59,59,163,163,177,102,118,128,148,148,179,179,179,179,195,49,0,15,15,15],"floor_reached":33,"playtime":1274,"items_purged":[],"score":383,"play_id":"3371e898-824b-499a-9131-04d826f7c693","local_time":"20180915064704","is_ascension_mode":true,"campfire_choices":[{"data":"Defragment","floor":6,"key":"SMITH"},{"data":"Static Discharge","floor":8,"key":"SMITH"},{"floor":11,"key":"REST"},{"floor":15,"key":"REST"},{"floor":23,"key":"REST"},{"floor":27,"key":"REST"},{"floor":32,"key":"REST"}],"neow_cost":"NONE","seed_source_timestamp":58194891028164,"circlet_count":0,"master_deck":["Strike_B","Strike_B+1","Strike_B","Strike_B","Defend_B","Defend_B","Defend_B+1","Defend_B","Zap","Dualcast","Leap","Defragment+1","Static Discharge+1","Creative AI","Ball Lightning","Conserve Battery","Hyperbeam","Conserve Battery+1","Defragment","Conserve Battery","Rainbow","Sweeping Beam","Storm","White Noise","Conserve Battery+1"],"relics":["Cracked Core","Bottled Lightning","WingedGreaves","Oddly Smooth Stone","Matryoshka","Lizard Tail","Thread and Needle","DataDisk","Sundial"],"potions_floor_usage":[12,12,20,24,28],"damage_taken":[{"damage":1,"enemies":"Cultist","floor":1,"turns":3},{"damage":0,"enemies":"Jaw Worm","floor":5,"turns":3},{"damage":3,"enemies":"2 Louse","floor":7,"turns":3},{"damage":25,"enemies":"Gremlin Nob","floor":10,"turns":4},{"damage":22,"enemies":"3 Sentries","floor":12,"turns":3},{"damage":3,"enemies":"2 Fungi Beasts","floor":13,"turns":3},{"damage":38,"enemies":"Slime Boss","floor":16,"turns":5},{"damage":19,"enemies":"Spheric Guardian","floor":18,"turns":5},{"damage":13,"enemies":"Shell Parasite","floor":20,"turns":6},{"damage":17,"enemies":"Chosen and Byrds","floor":21,"turns":5},{"damage":19,"enemies":"Snecko","floor":22,"turns":7},{"damage":42,"enemies":"Slavers","floor":24,"turns":5},{"damage":16,"enemies":"3 Cultists","floor":28,"turns":4},{"damage":24,"enemies":"Shelled Parasite and Fungi","floor":31,"turns":5},{"damage":53,"enemies":"Champ","floor":33,"turns":8}],"seed_played":"1539479070520892128","potions_obtained":[{"floor":5,"key":"Explosive Potion"},{"floor":10,"key":"FocusPotion"},{"floor":16,"key":"AttackPotion"},{"floor":22,"key":"FocusPotion"},{"floor":24,"key":"Energy Potion"}],"is_trial":false,"path_per_floor":["M","?","?","?","M","R","M","R","T","E","R","E","M","$","R","B",null,"M","$","M","M","M","R","E","?","T","R","M","$","?","M","R"],"character_chosen":"DEFECT","items_purchased":["Matryoshka","Conserve Battery","Defragment","Storm","White Noise"],"campfire_rested":5,"item_purchase_floors":[14,14,19,29,29],"current_hp_per_floor":[67,75,60,49,49,49,46,46,46,21,43,21,18,18,40,2,57,38,38,25,8,33,55,13,38,38,60,44,44,44,20,42,0],"gold":15,"neow_bonus":"HUNDRED_GOLD","is_prod":false,"is_daily":false,"chose_seed":false,"campfire_upgraded":2,"win_rate":0,"timestamp":1536986824,"path_taken":["M","?","?","?","M","R","M","R","T","E","R","E","?","$","R","BOSS","M","$","M","M","M","R","E","?","T","R","M","$","?","M","R","BOSS"],"build_version":"2018-09-06","purchased_purges":0,"victory":false,"max_hp_per_floor":[75,75,75,75,75,75,75,75,75,75,75,75,75,75,75,75,75,75,75,75,75,75,75,75,75,75,75,75,75,75,75,75,75],"card_choices":[{"not_picked":["Streamline","Rip and Tear"],"picked":"Leap","floor":1},{"not_picked":["FTL","Ball Lightning"],"picked":"Defragment","floor":5},{"not_picked":["Hologram","Turbo"],"picked":"Static Discharge","floor":7},{"not_picked":["Gash","Capacitor"],"picked":"Creative AI","floor":10},{"not_picked":["Rebound","Streamline"],"picked":"Ball Lightning","floor":12},{"not_picked":["Beam Cell","Steam","Barrage"],"picked":"SKIP","floor":13},{"not_picked":["Reboot","Fission"],"picked":"Hyperbeam","floor":16},{"not_picked":["Hologram+1","Go for the Eyes"],"picked":"Conserve Battery+1","floor":18},{"not_picked":["Stack","Gash+1"],"picked":"Conserve Battery","floor":20},{"not_picked":["Recycle+1","Ball Lightning","Heatsinks"],"picked":"SKIP","floor":21},{"not_picked":["Go for the Eyes","Ball Lightning"],"picked":"Rainbow","floor":22},{"not_picked":["Steam","Blizzard","Hologram"],"picked":"SKIP","floor":24},{"not_picked":["Recycle+1","Lockon"],"picked":"Sweeping Beam","floor":28},{"not_picked":["Steam","Gash+1"],"picked":"Conserve Battery+1","floor":31}],"player_experience":181553,"relics_obtained":[{"floor":9,"key":"Bottled Lightning"},{"floor":10,"key":"WingedGreaves"},{"floor":12,"key":"Oddly Smooth Stone"},{"floor":24,"key":"Thread and Needle"},{"floor":26,"key":"DataDisk"},{"floor":26,"key":"Sundial"}],"event_choices":[{"event_name":"The Cleric","player_choice":"Healed","floor":2,"damage_taken":0},{"event_name":"Shining Light","player_choice":"Entered Light","floor":3,"damage_taken":0},{"event_name":"World of Goop","player_choice":"Gather Gold","floor":4,"damage_taken":0},{"event_name":"The Library","player_choice":"Heal","floor":25,"damage_taken":0},{"event_name":"Masked Bandits","player_choice":"Paid Fearfully","floor":30,"damage_taken":0}],"is_beta":false,"boss_relics":[{"not_picked":["Snecko Eye","Cursed Key"],"picked":"Lizard Tail"}],"items_purged_floors":[],"is_endless":false,"potions_floor_spawned":[5,10,16,22,24],"killed_by":"Champ","ascension_level":6}