{"path_per_floor":["M","?","M","M","?","R","E","$","T","$","R","M","?","?","R","B",null,"M","M","?","$","M","R","$","R","T","R","M","M","M","M","R","B",null,"M","M","$","M","?","R"],"character_chosen":"THE_SILENT","items_purchased":["Panache"],"gold_per_floor":[115,115,126,138,138,138,170,95,95,95,95,107,78,78,78,179,179,189,199,124,24,39,39,39,39,110,110,126,136,155,175,175,270,270,285,302,56,66,112,112],"floor_reached":41,"campfire_rested":5,"playtime":3931,"current_hp_per_floor":[68,54,54,54,54,54,49,49,49,49,49,41,41,34,55,47,88,55,34,34,34,31,57,57,57,57,83,75,73,60,56,82,75,88,78,51,51,52,17,43],"items_purged":["Strike_G","Normality","Decay"],"gold":112,"play_id":"5b759158-8649-45d8-b802-0606724dca00","is_prod":false,"is_daily":false,"campfire_rituals":0,"campfire_upgraded":3,"is_hardmode":false,"path_taken":["M","?","M","?","?","R","E","$","T","$","R","M","?","?","R","BOSS","M","M","?","$","M","R","$","R","T","R","M","M","M","M","R","BOSS","M","M","$","M","?","R","M"],"build_version":"2018-01-11-PROD2","purchased_purges":3,"victory":false,"master_deck":["Defend_G","Defend_G","Defend_G","Defend_G","Defend_G","Strike_G","Strike_G","Strike_G","Strike_G","Survivor","Neutralize","Well Laid Plans","Deadly Poison","Noxious Fumes","Catalyst","Prepared","Envenom","Deadly Poison","Deflect","PiercingWail","PiercingWail","Crippling Poison","Prepared","Tools of the Trade","Well Laid Plans","Prepared","Panache","Acrobatics","Caltrops"],"max_hp_per_floor":[70,70,70,70,70,70,70,70,70,70,70,70,70,70,70,70,88,88,88,88,88,88,88,88,88,88,88,88,88,88,88,88,88,88,88,88,88,88,88,88],"relics":["Ring of the Snake","Snake Skull","Lantern","Darkstone Periapt","Shuriken","Calling Bell","Bag of Marbles","Sundial","Mummified Hand","Smiling Mask","The Specimen","Frozen Eye"],"campfire_meditates":0,"card_choices":[{"not_picked":["Dagger Throw","PiercingWail"],"picked":"Well Laid Plans"},{"not_picked":["Acrobatics","Malaise"],"picked":"Deadly Poison"},{"not_picked":["Well Laid Plans","Dodge and Roll"],"picked":"Noxious Fumes"},{"not_picked":["Choke","Dagger Spray"],"picked":"Catalyst"},{"not_picked":["Sucker Punch","Accuracy"],"picked":"Prepared"},{"not_picked":["Wraith Form","Bullet Time"],"picked":"Envenom"},{"not_picked":["Quick Slash","Choke"],"picked":"Deadly Poison"},{"not_picked":["Masterful Stab","Cloak And Dagger"],"picked":"Deflect"},{"not_picked":["Underhanded Strike","All Out Attack"],"picked":"PiercingWail"},{"not_picked":["Riddle With Holes","Crippling Poison"],"picked":"PiercingWail"},{"not_picked":["Terror","Malaise"],"picked":"Crippling Poison"},{"not_picked":["Masterful Stab","Burst"],"picked":"Prepared"},{"not_picked":["Storm of Steel","Unload"],"picked":"Tools of the Trade"},{"not_picked":["Cloak And Dagger","Crippling Poison"],"picked":"Well Laid Plans"},{"not_picked":["Deadly Poison","Malaise"],"picked":"Prepared"},{"not_picked":["Endless Agony","Poisoned Stab"],"picked":"Acrobatics"},{"not_picked":["Slice","Distraction"],"picked":"Caltrops"}],"player_experience":77458,"potions_floor_usage":[22,22,31,33,36,38],"damage_taken":[{"damage":2,"enemies":"Small Slimes","floor":1,"turns":4},{"damage":0,"enemies":"2 Louse","floor":3,"turns":3},{"damage":0,"enemies":"Jaw Worm","floor":4,"turns":4},{"damage":5,"enemies":"Lagavulin","floor":7,"turns":5},{"damage":8,"enemies":"Red Slaver","floor":12,"turns":3},{"damage":8,"enemies":"Hexaghost","floor":16,"turns":8},{"damage":33,"enemies":"2 Thieves","floor":18,"turns":4},{"damage":21,"enemies":"Chosen","floor":19,"turns":4},{"damage":18,"enemies":"3 Cultists","floor":22,"turns":7},{"damage":8,"enemies":"Centurion and Healer","floor":28,"turns":5},{"damage":2,"enemies":"Snecko","floor":29,"turns":5},{"damage":13,"enemies":"Slaver and Parasite","floor":30,"turns":8},{"damage":4,"enemies":"Centurion and Healer","floor":31,"turns":7},{"damage":7,"enemies":"Champ","floor":33,"turns":6},{"damage":10,"enemies":"3 Shapes","floor":35,"turns":5},{"damage":27,"enemies":"Orb Walker","floor":36,"turns":6},{"damage":11,"enemies":"4 Shapes","floor":38,"turns":5},{"damage":35,"enemies":"Mysterious Sphere","floor":39,"turns":6},{"damage":51,"enemies":"Sphere and 2 Shapes","floor":41,"turns":5}],"event_choices":[{"event_name":"Shining Light","player_choice":"Entered Light","floor":2,"damage_taken":0},{"event_name":"Living Wall","player_choice":"Grow","floor":5,"damage_taken":0},{"event_name":"World of Goop","player_choice":"Left","floor":13,"damage_taken":0},{"event_name":"Scrap Ooze","player_choice":"success","floor":14,"damage_taken":7},{"event_name":"Beggar","player_choice":"Gave Gold","floor":20,"damage_taken":0},{"event_name":"Mysterious Sphere","player_choice":"Fight","floor":39,"damage_taken":0}],"boss_relics":[{"not_picked":["Runic Dome","Lizard Tail"],"picked":"Calling Bell"},{"not_picked":["Astrolabe","Runic Pyramid"],"picked":"The Specimen"}],"potions_floor_spawned":[7,12,16,18,19,29,33,35,36,38],"seed_played":"6720183916063874397","killed_by":"Sphere and 2 Shapes","is_trial":false}