{"gold_per_floor":[17,30,30,43,43,77,77,107,132,115,143,221,233,262,274,286],"floor_reached":16,"playtime":950,"items_purged":[],"score":143,"play_id":"97f39a66-0b12-41ea-bdae-76f3feb7f1cb","local_time":"20180929151128","is_ascension_mode":true,"campfire_choices":[{"floor":7,"key":"REST"},{"floor":13,"key":"REST"},{"data":"Envenom","floor":15,"key":"SMITH"}],"neow_cost":"NO_GOLD","seed_source_timestamp":219372798605578,"circlet_count":0,"master_deck":["Defend_G","Defend_G","Defend_G","Defend_G+1","Defend_G","Strike_G","Strike_G+1","Strike_G","Strike_G","Strike_G","Survivor","Neutralize","Die Die Die+1","Dodge and Roll+1","Skewer","Dagger Throw","PiercingWail","Sucker Punch","Envenom+1"],"relics":["Ring of the Snake","Whetstone","Boot","MawBank"],"potions_floor_usage":[6,16],"damage_taken":[{"damage":0,"enemies":"2 Louse","floor":1,"turns":1},{"damage":0,"enemies":"Jaw Worm","floor":2,"turns":4},{"damage":2,"enemies":"Small Slimes","floor":4,"turns":4},{"damage":46,"enemies":"Lagavulin","floor":6,"turns":10},{"damage":17,"enemies":"Gremlin Nob","floor":8,"turns":4},{"damage":0,"enemies":"Red Slaver","floor":11,"turns":4},{"damage":2,"enemies":"Exordium Wildlife","floor":14,"turns":4},{"damage":45,"enemies":"Hexaghost","floor":16,"turns":14}],"seed_played":"-8037756144272778569","potions_obtained":[{"floor":1,"key":"Regen Potion"},{"floor":2,"key":"Energy Potion"},{"floor":6,"key":"Swift Potion"},{"floor":8,"key":"Energy Potion"}],"is_trial":false,"path_per_floor":["M","M","?","M","?","E","R","E","T","?","M","?","R","M","R"],"character_chosen":"THE_SILENT","items_purchased":[],"campfire_rested":2,"item_purchase_floors":[],"current_hp_per_floor":[63,63,49,47,47,16,37,20,20,20,20,20,41,39,39,0],"gold":286,"neow_bonus":"THREE_RARE_CARDS","is_prod":false,"is_daily":false,"chose_seed":false,"campfire_upgraded":1,"win_rate":0,"timestamp":1538226688,"path_taken":["M","M","?","?","?","E","R","E","T","?","M","?","R","M","R","BOSS"],"build_version":"2018-09-27","purchased_purges":0,"victory":false,"max_hp_per_floor":[70,70,70,70,70,70,70,70,70,70,70,70,70,70,70,70],"card_choices":[{"not_picked":["Unload","Grand Finale"],"picked":"Die Die Die","floor":0},{"not_picked":["Tactician","Prepared"],"picked":"Dodge and Roll","floor":1},{"not_picked":["Distraction","Poisoned Stab"],"picked":"Skewer","floor":2},{"not_picked":["Blade Dance","Bane"],"picked":"Dagger Throw","floor":4},{"not_picked":["Underhanded Strike","Slice"],"picked":"Sucker Punch","floor":6},{"not_picked":["Quick Slash","Concentrate","Catalyst"],"picked":"SKIP","floor":8},{"not_picked":["Sucker Punch","Dagger Spray"],"picked":"Envenom","floor":11},{"not_picked":["Outmaneuver","Underhanded Strike","Poisoned Stab"],"picked":"SKIP","floor":14}],"player_experience":168625,"relics_obtained":[{"floor":6,"key":"Whetstone"},{"floor":8,"key":"Boot"},{"floor":9,"key":"MawBank"}],"event_choices":[{"event_name":"Shining Light","player_choice":"Entered Light","floor":3,"damage_taken":0},{"event_name":"Match and Keep!","player_choice":"1 cards matched","floor":5,"damage_taken":0},{"event_name":"World of Goop","player_choice":"Left","floor":10,"damage_taken":0},{"event_name":"Golden Wing","player_choice":"Gained Gold","floor":12,"damage_taken":0}],"is_beta":true,"boss_relics":[],"items_purged_floors":[],"is_endless":false,"potions_floor_spawned":[1,2,6,8],"killed_by":"Hexaghost","ascension_level":6}