{"gold_per_floor":[116,40,57,57,232,262,262,293,293,293,308,308,322,338,338,443,443,463,122,122,18,32,32],"floor_reached":23,"playtime":701,"items_purged":["Doubt"],"score":325,"play_id":"1574a2ab-62bd-4e26-b5ba-2b6667b5eeca","local_time":"20190103172833","is_ascension_mode":true,"campfire_choices":[{"floor":10,"key":"REST"},{"floor":12,"key":"REST"},{"floor":15,"key":"REST"}],"neow_cost":"NONE","seed_source_timestamp":1131890263635875,"circlet_count":0,"master_deck":["Strike_B","Strike_B+1","Strike_B","Strike_B","Defend_B","Defend_B+1","Defend_B","Defend_B","Zap","Dualcast","Streamline","Doom and Gloom","Melter","Self Repair","Melter","Beam Cell","Self Repair","Rebound","Lockon","Lockon","Fusion","Multi-Cast+1","Go for the Eyes","Stack","Chill","Defragment","White Noise","Steam Power","Auto Shields","White Noise","Steam"],"relics":["Cracked Core","NeowsBlessing","Blue Candle","GremlinMask","Bag of Marbles","Dream Catcher","Orrery","Membership Card","Juzu Bracelet","DollysMirror"],"potions_floor_usage":[14,23],"damage_taken":[{"damage":0,"enemies":"2 Louse","floor":1,"turns":1},{"damage":0,"enemies":"Cultist","floor":3,"turns":1},{"damage":0,"enemies":"Gremlin Nob","floor":6,"turns":1},{"damage":37,"enemies":"Lagavulin","floor":8,"turns":8},{"damage":0,"enemies":"Small Slimes","floor":11,"turns":2},{"damage":3,"enemies":"Looter","floor":13,"turns":2},{"damage":8,"enemies":"Exordium Wildlife","floor":14,"turns":2},{"damage":57,"enemies":"Hexaghost","floor":16,"turns":9},{"damage":0,"enemies":"Spheric Guardian","floor":18,"turns":2},{"damage":47,"enemies":"Shell Parasite","floor":22,"turns":6},{"damage":30,"enemies":"Gremlin Leader","floor":23,"turns":10}],"seed_played":"-3720090515091303869","potions_obtained":[{"floor":3,"key":"Dexterity Potion"},{"floor":6,"key":"GamblersBrew"},{"floor":14,"key":"Fruit Juice"}],"is_trial":false,"path_per_floor":["M","$","M","?","?","E","?","E","T","R","M","R","M","M","R","B",null,"M","$","?","$","M","E"],"character_chosen":"DEFECT","items_purchased":["Doom and Gloom","Membership Card","Juzu Bracelet","Auto Shields","DollysMirror"],"campfire_rested":3,"item_purchase_floors":[2,19,19,19,21],"current_hp_per_floor":[68,68,68,53,53,53,53,23,23,45,45,67,71,68,80,37,69,76,76,76,76,36,6],"gold":32,"neow_bonus":"THREE_ENEMY_KILL","is_prod":false,"is_daily":false,"chose_seed":false,"campfire_upgraded":0,"win_rate":0,"timestamp":1546532913,"path_taken":["M","$","M","?","?","E","?","E","T","R","?","R","M","M","R","BOSS","M","$","?","?","M","E"],"build_version":"2018-12-20","purchased_purges":1,"victory":false,"max_hp_per_floor":[75,75,75,75,75,75,75,75,75,75,75,75,75,80,80,80,80,80,80,80,80,80,80],"card_choices":[{"not_picked":["Barrage","Beam Cell"],"picked":"Streamline","floor":1},{"not_picked":["Redo","Streamline"],"picked":"Melter","floor":3},{"not_picked":["Compile Driver","Scrape"],"picked":"Self Repair","floor":6},{"not_picked":["Streamline","Force Field"],"picked":"Melter","floor":8},{"not_picked":["Go for the Eyes","Steam"],"picked":"Beam Cell","floor":10},{"not_picked":["Melter","Go for the Eyes"],"picked":"Self Repair","floor":11},{"not_picked":["Redo","Genetic Algorithm"],"picked":"Rebound","floor":12},{"not_picked":["Coolheaded","Amplify"],"picked":"Lockon","floor":13},{"not_picked":["Rebound","Reprogram"],"picked":"Lockon","floor":14},{"not_picked":["Undo","Streamline"],"picked":"Fusion","floor":15},{"not_picked":["Hyperbeam","Creative AI"],"picked":"Multi-Cast","floor":16},{"not_picked":["Storm","Sweeping Beam"],"picked":"Go for the Eyes","floor":17},{"not_picked":["Hologram","Rebound"],"picked":"Stack","floor":17},{"not_picked":["Ball Lightning","Blizzard"],"picked":"Chill","floor":17},{"not_picked":["Heatsinks","Thunder Strike"],"picked":"Defragment","floor":17},{"not_picked":["Hologram","Steam"],"picked":"White Noise","floor":17},{"not_picked":["Cold Snap","Hologram"],"picked":"Steam Power","floor":18},{"not_picked":["Turbo","Static Discharge"],"picked":"Steam","floor":22}],"player_experience":500177,"relics_obtained":[{"floor":6,"key":"Blue Candle"},{"floor":8,"key":"Bag of Marbles"},{"floor":9,"key":"Dream Catcher"}],"event_choices":[{"damage_healed":0,"gold_gain":0,"player_choice":"Entered Light","damage_taken":15,"max_hp_gain":0,"max_hp_loss":0,"event_name":"Shining Light","floor":4,"gold_loss":0,"cards_upgraded":["Strike_B","Defend_B"]},{"damage_healed":0,"gold_gain":175,"player_choice":"AGREE","damage_taken":0,"max_hp_gain":0,"max_hp_loss":0,"event_name":"Liars Game","floor":5,"gold_loss":0,"cards_obtained":["Doubt"]},{"damage_healed":0,"gold_gain":0,"player_choice":"Trade","damage_taken":0,"relics_obtained":["GremlinMask"],"max_hp_gain":0,"max_hp_loss":0,"event_name":"FaceTrader","floor":7,"gold_loss":0},{"damage_healed":0,"gold_gain":0,"player_choice":"Upgraded","damage_taken":0,"max_hp_gain":0,"max_hp_loss":0,"event_name":"Upgrade Shrine","floor":20,"gold_loss":0,"cards_upgraded":["Multi-Cast"]}],"is_beta":false,"boss_relics":[{"not_picked":["Astrolabe","Eternal Feather"],"picked":"Orrery"}],"items_purged_floors":[19],"is_endless":false,"potions_floor_spawned":[3,6,14],"killed_by":"Gremlin Leader","ascension_level":9}