{"path_per_floor":["M","$","?","?","T","E","R","?","T","R","?","M","E","M","R","B",null,"M","T","M","$","?","R","E","M","T","R","?","$","E","M","R"],"character_chosen":"DEFECT","items_purchased":["Juzu Bracelet","Cold Snap","Apotheosis","Runic Capacitor","Electrodynamics+1","Glacier"],"gold_per_floor":[318,142,142,142,196,234,234,234,234,234,234,255,295,318,318,449,449,468,514,534,85,85,85,129,144,194,194,194,46,89,105,105,105],"floor_reached":33,"campfire_rested":4,"playtime":1304,"item_purchase_floors":[2,2,21,21,29,29],"current_hp_per_floor":[75,75,57,57,64,39,65,65,65,65,65,60,41,41,67,4,87,69,69,67,67,67,67,43,21,21,47,76,76,44,10,36,0],"items_purged":["Writhe"],"gold":105,"score":347,"play_id":"c35a5536-5103-4df1-a766-5e9aeb18c168","local_time":"20180616100008","is_prod":false,"is_daily":false,"chose_seed":false,"is_ascension_mode":true,"campfire_upgraded":2,"win_rate":0,"timestamp":1529168408,"campfire_choices":[{"floor":7,"key":"REST"},{"data":"Cold Snap","floor":10,"key":"SMITH"},{"floor":15,"key":"REST"},{"data":"Apotheosis","floor":23,"key":"SMITH"},{"floor":27,"key":"REST"},{"floor":32,"key":"REST"}],"path_taken":["M","$","?","?","?","E","R","?","T","R","?","M","E","M","R","BOSS","M","?","M","$","?","R","E","M","T","R","?","?","E","M","R","BOSS"],"build_version":"2018-06-14v2","seed_source_timestamp":214127938060200,"purchased_purges":1,"victory":false,"master_deck":["Strike_B","Strike_B","Strike_B","Defend_B","Defend_B","Defend_B","Defend_B","Zap+1","Dualcast","Cold Snap+1","Ball Lightning","Beam Cell","Loop+1","Multi-Cast","Coolheaded+1","Tempest+1","Apotheosis+1","Streamline","Chaos+1","Injury","Electrodynamics+1","Glacier","Ball Lightning+1","Conserve Battery"],"max_hp_per_floor":[75,75,75,75,82,87,87,87,87,87,87,87,87,87,87,87,87,87,87,87,87,87,87,87,87,87,87,87,87,87,87,87,87],"relics":["Cracked Core","Old Coin","Juzu Bracelet","Golden Idol","Strawberry","Bottled Lightning","Frozen Egg 2","Question Card","Cursed Key","Lantern","Runic Capacitor","Oddly Smooth Stone","Potion Belt","Bronze Scales"],"card_choices":[{"not_picked":["Stack","Recycle","Auto Shields"],"picked":"SKIP","floor":1},{"not_picked":["Barrage","Genetic Algorithm","Buffer"],"picked":"SKIP","floor":6},{"not_picked":["Skim","Blizzard"],"picked":"Ball Lightning","floor":12},{"not_picked":["Scrape","Auto Shields"],"picked":"Beam Cell","floor":13},{"not_picked":["Melter","Double Energy","Tempest"],"picked":"Loop+1","floor":14},{"not_picked":["Echo Form+1","Creative AI+1","Reboot"],"picked":"Multi-Cast","floor":16},{"not_picked":["Go for the Eyes","Streamline+1","Turbo+1"],"picked":"Coolheaded+1","floor":18},{"not_picked":["FTL","Rebound","Barrage"],"picked":"Tempest+1","floor":20},{"not_picked":["Compile Driver","Coolheaded+1","Fission"],"picked":"Streamline","floor":24},{"not_picked":["Steam","Beam Cell+1","Rebound"],"picked":"Chaos+1","floor":25},{"not_picked":["Melter","Hologram+1","Compile Driver"],"picked":"Ball Lightning+1","floor":30},{"not_picked":["Redo+1","BootSequence","Barrage"],"picked":"Conserve Battery","floor":31}],"player_experience":316840,"potions_floor_usage":[6,13,16,18,30,33],"damage_taken":[{"damage":0,"enemies":"Cultist","floor":1,"turns":3},{"damage":30,"enemies":"Gremlin Nob","floor":6,"turns":4},{"damage":5,"enemies":"Jaw Worm","floor":12,"turns":2},{"damage":19,"enemies":"3 Sentries","floor":13,"turns":6},{"damage":0,"enemies":"2 Louse","floor":14,"turns":2},{"damage":63,"enemies":"Hexaghost","floor":16,"turns":10},{"damage":18,"enemies":"3 Byrds","floor":18,"turns":3},{"damage":2,"enemies":"Chosen","floor":20,"turns":5},{"damage":24,"enemies":"Book of Stabbing","floor":24,"turns":5},{"damage":22,"enemies":"Centurion and Healer","floor":25,"turns":4},{"damage":32,"enemies":"Slavers","floor":30,"turns":3},{"damage":34,"enemies":"Snake Plant","floor":31,"turns":3},{"damage":51,"enemies":"Collector","floor":33,"turns":6}],"relics_obtained":[{"floor":5,"key":"Strawberry"},{"floor":6,"key":"Bottled Lightning"},{"floor":9,"key":"Frozen Egg 2"},{"floor":13,"key":"Question Card"},{"floor":19,"key":"Lantern"},{"floor":24,"key":"Oddly Smooth Stone"},{"floor":26,"key":"Potion Belt"},{"floor":30,"key":"Bronze Scales"}],"event_choices":[{"event_name":"Golden Idol","player_choice":"Take Damage","floor":3,"damage_taken":0},{"event_name":"The Lab","player_choice":"Got Potions","floor":4,"damage_taken":0},{"event_name":"Upgrade Shrine","player_choice":"Upgraded","floor":8,"damage_taken":0},{"event_name":"Living Wall","player_choice":"Forget","floor":11,"damage_taken":0},{"event_name":"Drug Dealer","player_choice":"Ignored","floor":22,"damage_taken":0},{"event_name":"The Library","player_choice":"Heal","floor":28,"damage_taken":0}],"boss_relics":[{"not_picked":["Astrolabe","Orrery"],"picked":"Cursed Key"}],"items_purged_floors":[21],"is_endless":false,"potions_floor_spawned":[12,16,20,24,25],"seed_played":"-5429741472264192291","killed_by":"Collector","ascension_level":4,"potions_obtained":[{"floor":4,"key":"Fruit Juice"},{"floor":4,"key":"Energy Potion"},{"floor":4,"key":"SmokeBomb"},{"floor":12,"key":"Energy Potion"},{"floor":16,"key":"Explosive Potion"},{"floor":20,"key":"LiquidBronze"},{"floor":24,"key":"Dexterity Potion"},{"floor":25,"key":"PowerPotion"}],"is_trial":false}