{"gold_per_floor":[115,115,135,155,155,155,155,155,182,182,221,221,24,44,44,165,165,180,37,37,37,56,56,96,96,96,120,120,145,169,194,194,194],"floor_reached":33,"playtime":1551,"items_purged":[],"score":345,"play_id":"325a4884-6c3f-4aea-bfa8-7937156ed369","local_time":"20180915233338","is_ascension_mode":true,"campfire_choices":[{"floor":6,"key":"REST"},{"data":"Zap","floor":8,"key":"SMITH"},{"data":"Gash","floor":10,"key":"SMITH"},{"floor":15,"key":"REST"},{"floor":23,"key":"REST"},{"floor":25,"key":"REST"},{"floor":28,"key":"REST"},{"floor":32,"key":"REST"}],"neow_cost":"NONE","seed_source_timestamp":37972780570075,"circlet_count":0,"master_deck":["Strike_B","Strike_B+1","Strike_B","Strike_B+1","Defend_B+1","Defend_B","Defend_B","Defend_B","Zap+1","Dualcast+1","Double Energy","Gash+1","Sweeping Beam+1","Rebound","Apotheosis","Electrodynamics","Steam Power+1","Parasite","Clumsy","Hologram+1","Tempest+1","Double Energy","Static Discharge"],"relics":["Cracked Core","Pear","Golden Idol","Whetstone","Symbiotic Virus","Cursed Key","Regal Pillow","Torii","Bottled Flame","Kunai"],"potions_floor_usage":[4,11,22,31,33],"damage_taken":[{"damage":3,"enemies":"Small Slimes","floor":1,"turns":4},{"damage":0,"enemies":"Jaw Worm","floor":3,"turns":4},{"damage":1,"enemies":"Cultist","floor":4,"turns":3},{"damage":12,"enemies":"Gremlin Nob","floor":11,"turns":3},{"damage":15,"enemies":"3 Louse","floor":14,"turns":3},{"damage":32,"enemies":"Hexaghost","floor":16,"turns":8},{"damage":16,"enemies":"Spheric Guardian","floor":18,"turns":4},{"damage":0,"enemies":"Chosen","floor":22,"turns":3},{"damage":22,"enemies":"Slavers","floor":24,"turns":3},{"damage":23,"enemies":"Centurion and Healer","floor":27,"turns":3},{"damage":14,"enemies":"Cultist and Chosen","floor":29,"turns":4},{"damage":38,"enemies":"Shelled Parasite and Fungi","floor":30,"turns":4},{"damage":0,"enemies":"3 Cultists","floor":31,"turns":2},{"damage":83,"enemies":"Automaton","floor":33,"turns":6}],"seed_played":"3842986117366772616","potions_obtained":[{"floor":1,"key":"SkillPotion"},{"floor":3,"key":"SteroidPotion"},{"floor":18,"key":"Ancient Potion"},{"floor":30,"key":"Regen Potion"},{"floor":31,"key":"EssenceOfSteel"}],"is_trial":false,"path_per_floor":["M","?","M","M","?","R","?","R","T","R","E","?","$","M","R","B",null,"M","$","?","T","M","R","E","R","T","M","R","M","M","M","R"],"character_chosen":"DEFECT","items_purchased":["Apotheosis","Regal Pillow"],"campfire_rested":6,"item_purchase_floors":[13,19],"current_hp_per_floor":[65,50,50,49,47,72,72,72,72,72,60,60,60,45,68,36,68,52,52,52,52,52,79,57,79,79,56,79,65,27,32,70,0],"gold":194,"neow_bonus":"UPGRADE_CARD","is_prod":false,"is_daily":false,"chose_seed":false,"campfire_upgraded":2,"win_rate":0,"timestamp":1537047218,"path_taken":["M","?","M","M","?","R","?","R","T","R","E","?","$","M","R","BOSS","M","$","?","?","?","R","E","R","T","M","R","M","M","M","R","BOSS"],"build_version":"2018-09-06","purchased_purges":0,"victory":false,"max_hp_per_floor":[75,75,75,75,85,85,79,79,79,79,79,79,79,79,79,79,79,79,79,79,79,79,79,79,79,79,79,79,79,79,79,79,79],"card_choices":[{"not_picked":["Steam","Skim"],"picked":"Double Energy","floor":1},{"not_picked":["Go for the Eyes","Stack"],"picked":"Gash","floor":3},{"not_picked":["Scrape","Force Field"],"picked":"Sweeping Beam","floor":4},{"not_picked":["Loop","Thunder Strike"],"picked":"Rebound","floor":11},{"not_picked":["Streamline","Heatsinks","Tempest"],"picked":"SKIP","floor":14},{"not_picked":["Core Surge","Thunder Strike"],"picked":"Electrodynamics","floor":16},{"not_picked":["Beam Cell+1","Undo+1"],"picked":"Steam Power+1","floor":18},{"not_picked":["Hello World","Force Field","Stack"],"picked":"SKIP","floor":22},{"not_picked":["Steam Power","Conserve Battery","Auto Shields"],"picked":"SKIP","floor":24},{"not_picked":["Sweeping Beam+1","Streamline"],"picked":"Hologram+1","floor":27},{"not_picked":["Stack+1","Hello World+1"],"picked":"Tempest+1","floor":29},{"not_picked":["Heatsinks","Compile Driver"],"picked":"Double Energy","floor":30},{"not_picked":["Blizzard","Hologram"],"picked":"Static Discharge","floor":31}],"player_experience":204058,"relics_obtained":[{"floor":9,"key":"Whetstone"},{"floor":11,"key":"Symbiotic Virus"},{"floor":21,"key":"Torii"},{"floor":24,"key":"Bottled Flame"},{"floor":26,"key":"Kunai"}],"event_choices":[{"event_name":"Shining Light","player_choice":"Entered Light","floor":2,"damage_taken":0},{"event_name":"Scrap Ooze","player_choice":"success","floor":5,"damage_taken":12},{"event_name":"Golden Idol","player_choice":"Lose Max HP","floor":7,"damage_taken":0},{"event_name":"Dead Adventurer","player_choice":"Searched \u00271\u0027 times","floor":12,"damage_taken":0},{"event_name":"Ghosts","player_choice":"Ignored","floor":20,"damage_taken":0}],"is_beta":false,"boss_relics":[{"not_picked":["Calling Bell","FrozenCore"],"picked":"Cursed Key"}],"items_purged_floors":[],"is_endless":false,"potions_floor_spawned":[1,3,18,30,31],"killed_by":"Automaton","ascension_level":6}