{"path_per_floor":["M","M","$","M","M","E","M","M","T","E","R","E","M","M","R","B",null,"M","M","M","M","?","E","?","M","T","M","R","M","M","M","R"],"character_chosen":"IRONCLAD","items_purchased":["Uppercut","Warcry"],"gold_per_floor":[118,129,15,35,49,81,91,103,103,136,136,170,183,198,198,295,295,250,250,250,250,165,165,165,165,165,165,165,165,165,165,165],"floor_reached":33,"campfire_rested":4,"playtime":2375,"current_hp_per_floor":[80,80,80,80,73,59,54,45,45,29,55,44,41,47,73,32,87,72,68,65,49,49,29,29,11,11,7,33,29,27,23,49],"items_purged":[],"gold":165,"score":326,"play_id":"460bf34e-0999-4aa3-b3d9-53b78a914957","local_time":"20180317230907","is_prod":false,"is_daily":false,"is_ascension_mode":false,"campfire_upgraded":0,"timestamp":1521328147,"path_taken":["M","M","?","?","M","E","M","M","T","E","R","E","?","?","R","BOSS","M","M","M","M","?","E","?","M","T","M","R","M","M","M","R","BOSS"],"build_version":"2018-03-15v2","purchased_purges":0,"victory":false,"master_deck":["Strike_R","Strike_R","Strike_R","Strike_R","Defend_R","Defend_R","Defend_R","Defend_R","Bash","Pummel","Clash","Cleave","Uppercut","Warcry","Perfected Strike","Perfected Strike","Pummel","Disarm","Seeing Red","Clash","Shockwave","Perfected Strike","Heavy Blade","Cleave","Cleave+1","Twin Strike+1","Clash","Inflame","Bash","Uppercut+1","Perfected Strike","Rampage","Clash","Clash"],"max_hp_per_floor":[80,80,80,80,80,87,87,87,87,87,87,87,87,87,87,87,87,87,87,87,87,87,87,87,87,87,87,87,87,87,87,87],"relics":["Burning Blood","Strawberry","Bird Faced Urn","Kunai","Shuriken","Ectoplasm","Anchor","Juzu Bracelet","Frozen Eye"],"card_choices":[{"not_picked":["Headbutt","True Grit"],"picked":"Clash"},{"not_picked":["Brutality","Burning Pact"],"picked":"Cleave"},{"not_picked":["Flame Barrier","True Grit"],"picked":"Perfected Strike"},{"not_picked":["Iron Wave","Pummel"],"picked":"Perfected Strike"},{"not_picked":["Seeing Red","Corruption"],"picked":"Pummel"},{"not_picked":["Clash","Iron Wave"],"picked":"Disarm"},{"not_picked":["Corruption","Pommel Strike"],"picked":"Seeing Red"},{"not_picked":["Flex","Ghostly Armor"],"picked":"Clash"},{"not_picked":["Power Through","Warcry"],"picked":"Shockwave"},{"not_picked":["Sword Boomerang","Feed"],"picked":"Perfected Strike"},{"not_picked":["Headbutt","Bloodletting"],"picked":"Heavy Blade"},{"not_picked":["Armaments","Clash"],"picked":"Cleave"},{"not_picked":["Clothesline","Fiend Fire"],"picked":"Cleave"},{"not_picked":["Flame Barrier","Headbutt"],"picked":"Twin Strike"},{"not_picked":["Second Wind","Barricade"],"picked":"Clash"},{"not_picked":["Pommel Strike","Seeing Red"],"picked":"Uppercut"},{"not_picked":["Pommel Strike","Carnage"],"picked":"Perfected Strike"},{"not_picked":["Second Wind","Blood for Blood"],"picked":"Rampage"},{"not_picked":["Cleave","Reckless Charge"],"picked":"Clash"},{"not_picked":["Whirlwind","Clothesline"],"picked":"Clash"}],"player_experience":8574,"potions_floor_usage":[10,16,21,21,23,33,33,33],"damage_taken":[{"damage":6,"enemies":"Cultist","floor":1,"turns":3},{"damage":0,"enemies":"Small Slimes","floor":2,"turns":3},{"damage":2,"enemies":"2 Louse","floor":4,"turns":2},{"damage":13,"enemies":"Red Slaver","floor":5,"turns":2},{"damage":27,"enemies":"3 Sentries","floor":6,"turns":5},{"damage":11,"enemies":"Gremlin Gang","floor":7,"turns":4},{"damage":15,"enemies":"Looter","floor":8,"turns":3},{"damage":22,"enemies":"Lagavulin","floor":10,"turns":5},{"damage":17,"enemies":"3 Sentries","floor":12,"turns":5},{"damage":9,"enemies":"Exordium Wildlife","floor":13,"turns":3},{"damage":0,"enemies":"2 Fungi Beasts","floor":14,"turns":2},{"damage":47,"enemies":"Slime Boss","floor":16,"turns":11},{"damage":21,"enemies":"2 Thieves","floor":18,"turns":3},{"damage":10,"enemies":"Spheric Guardian","floor":19,"turns":3},{"damage":9,"enemies":"Snecko","floor":20,"turns":3},{"damage":22,"enemies":"Centurion and Healer","floor":21,"turns":3},{"damage":26,"enemies":"Book of Stabbing","floor":23,"turns":5},{"damage":26,"enemies":"Sentry and Sphere","floor":25,"turns":4},{"damage":10,"enemies":"Cultist and Chosen","floor":27,"turns":3},{"damage":12,"enemies":"Snecko","floor":29,"turns":4},{"damage":10,"enemies":"Sentry and Sphere","floor":30,"turns":3},{"damage":10,"enemies":"Snake Plant","floor":31,"turns":3},{"damage":64,"enemies":"Collector","floor":33,"turns":6}],"event_choices":[{"event_name":"Addict","player_choice":"Obtained Relic","floor":22,"damage_taken":0},{"event_name":"Match and Keep!","player_choice":"2 cards matched","floor":24,"damage_taken":0}],"boss_relics":[{"not_picked":["Runic Cube","Tiny House"],"picked":"Ectoplasm"}],"potions_floor_spawned":[4,6,7,12,13,16,19,25,27,30,31],"seed_played":"803971366425254549","killed_by":"Collector","ascension_level":0,"is_trial":false}