{"path_per_floor":["M","M","?","M","M","E","R","E","T","$","M","E","M","M","R"],"character_chosen":"THE_SILENT","items_purchased":["Vajra"],"gold_per_floor":[118,135,135,155,174,204,204,239,294,67,78,103,116,127,127],"floor_reached":16,"campfire_rested":0,"playtime":1185,"current_hp_per_floor":[63,61,61,61,61,45,45,36,36,36,36,36,36,36,36],"items_purged":["Defend_G"],"gold":127,"score":136,"play_id":"12879b06-6a4e-485e-a79c-c7b7a23c1d89","is_prod":false,"is_daily":false,"is_ascension_mode":true,"campfire_upgraded":2,"path_taken":["M","M","?","M","M","E","R","E","T","?","M","E","?","M","R","BOSS"],"build_version":"2018-02-12-PROD1","purchased_purges":1,"victory":false,"master_deck":["Defend_G","Defend_G","Defend_G","Defend_G","Strike_G","Strike_G","Strike_G","Strike_G","Strike_G","Survivor","Neutralize+1","Dagger Throw","Flying Knee","Doubt","Backstab","Outmaneuver+1","Heel Hook","Footwork","Sucker Punch","Distraction"],"max_hp_per_floor":[70,70,70,70,70,70,70,72,72,72,72,81,81,81,81],"relics":["Ring of the Snake","Du-Vu Doll","Bottled Lightning","Singing Bowl","Ancient Tea Set","Vajra","Strawberry"],"card_choices":[{"not_picked":["Quick Slash","Bane"],"picked":"Dagger Throw"},{"not_picked":["Predator","Acrobatics"],"picked":"Flying Knee"},{"not_picked":["Prepared","Calculated Gamble"],"picked":"Backstab"},{"not_picked":["Prepared","Calculated Gamble"],"picked":"Outmaneuver"},{"not_picked":["Slice","Well Laid Plans"],"picked":"Heel Hook"},{"not_picked":["Expertise","Underhanded Strike"],"picked":"Footwork"},{"not_picked":["Blade Dance","Caltrops"],"picked":"Sucker Punch"},{"not_picked":["Flechettes","All Out Attack"],"picked":"Distraction"}],"player_experience":117301,"potions_floor_usage":[5,6,8,16,16],"damage_taken":[{"damage":7,"enemies":"Small Slimes","floor":1,"turns":4},{"damage":2,"enemies":"Blue Slaver","floor":2,"turns":4},{"damage":0,"enemies":"Cultist","floor":4,"turns":3},{"damage":0,"enemies":"Gremlin Gang","floor":5,"turns":5},{"damage":16,"enemies":"Gremlin Nob","floor":6,"turns":5},{"damage":11,"enemies":"3 Sentries","floor":8,"turns":7},{"damage":0,"enemies":"Large Slime","floor":11,"turns":5},{"damage":9,"enemies":"Gremlin Nob","floor":12,"turns":4},{"damage":0,"enemies":"3 Louse","floor":13,"turns":2},{"damage":0,"enemies":"2 Fungi Beasts","floor":14,"turns":2},{"damage":48,"enemies":"The Guardian","floor":16,"turns":10}],"event_choices":[{"event_name":"Transmorgrifier","player_choice":"Transform","floor":3,"damage_taken":0}],"boss_relics":[],"potions_floor_spawned":[2,4,6,12,14],"seed_played":"2999619056932656146","killed_by":"The Guardian","ascension_level":2,"is_trial":false}