{"gold_per_floor":[109,121,121,121,32,62,81,81,112,112,123,133,133,51,51,155,155,170,85,85,85],"floor_reached":21,"playtime":965,"items_purged":[],"score":277,"play_id":"b143cd7a-cd0b-46e7-bd9b-faa5995bf527","local_time":"20190215232514","is_ascension_mode":false,"campfire_choices":[{"data":"hubris:Insight","floor":8,"key":"SMITH"},{"data":"Slimebound:MassRepurpose","floor":15,"key":"SMITH"}],"neow_cost":"","seed_source_timestamp":129481892193797,"circlet_count":0,"master_deck":["Slimebound:Strike_Slimebound+1","Slimebound:Strike_Slimebound+1","Slimebound:Strike_Slimebound+1","Slimebound:Tackle","Slimebound:Defend_Slimebound+1","Slimebound:Defend_Slimebound+1","Slimebound:Defend_Slimebound+1","Slimebound:Defend_Slimebound+1","Slimebound:Split","Slimebound:CorrosiveSpit","Slimebound:SplitLeeching","Slimebound:SplitLeeching+1","Slimebound:Repurpose","hubris:Insight+1","Slimebound:HauntingLick","Slimebound:MassRepurpose+1","strawberrySpire:ExtraUtilities","Slimebound:OozeBath"],"relics":["Slimebound:AbsorbEndCombatUpgraded","Omamori","Rawhide","Slimebound:SlimedTailRelic","Molten Egg 2","strawberrySpire:Dreamfruit","Turnip"],"potions_floor_usage":[6,9,16,18],"damage_taken":[{"damage":9,"enemies":"Cultist","floor":1,"turns":5},{"damage":12,"enemies":"Small Slimes","floor":2,"turns":4},{"damage":26,"enemies":"Lagavulin","floor":6,"turns":6},{"damage":16,"enemies":"Jaw Worm","floor":7,"turns":5},{"damage":20,"enemies":"Exordium Thugs","floor":9,"turns":5},{"damage":21,"enemies":"Exordium Thugs","floor":11,"turns":5},{"damage":20,"enemies":"Red Slaver","floor":12,"turns":2},{"damage":22,"enemies":"Slime Boss","floor":16,"turns":7},{"damage":29,"enemies":"2 Thieves","floor":18,"turns":3},{"damage":28,"enemies":"Colosseum Slavers","floor":21,"turns":4},{"damage":51,"enemies":"Colosseum Nobs","floor":21,"turns":4}],"seed_played":"93486190542853653","potions_obtained":[{"floor":2,"key":"PowerPotion"},{"floor":7,"key":"FearPotion"},{"floor":11,"key":"Dexterity Potion"},{"floor":16,"key":"Explosive Potion"},{"floor":18,"key":"GamblersBrew"}],"is_trial":false,"path_per_floor":["M","M","?","?","$","E","M","R","MIM","?","M","M","R","$","R","B",null,"M","?","?","?"],"character_chosen":"SLIMEBOUND","items_purchased":["Omamori","Slimebound:SplitLeeching","hubris:Insight","strawberrySpire:ExtraUtilities"],"campfire_rested":0,"item_purchase_floors":[0,0,5,14],"current_hp_per_floor":[70,70,70,70,70,70,68,68,66,66,61,46,46,46,46,29,70,53,53,53,0],"gold":85,"neow_bonus":"","is_prod":false,"is_daily":false,"chose_seed":false,"campfire_upgraded":2,"win_rate":0,"timestamp":1550291114,"path_taken":["M","M","?","?","?","E","M","R","MIM","?","M","M","R","$","R","BOSS","M","?","?","?"],"build_version":"2019-01-23","purchased_purges":0,"victory":false,"max_hp_per_floor":[70,70,70,70,70,70,70,70,70,70,70,70,70,70,70,70,70,70,70,70,70],"card_choices":[{"not_picked":["Slimebound:FlameTackle","Slimebound:DisruptingSlam"],"picked":"Slimebound:SplitLeeching","floor":1},{"not_picked":["Slimebound:LeechEnergy","Slimebound:SelfFormingGoo"],"picked":"Slimebound:Repurpose","floor":2},{"not_picked":["Slimebound:ViciousTackle","Slimebound:DivideAndConquer","Slimebound:Lick"],"picked":"SKIP","floor":6},{"not_picked":["Slimebound:LivingWall","Slimebound:VenomTackle","Slimebound:Prepare"],"picked":"SKIP","floor":7},{"not_picked":["Slimebound:PoisonLick","Slimebound:LeechingTouch"],"picked":"Slimebound:HauntingLick","floor":9},{"not_picked":["Slimebound:DivideAndConquer","Slimebound:LeechingTouch+1"],"picked":"Slimebound:MassRepurpose","floor":11},{"not_picked":["Slimebound:VenomTackle+1","Slimebound:LeechingTouch+1","Slimebound:SplitLeeching"],"picked":"SKIP","floor":12},{"not_picked":["Slimebound:Overexert","Slimebound:WasteNot"],"picked":"Slimebound:OozeBath","floor":16},{"not_picked":["Slimebound:Lick","Slimebound:PressTheAttack+1","Slimebound:ComboTackle+1"],"picked":"SKIP","floor":18}],"player_experience":708691,"relics_obtained":[{"floor":6,"key":"Slimebound:SlimedTailRelic"},{"floor":9,"key":"Molten Egg 2"},{"floor":13,"key":"strawberrySpire:Dreamfruit"}],"event_choices":[{"damage_healed":0,"gold_gain":0,"player_choice":"Grow","damage_taken":0,"max_hp_gain":0,"max_hp_loss":0,"event_name":"Living Wall","floor":3,"gold_loss":0,"cards_upgraded":["Slimebound:SplitLeeching"]},{"damage_healed":0,"gold_gain":0,"player_choice":"Box","damage_taken":0,"relics_obtained":["Rawhide"],"max_hp_gain":0,"max_hp_loss":0,"event_name":"Big Fish","floor":4,"gold_loss":0,"cards_obtained":["Regret"]},{"damage_healed":0,"gold_gain":0,"player_choice":"Obtained Relic","damage_taken":0,"relics_obtained":["Turnip"],"max_hp_gain":0,"max_hp_loss":0,"event_name":"Addict","floor":19,"gold_loss":85},{"damage_healed":0,"gold_gain":0,"player_choice":"Simplicity","damage_taken":0,"max_hp_gain":0,"max_hp_loss":0,"event_name":"Back to Basics","floor":20,"gold_loss":0,"cards_upgraded":[]},{"damage_healed":0,"gold_gain":0,"player_choice":"Fight","damage_taken":0,"max_hp_gain":0,"max_hp_loss":0,"event_name":"Colosseum","floor":21,"gold_loss":0},{"damage_healed":0,"gold_gain":0,"player_choice":"Fought Nobs","damage_taken":0,"max_hp_gain":0,"max_hp_loss":0,"event_name":"Colosseum","floor":21,"gold_loss":0}],"is_beta":false,"boss_relics":[{"not_picked":["strawberrySpire:SolarisEssence","Empty Cage"],"picked":"Slimebound:AbsorbEndCombatUpgraded"}],"items_purged_floors":[],"is_endless":false,"potions_floor_spawned":[2,7,11,16,18],"killed_by":"Colosseum Nobs","ascension_level":0}