{"gold_per_floor":[12,31,206,222,222,222,238,273,273,238,272,78,118,118],"floor_reached":14,"playtime":952,"items_purged":[],"score":124,"play_id":"1e4c3345-5416-44cb-9028-0fb9a73e36b2","local_time":"20180904201323","is_ascension_mode":true,"campfire_choices":[{"data":"Demon Form","floor":6,"key":"SMITH"}],"neow_cost":"NO_GOLD","seed_source_timestamp":362949327860649,"circlet_count":0,"master_deck":["Strike_R","Strike_R","Strike_R","Strike_R","Strike_R","Defend_R","Defend_R","Defend_R","Defend_R","Bash","Demon Form+1","Inflame","Heavy Blade","Doubt","Rupture","Injury","Thunderclap","Iron Wave","Shrug It Off","Thunderclap"],"relics":["Burning Blood","Golden Idol","Ginger","Frozen Egg 2","Kunai","Cauldron","Omamori"],"potions_floor_usage":[13,13,13,14],"damage_taken":[{"damage":5,"enemies":"Small Slimes","floor":1,"turns":5},{"damage":12,"enemies":"2 Louse","floor":2,"turns":4},{"damage":5,"enemies":"Jaw Worm","floor":4,"turns":6},{"damage":27,"enemies":"3 Louse","floor":7,"turns":5},{"damage":23,"enemies":"Gremlin Nob","floor":8,"turns":4},{"damage":25,"enemies":"3 Sentries","floor":11,"turns":6},{"damage":15,"enemies":"Lagavulin","floor":13,"turns":8},{"damage":11,"enemies":"Lots of Slimes","floor":14,"turns":1}],"seed_played":"6105258643620730086","potions_obtained":[{"floor":1,"key":"Swift Potion"},{"floor":11,"key":"PowerPotion"},{"floor":12,"key":"Block Potion"},{"floor":12,"key":"Dexterity Potion"},{"floor":12,"key":"SpeedPotion"},{"floor":13,"key":"Strength Potion"}],"is_trial":false,"path_per_floor":["M","M","?","M","?","R","M","E","T","?","E","$","E"],"character_chosen":"IRONCLAD","items_purchased":["Cauldron"],"campfire_rested":0,"item_purchase_floors":[12],"current_hp_per_floor":[80,74,74,75,75,75,54,37,37,37,18,18,9,0],"gold":118,"neow_bonus":"THREE_RARE_CARDS","is_prod":false,"is_daily":false,"chose_seed":false,"campfire_upgraded":1,"win_rate":0,"timestamp":1536084803,"path_taken":["M","M","?","M","?","R","M","E","T","?","E","$","E","M"],"build_version":"2018-08-30","purchased_purges":0,"victory":false,"max_hp_per_floor":[80,80,80,80,80,80,80,80,80,80,80,80,80,80],"card_choices":[{"not_picked":["Bludgeon","Juggernaut"],"picked":"Demon Form","floor":0},{"not_picked":["Shrug It Off","True Grit"],"picked":"Inflame","floor":1},{"not_picked":["Iron Wave","Reckless Charge"],"picked":"Heavy Blade","floor":2},{"not_picked":["Headbutt","Sword Boomerang"],"picked":"Rupture","floor":4},{"not_picked":["Pummel","Inflame"],"picked":"Thunderclap","floor":7},{"not_picked":["Clash","Disarm"],"picked":"Iron Wave","floor":8},{"not_picked":["Clash","Dark Embrace+1"],"picked":"Shrug It Off","floor":11},{"not_picked":["Headbutt","Intimidate"],"picked":"Thunderclap","floor":13}],"player_experience":102343,"relics_obtained":[{"floor":8,"key":"Ginger"},{"floor":9,"key":"Frozen Egg 2"},{"floor":11,"key":"Kunai"},{"floor":13,"key":"Omamori"}],"event_choices":[{"event_name":"Liars Game","player_choice":"agreed","floor":3,"damage_taken":0},{"event_name":"Golden Idol","player_choice":"Take Wound","floor":5,"damage_taken":0},{"event_name":"World of Goop","player_choice":"Left","floor":10,"damage_taken":0}],"is_beta":false,"boss_relics":[],"items_purged_floors":[],"is_endless":false,"potions_floor_spawned":[1,11,13],"killed_by":"Lots of Slimes","ascension_level":3}