{"gold_per_floor":[112,130,149,74,93,93,107,107,134,146,156,156,156,169,169,273,273,291,566,153,167,179,179],"floor_reached":23,"playtime":1981,"items_purged":["Regret"],"score":299,"play_id":"20f1a95e-a95b-4d82-b5d0-b9bd42dd752d","local_time":"20180919135026","is_ascension_mode":true,"campfire_choices":[{"floor":6,"key":"REST"},{"floor":8,"key":"REST"},{"floor":13,"key":"REST"},{"data":"Dualcast","floor":15,"key":"SMITH"}],"neow_cost":"NONE","seed_source_timestamp":348152233464835,"circlet_count":0,"master_deck":["Strike_B","Strike_B","Strike_B+1","Strike_B","Defend_B","Defend_B","Defend_B","Defend_B","Zap","Dualcast+1","AscendersBane","Creative AI","Ball Lightning","Ball Lightning","BootSequence","Doom and Gloom","Leap","Storm","Darkness","Tempest","Conserve Battery","Multi-Cast","Auto Shields","Streamline+1","Skim","Rebound+1"],"relics":["Cracked Core","Happy Flower","Pen Nib","Sozu","Blood Vial","Whetstone"],"potions_floor_usage":[2,5,11,16,23],"damage_taken":[{"damage":9,"enemies":"2 Louse","floor":1,"turns":3},{"damage":10,"enemies":"Small Slimes","floor":2,"turns":3},{"damage":1,"enemies":"Cultist","floor":3,"turns":3},{"damage":11,"enemies":"Exordium Thugs","floor":5,"turns":4},{"damage":8,"enemies":"3 Louse","floor":7,"turns":3},{"damage":0,"enemies":"Exordium Wildlife","floor":10,"turns":4},{"damage":2,"enemies":"Lots of Slimes","floor":11,"turns":3},{"damage":16,"enemies":"2 Fungi Beasts","floor":14,"turns":3},{"damage":31,"enemies":"The Guardian","floor":16,"turns":8},{"damage":11,"enemies":"Spheric Guardian","floor":18,"turns":3},{"damage":29,"enemies":"2 Thieves","floor":21,"turns":4},{"damage":24,"enemies":"Snake Plant","floor":22,"turns":4},{"damage":5,"enemies":"Book of Stabbing","floor":23,"turns":2}],"seed_played":"-1828781074356718911","potions_obtained":[{"floor":1,"key":"Swift Potion"},{"floor":3,"key":"Energy Potion"},{"floor":10,"key":"SkillPotion"},{"floor":14,"key":"LiquidBronze"},{"floor":16,"key":"SteroidPotion"}],"is_trial":false,"path_per_floor":["M","M","M","$","M","R","M","R","T","M","M","?","R","M","R","B",null,"M","?","$","M","M"],"character_chosen":"DEFECT","items_purchased":["Doom and Gloom","Blood Vial","Streamline","Whetstone"],"campfire_rested":3,"item_purchase_floors":[4,20,20,20],"current_hp_per_floor":[59,49,48,48,37,59,51,73,73,73,71,53,75,59,59,28,63,52,52,52,25,3,0],"gold":179,"neow_bonus":"ONE_RANDOM_RARE_CARD","is_prod":false,"is_daily":false,"chose_seed":false,"campfire_upgraded":1,"win_rate":0,"timestamp":1537357826,"path_taken":["M","M","M","$","M","R","M","R","T","M","M","?","R","M","R","BOSS","M","?","$","M","M","E"],"build_version":"2018-09-06","purchased_purges":1,"victory":false,"max_hp_per_floor":[75,75,75,75,75,75,75,75,75,75,75,75,75,75,75,75,75,75,75,75,75,75,75],"card_choices":[{"not_picked":["Melter","Conserve Battery"],"picked":"Ball Lightning","floor":1},{"not_picked":["Gash","Blizzard"],"picked":"Ball Lightning","floor":2},{"not_picked":["Streamline","Cold Snap"],"picked":"BootSequence","floor":3},{"not_picked":["Compile Driver","Fusion"],"picked":"Leap","floor":5},{"not_picked":["Chill","Beam Cell"],"picked":"Storm","floor":7},{"not_picked":["Rip and Tear","Fusion"],"picked":"Darkness","floor":10},{"not_picked":["Barrage","Redo"],"picked":"Tempest","floor":11},{"not_picked":["Blizzard","Recycle"],"picked":"Conserve Battery","floor":14},{"not_picked":["Creative AI","Meteor Strike"],"picked":"Multi-Cast","floor":16},{"not_picked":["Blizzard","Doom and Gloom"],"picked":"Auto Shields","floor":18},{"not_picked":["Compile Driver","Chaos"],"picked":"Skim","floor":21},{"not_picked":["Go for the Eyes","Lockon"],"picked":"Rebound+1","floor":22}],"player_experience":402850,"relics_obtained":[{"floor":9,"key":"Happy Flower"}],"event_choices":[{"event_name":"Scrap Ooze","player_choice":"success","floor":12,"damage_taken":18},{"event_name":"Golden Shrine","player_choice":"Desecrate","floor":19,"damage_taken":0}],"is_beta":false,"boss_relics":[{"not_picked":["FrozenCore","Ectoplasm"],"picked":"Sozu"}],"items_purged_floors":[20],"is_endless":false,"potions_floor_spawned":[1,3,10,14,16,22],"killed_by":"Book of Stabbing","ascension_level":12}