{"gold_per_floor":[115,133,83,99,118,143,143,175,201,54,54,86,11,46,46,147,147,164,174,174,187,202,202,232,244,256,268,310,338,16,28,28,125,125,142,442,452,3,3,38,38,38,38,56,56,68,93,106,106,106],"floor_reached":51,"playtime":2256,"items_purged":["Strike_R","Strike_R","Defend_R"],"score":1023,"play_id":"780ff042-1a80-471c-b327-f5d8ad10632a","local_time":"20181007183722","is_ascension_mode":true,"campfire_choices":[{"data":"Uppercut","floor":7,"key":"SMITH"},{"data":"True Grit","floor":11,"key":"SMITH"},{"data":"Inflame","floor":15,"key":"SMITH"},{"data":"Immolate","floor":23,"key":"SMITH"},{"data":"Bludgeon","floor":25,"key":"SMITH"},{"data":"Shockwave","floor":27,"key":"SMITH"},{"floor":32,"key":"REST"},{"data":"Metallicize","floor":41,"key":"SMITH"},{"floor":45,"key":"REST"},{"data":"Enlightenment","floor":49,"key":"PURGE"}],"neow_cost":"NONE","seed_source_timestamp":190806213121933,"circlet_count":0,"master_deck":["Strike_R+1","Defend_R","Defend_R","Bash+1","Immolate+1","Inflame+1","Sword Boomerang","Uppercut+1","Shrug It Off","True Grit+1","Feed","Bludgeon+1","Burning Pact","Flame Barrier+1","Shockwave+1","Shrug It Off","Corruption","Metallicize+1","Dark Embrace","Dropkick+1","Warcry+1","Spot Weakness+1"],"relics":["Burning Blood","PreservedInsect","Bag of Marbles","Potion Belt","Whetstone","Pen Nib","Smiling Mask","Busted Crown","MawBank","Regal Pillow","Boot","Happy Flower","Empty Cage","Lantern","Pantograph","Peace Pipe","Gremlin Horn","Omamori"],"potions_floor_usage":[16,16,33,33,50,50,50,50,50],"damage_taken":[{"damage":0,"enemies":"Small Slimes","floor":1,"turns":2},{"damage":8,"enemies":"Jaw Worm","floor":2,"turns":4},{"damage":0,"enemies":"2 Louse","floor":4,"turns":1},{"damage":1,"enemies":"Exordium Wildlife","floor":5,"turns":3},{"damage":29,"enemies":"Lagavulin","floor":6,"turns":4},{"damage":7,"enemies":"3 Sentries","floor":8,"turns":4},{"damage":6,"enemies":"Gremlin Nob","floor":12,"turns":3},{"damage":20,"enemies":"Lagavulin","floor":14,"turns":5},{"damage":50,"enemies":"Hexaghost","floor":16,"turns":13},{"damage":7,"enemies":"3 Byrds","floor":18,"turns":4},{"damage":4,"enemies":"Chosen","floor":19,"turns":5},{"damage":9,"enemies":"3 Cultists","floor":21,"turns":4},{"damage":9,"enemies":"Centurion and Healer","floor":22,"turns":3},{"damage":24,"enemies":"Book of Stabbing","floor":24,"turns":4},{"damage":25,"enemies":"Slavers","floor":28,"turns":4},{"damage":3,"enemies":"Sentry and Sphere","floor":29,"turns":3},{"damage":5,"enemies":"Snake Plant","floor":31,"turns":4},{"damage":10,"enemies":"Automaton","floor":33,"turns":6},{"damage":2,"enemies":"Orb Walker","floor":35,"turns":4},{"damage":15,"enemies":"3 Darklings","floor":37,"turns":3},{"damage":26,"enemies":"Giant Head","floor":40,"turns":7},{"damage":22,"enemies":"Sphere and 2 Shapes","floor":44,"turns":5},{"damage":0,"enemies":"Reptomancer","floor":46,"turns":2},{"damage":0,"enemies":"3 Darklings","floor":48,"turns":2},{"damage":36,"enemies":"Donu and Deca","floor":50,"turns":5}],"seed_played":"1747800002407498349","potions_obtained":[{"floor":1,"key":"Strength Potion"},{"floor":5,"key":"SkillPotion"},{"floor":6,"key":"Strength Potion"},{"floor":12,"key":"Regen Potion"},{"floor":19,"key":"Strength Potion"},{"floor":24,"key":"LiquidBronze"},{"floor":28,"key":"SteroidPotion"},{"floor":37,"key":"AttackPotion"},{"floor":44,"key":"SteroidPotion"},{"floor":46,"key":"EssenceOfSteel"}],"is_trial":false,"path_per_floor":["M","M","?","M","M","E","R","E","T","$","R","?","$","E","R","B",null,"M","M","?","M","M","R","E","R","T","R","E","M","$","M","R","B",null,"M","?","M","$","?","E","R","$","T","M","R","M","T","M","R","B"],"character_chosen":"IRONCLAD","items_purchased":["Whetstone","Happy Flower","Shrug It Off","Corruption","Lantern","Pantograph"],"campfire_rested":2,"item_purchase_floors":[10,30,30,30,38,38],"current_hp_per_floor":[78,76,76,80,80,57,57,56,56,56,56,56,56,42,42,16,66,68,73,73,73,70,70,52,52,52,52,33,36,36,37,79,78,91,98,98,92,92,82,62,62,62,62,46,91,97,97,101,101,71],"gold":106,"neow_bonus":"ONE_RANDOM_RARE_CARD","is_prod":false,"is_daily":false,"chose_seed":false,"campfire_upgraded":7,"win_rate":0,"timestamp":1538930242,"path_taken":["M","M","?","M","M","E","R","E","T","?","R","?","?","E","R","BOSS","M","M","?","M","M","R","E","R","T","R","E","M","$","M","R","BOSS","M","?","M","$","?","E","R","$","T","?","R","M","?","M","R","BOSS"],"build_version":"2018-10-04","purchased_purges":3,"victory":true,"max_hp_per_floor":[80,80,80,80,80,80,80,80,80,80,80,80,80,80,80,83,83,86,89,89,92,92,92,92,92,92,92,92,92,92,92,92,95,95,98,98,101,101,101,101,101,101,101,101,101,101,101,101,101,101],"card_choices":[{"not_picked":["Heavy Blade","Wild Strike"],"picked":"Inflame","floor":1},{"not_picked":["Rupture","Iron Wave"],"picked":"Sword Boomerang","floor":2},{"not_picked":["Twin Strike","Flame Barrier"],"picked":"Uppercut","floor":4},{"not_picked":["Clothesline","Blood for Blood"],"picked":"Shrug It Off","floor":5},{"not_picked":["Heavy Blade","Pommel Strike"],"picked":"True Grit","floor":6},{"not_picked":["Armaments","Body Slam","Combust"],"picked":"SKIP","floor":8},{"not_picked":["Second Wind","Wild Strike"],"picked":"Feed","floor":14},{"not_picked":["Impervious","Offering"],"picked":"Bludgeon","floor":16},{"not_picked":["Twin Strike+1"],"picked":"SKIP","floor":18},{"not_picked":["Thunderclap"],"picked":"SKIP","floor":19},{"not_picked":[],"picked":"Flame Barrier+1","floor":21},{"not_picked":[],"picked":"Shockwave","floor":22},{"not_picked":["Body Slam+1"],"picked":"SKIP","floor":24},{"not_picked":["Burning Pact+1"],"picked":"SKIP","floor":28},{"not_picked":["Thunderclap+1"],"picked":"SKIP","floor":29},{"not_picked":[],"picked":"Metallicize","floor":31},{"not_picked":[],"picked":"Dark Embrace","floor":33},{"not_picked":["Hemokinesis"],"picked":"SKIP","floor":35},{"not_picked":["Second Wind+1"],"picked":"SKIP","floor":37},{"not_picked":[],"picked":"Enlightenment","floor":39},{"not_picked":[],"picked":"Dropkick+1","floor":40},{"not_picked":["Dual Wield"],"picked":"SKIP","floor":44},{"not_picked":[],"picked":"Warcry+1","floor":46},{"not_picked":[],"picked":"Spot Weakness+1","floor":48}],"player_experience":178699,"relics_obtained":[{"floor":6,"key":"PreservedInsect"},{"floor":8,"key":"Bag of Marbles"},{"floor":9,"key":"Potion Belt"},{"floor":12,"key":"Pen Nib"},{"floor":14,"key":"Smiling Mask"},{"floor":24,"key":"MawBank"},{"floor":26,"key":"Regal Pillow"},{"floor":28,"key":"Boot"},{"floor":40,"key":"Peace Pipe"},{"floor":43,"key":"Gremlin Horn"},{"floor":47,"key":"Omamori"}],"event_choices":[{"event_name":"The Cleric","player_choice":"Card Removal","floor":3,"damage_taken":0},{"event_name":"Dead Adventurer","player_choice":"Searched \u00272\u0027 times","floor":12,"damage_taken":0},{"event_name":"Match and Keep!","player_choice":"1 cards matched","floor":20,"damage_taken":0},{"event_name":"Match and Keep!","player_choice":"1 cards matched","floor":20,"damage_taken":0},{"event_name":"Wheel of Change","player_choice":"Gold","floor":36,"damage_taken":0},{"event_name":"SensoryStone","player_choice":"Memory 3","floor":39,"damage_taken":0}],"is_beta":true,"boss_relics":[{"not_picked":["Pandora\u0027s Box","Fusion Hammer"],"picked":"Busted Crown"},{"not_picked":["Sozu","Calling Bell"],"picked":"Empty Cage"}],"items_purged_floors":[13,30,38],"is_endless":false,"potions_floor_spawned":[1,5,6,12,19,24,28,37,44,46],"ascension_level":6}