{"path_per_floor":["M","M","T","?","M","E","R","M","T","R","E","M","M","M","R","B",null,"M","$","?","M","?","M","M"],"character_chosen":"THE_SILENT","items_purchased":[],"gold_per_floor":[114,131,131,131,142,174,174,192,192,192,220,235,253,266,266,369,369,383,308,233,243,243,255,272],"floor_reached":25,"campfire_rested":0,"playtime":2277,"current_hp_per_floor":[66,66,66,63,62,44,44,41,41,41,36,36,45,45,45,30,70,53,53,53,53,53,50,29],"items_purged":["Strike_G"],"gold":272,"score":217,"play_id":"d0ee6d16-28a6-49d3-b003-3551c6d0cb80","is_prod":false,"is_daily":false,"is_ascension_mode":false,"campfire_upgraded":3,"path_taken":["M","M","?","?","M","E","R","M","T","R","E","?","M","M","R","BOSS","M","$","?","M","?","M","M","E"],"build_version":"2018-02-08-PROD1","purchased_purges":1,"victory":false,"master_deck":["Defend_G","Defend_G","Defend_G","Defend_G","Defend_G","Strike_G","Strike_G","Strike_G","Survivor","Neutralize+1","Poisoned Stab+1","Bane+1","Flying Knee","Escape Plan","Bane","Poisoned Stab+1","Slice","Deadly Poison","Catalyst","Deadly Poison","Burst","Outmaneuver","Backflip+1","Flying Knee","Prepared+1","Backflip+1"],"max_hp_per_floor":[70,70,70,70,70,70,70,70,70,70,70,70,70,70,70,70,70,70,70,70,70,70,70,70],"relics":["Ring of the Snake","Unceasing Top","Gremlin Horn","Prayer Wheel","Frozen Eye","Meat on the Bone","Sozu"],"card_choices":[{"not_picked":["Malaise","Quick Slash"],"picked":"Poisoned Stab"},{"not_picked":["Escape Plan","Endless Agony"],"picked":"Bane"},{"not_picked":["Cloak And Dagger","Choke"],"picked":"Flying Knee"},{"not_picked":["Slice","Outmaneuver"],"picked":"Escape Plan"},{"not_picked":["Underhanded Strike","Expertise"],"picked":"Bane"},{"not_picked":["Flying Knee","Acrobatics"],"picked":"Poisoned Stab"},{"not_picked":["Masterful Stab","Skewer"],"picked":"Slice"},{"not_picked":["Dagger Spray","Footwork"],"picked":"Deadly Poison"},{"not_picked":["Skewer","Dagger Spray"],"picked":"Catalyst"},{"not_picked":["PiercingWail","Dodge and Roll"],"picked":"Deadly Poison"},{"not_picked":["Wraith Form","Tools of the Trade"],"picked":"Burst"},{"not_picked":["Accuracy","Deflect"],"picked":"Outmaneuver"},{"not_picked":["Prepared","Poisoned Stab"],"picked":"Backflip"},{"not_picked":["Dagger Spray","Expertise"],"picked":"Prepared"},{"not_picked":["Dash","Doppelganger"],"picked":"Backflip"}],"player_experience":96060,"potions_floor_usage":[11],"damage_taken":[{"damage":4,"enemies":"Blue Slaver","floor":1,"turns":5},{"damage":0,"enemies":"Cultist","floor":2,"turns":3},{"damage":1,"enemies":"2 Louse","floor":5,"turns":3},{"damage":18,"enemies":"Lagavulin","floor":6,"turns":6},{"damage":3,"enemies":"Lots of Slimes","floor":8,"turns":4},{"damage":5,"enemies":"Gremlin Nob","floor":11,"turns":3},{"damage":0,"enemies":"Exordium Wildlife","floor":12,"turns":2},{"damage":3,"enemies":"Large Slime","floor":13,"turns":5},{"damage":0,"enemies":"2 Fungi Beasts","floor":14,"turns":2},{"damage":27,"enemies":"The Guardian","floor":16,"turns":7},{"damage":17,"enemies":"Spheric Guardian","floor":18,"turns":4},{"damage":0,"enemies":"Chosen","floor":21,"turns":3},{"damage":3,"enemies":"Centurion and Healer","floor":23,"turns":6},{"damage":33,"enemies":"Slaver and Parasite","floor":24,"turns":5},{"damage":32,"enemies":"Gremlin Leader","floor":25,"turns":6}],"event_choices":[{"event_name":"Scrap Ooze","player_choice":"success","floor":4,"damage_taken":3},{"event_name":"Beggar","player_choice":"Gave Gold","floor":20,"damage_taken":0},{"event_name":"Match and Keep!","player_choice":"1 cards matched","floor":22,"damage_taken":0}],"boss_relics":[{"not_picked":["Calling Bell","Ectoplasm"],"picked":"Sozu"}],"potions_floor_spawned":[1,6,8,11,14,18,24],"seed_played":"-8345937018692752873","killed_by":"Gremlin Leader","ascension_level":0,"is_trial":false}