{"gold_per_floor":[115,14,31,47,47,47,73,23,48,48,13,13,13,13],"floor_reached":14,"playtime":1276,"items_purged":["Strike_B","Strike_B"],"score":138,"play_id":"33044f0f-2814-4513-bfbc-76fb74138682","local_time":"20180919160118","is_ascension_mode":true,"campfire_choices":[{"data":"Conserve Battery","floor":6,"key":"SMITH"},{"data":"Undo","floor":10,"key":"SMITH"}],"neow_cost":"NONE","seed_source_timestamp":356711750204084,"circlet_count":0,"master_deck":["Strike_B","Defend_B","Defend_B","Defend_B","Defend_B","Zap","Dualcast+1","AscendersBane","Undo+1","Conserve Battery+1","Force Field","Streamline+1","Storm","Steam"],"relics":["Cracked Core","Smiling Mask","Oddly Smooth Stone","Golden Idol"],"potions_floor_usage":[7,7],"damage_taken":[{"damage":0,"enemies":"Small Slimes","floor":1,"turns":3},{"damage":0,"enemies":"Jaw Worm","floor":3,"turns":5},{"damage":0,"enemies":"2 Louse","floor":4,"turns":3},{"damage":8,"enemies":"Lagavulin","floor":7,"turns":5},{"damage":84,"enemies":"Gremlin Nob","floor":14,"turns":5}],"seed_played":"4082207067163592394","potions_obtained":[{"floor":1,"key":"Block Potion"},{"floor":4,"key":"GamblersBrew"}],"is_trial":false,"path_per_floor":["M","$","M","M","?","R","E","$","T","R","?","?","?"],"character_chosen":"DEFECT","items_purchased":["Conserve Battery"],"campfire_rested":0,"item_purchase_floors":[2],"current_hp_per_floor":[68,68,68,68,68,68,60,60,60,60,75,75,57,0],"gold":13,"neow_bonus":"UPGRADE_CARD","is_prod":false,"is_daily":false,"chose_seed":false,"campfire_upgraded":2,"win_rate":0,"timestamp":1537365678,"path_taken":["M","$","M","M","?","R","E","$","T","R","?","?","?","E"],"build_version":"2018-09-06","purchased_purges":2,"victory":false,"max_hp_per_floor":[75,75,75,75,75,75,75,75,75,75,75,75,75,75],"card_choices":[{"not_picked":["Steam Power","Blizzard"],"picked":"Undo","floor":1},{"not_picked":["Compile Driver","Turbo"],"picked":"Force Field","floor":3},{"not_picked":["Biased Cognition","Compile Driver"],"picked":"Streamline","floor":4},{"not_picked":["Gash","Hologram"],"picked":"Storm","floor":7}],"player_experience":410875,"relics_obtained":[{"floor":7,"key":"Smiling Mask"},{"floor":9,"key":"Oddly Smooth Stone"}],"event_choices":[{"event_name":"Living Wall","player_choice":"Grow","floor":5,"damage_taken":0},{"event_name":"The Cleric","player_choice":"Healed","floor":11,"damage_taken":0},{"event_name":"Transmorgrifier","player_choice":"Transform","floor":12,"damage_taken":0},{"event_name":"Golden Idol","player_choice":"Take Damage","floor":13,"damage_taken":0}],"is_beta":false,"boss_relics":[],"items_purged_floors":[2,8],"is_endless":false,"potions_floor_spawned":[1,4],"killed_by":"Gremlin Nob","ascension_level":12}