{"path_per_floor":["M","M","M","M","?","R","E","M","T","R","$","R","?","M","R","B",null,"M","?","M","M","?"],"character_chosen":"DEFECT","items_purchased":["Bag of Preparation"],"gold_per_floor":[109,121,134,147,147,147,177,167,190,190,39,39,39,53,53,172,172,188,188,209,225,225,225],"floor_reached":23,"campfire_rested":1,"playtime":873,"item_purchase_floors":[11],"current_hp_per_floor":[68,61,54,49,49,49,27,10,10,10,10,10,10,7,29,26,75,63,63,53,18,18,0],"items_purged":[],"gold":225,"score":304,"play_id":"3b57224a-68b7-4b0c-9aeb-3560b3b03eea","local_time":"20180531182514","is_prod":false,"is_daily":false,"chose_seed":false,"is_ascension_mode":true,"campfire_upgraded":1,"win_rate":0,"timestamp":1527805514,"campfire_choices":[{"floor":6,"key":"DIG"},{"floor":10,"key":"DIG"},{"data":"Zap","floor":12,"key":"SMITH"},{"floor":15,"key":"REST"}],"path_taken":["M","M","?","M","?","R","E","?","T","R","?","R","?","M","R","BOSS","M","?","M","M","?","E"],"build_version":"2018-05-30v2","seed_source_timestamp":276323542503848,"purchased_purges":0,"victory":false,"master_deck":["Zap+1","Dualcast","Go for the Eyes","Steam Power","Beam Cell","Leap","Regret","Leap","Ball Lightning","Injury","Rebound","Seek","Lockon","Sweeping Beam","Gash","Go for the Eyes","Go for the Eyes","Coolheaded","Redo","Reprogram","Go for the Eyes","Hologram","White Noise"],"max_hp_per_floor":[68,68,68,68,68,68,75,75,75,75,75,75,75,75,75,75,75,75,75,75,75,75,80],"relics":["Cracked Core","Shovel","Art of War","Boot","Strawberry","Bronze Scales","Vajra","Bag of Preparation","Bloody Idol","Pandora\u0027s Box"],"card_choices":[{"not_picked":["Coolheaded","Barrage"],"picked":"Go for the Eyes","floor":1},{"not_picked":["Compile Driver","Steam"],"picked":"Steam Power","floor":2},{"not_picked":["Compile Driver","Redo"],"picked":"Beam Cell","floor":3},{"not_picked":["Redo","Streamline"],"picked":"Leap","floor":4},{"not_picked":["Thunder Strike","Compile Driver"],"picked":"Leap","floor":7},{"not_picked":["Reprogram","Hologram"],"picked":"Ball Lightning","floor":8},{"not_picked":["Gash","Hologram"],"picked":"Rebound","floor":14},{"not_picked":["Amplify","Multi-Cast"],"picked":"Seek","floor":16},{"not_picked":["Steam","Chill"],"picked":"Go for the Eyes","floor":18},{"not_picked":["Chill","Leap"],"picked":"Hologram","floor":20},{"not_picked":["Sweeping Beam","Barrage"],"picked":"White Noise","floor":21}],"player_experience":223313,"potions_floor_usage":[4,7,18,23],"damage_taken":[{"damage":0,"enemies":"Cultist","floor":1,"turns":3},{"damage":7,"enemies":"Small Slimes","floor":2,"turns":3},{"damage":7,"enemies":"Jaw Worm","floor":3,"turns":3},{"damage":5,"enemies":"Gremlin Gang","floor":4,"turns":4},{"damage":29,"enemies":"Gremlin Nob","floor":7,"turns":4},{"damage":17,"enemies":"Exordium Thugs","floor":8,"turns":5},{"damage":3,"enemies":"Red Slaver","floor":14,"turns":2},{"damage":3,"enemies":"Slime Boss","floor":16,"turns":6},{"damage":12,"enemies":"2 Thieves","floor":18,"turns":3},{"damage":10,"enemies":"Chosen","floor":20,"turns":3},{"damage":35,"enemies":"Snecko","floor":21,"turns":5},{"damage":24,"enemies":"Slavers","floor":23,"turns":1}],"relics_obtained":[{"floor":6,"key":"Boot"},{"floor":7,"key":"Strawberry"},{"floor":9,"key":"Bronze Scales"},{"floor":10,"key":"Vajra"}],"event_choices":[{"event_name":"Big Fish","player_choice":"Box","floor":5,"damage_taken":0},{"event_name":"Golden Idol","player_choice":"Take Wound","floor":13,"damage_taken":0},{"event_name":"Ghosts","player_choice":"Ignored","floor":19,"damage_taken":0},{"event_name":"Forgotten Altar","player_choice":"Gave Idol","floor":22,"damage_taken":0}],"boss_relics":[{"not_picked":["Tiny House","Snecko Eye"],"picked":"Pandora\u0027s Box"}],"items_purged_floors":[],"potions_floor_spawned":[2,3,14,21],"seed_played":"-5479983529104028747","killed_by":"Slavers","ascension_level":3,"potions_obtained":[{"floor":2,"key":"Fire Potion"},{"floor":3,"key":"FearPotion"},{"floor":14,"key":"Block Potion"},{"floor":21,"key":"Fruit Juice"}],"is_trial":false}