{"gold_per_floor":[118,46,66,141,156,156,190,201,201,201,8,24,24,44,44,141,141,154,254,265,6,24,24,24],"floor_reached":24,"playtime":2327,"items_purged":[],"score":287,"play_id":"0130c6f5-95e5-484e-9c07-70eddf09c378","local_time":"20190103021332","is_ascension_mode":true,"campfire_choices":[{"data":"Streamline","floor":6,"key":"SMITH"},{"floor":15,"key":"REST"},{"floor":23,"key":"REST"}],"neow_cost":"NONE","seed_source_timestamp":1075361572321534,"circlet_count":0,"master_deck":["Strike_B","Strike_B","Strike_B","Strike_B","Defend_B","Defend_B","Defend_B","Zap","Dualcast","Buffer+1","Stack","Lockon","Streamline+1","Rip and Tear","Go for the Eyes","Ball Lightning","Rebound","Streamline","Machine Learning","Cold Snap","Double Energy","Ball Lightning","Conserve Battery","Beam Cell","Lockon+1","Stack","Leap+1"],"relics":["Cracked Core","FossilizedHelix","Gremlin Horn","HandDrill","Orrery","Molten Egg 2"],"potions_floor_usage":[7,16,20,20],"damage_taken":[{"damage":0,"enemies":"Jaw Worm","floor":1,"turns":3},{"damage":1,"enemies":"Cultist","floor":3,"turns":3},{"damage":2,"enemies":"2 Louse","floor":5,"turns":2},{"damage":18,"enemies":"Gremlin Nob","floor":7,"turns":4},{"damage":15,"enemies":"Large Slime","floor":8,"turns":5},{"damage":3,"enemies":"Gremlin Gang","floor":12,"turns":3},{"damage":0,"enemies":"Exordium Wildlife","floor":14,"turns":3},{"damage":16,"enemies":"Hexaghost","floor":16,"turns":8},{"damage":20,"enemies":"3 Byrds","floor":18,"turns":5},{"damage":24,"enemies":"2 Thieves","floor":20,"turns":3},{"damage":11,"enemies":"Shelled Parasite and Fungi","floor":22,"turns":4},{"damage":18,"enemies":"3 Cultists","floor":24,"turns":5}],"seed_played":"-8869355419835769789","potions_obtained":[{"floor":5,"key":"Strength Potion"},{"floor":7,"key":"PowerPotion"},{"floor":8,"key":"Fire Potion"},{"floor":16,"key":"Explosive Potion"},{"floor":22,"key":"LiquidBronze"}],"is_trial":false,"path_per_floor":["M","$","M","?","M","R","E","M","T","?","$","M","$","M","R","B",null,"M","?","M","$","M","R","M"],"character_chosen":"DEFECT","items_purchased":["Lockon","HandDrill","Molten Egg 2"],"campfire_rested":2,"item_purchase_floors":[2,11,21],"current_hp_per_floor":[68,68,67,56,54,54,36,21,21,21,21,18,18,18,40,24,62,42,42,18,18,7,29,11],"gold":24,"neow_bonus":"TRANSFORM_CARD","is_prod":false,"is_daily":false,"chose_seed":false,"campfire_upgraded":1,"win_rate":0,"timestamp":1546478012,"path_taken":["M","$","M","?","M","R","E","M","T","?","$","?","?","?","R","BOSS","M","?","M","$","?","R","M"],"build_version":"2018-12-20","purchased_purges":0,"victory":false,"max_hp_per_floor":[75,75,75,75,75,75,75,75,75,75,75,75,75,75,75,75,75,75,75,75,75,75,75,75],"card_choices":[{"not_picked":["Hologram","Rebound"],"picked":"Stack","floor":1},{"not_picked":["Hologram","Recycle"],"picked":"Streamline","floor":3},{"not_picked":["Stack","Chaos"],"picked":"Rip and Tear","floor":5},{"not_picked":["Undo","Compile Driver"],"picked":"Go for the Eyes","floor":7},{"not_picked":["Beam Cell","Hyperbeam"],"picked":"Ball Lightning","floor":8},{"not_picked":["Turbo","Hologram"],"picked":"Rebound","floor":12},{"not_picked":["Barrage","Storm"],"picked":"Streamline","floor":14},{"not_picked":["Thunder Strike","Meteor Strike"],"picked":"Machine Learning","floor":16},{"not_picked":["Leap","Turbo"],"picked":"Cold Snap","floor":17},{"not_picked":["Barrage","Undo"],"picked":"Double Energy","floor":17},{"not_picked":["Hologram","Storm"],"picked":"Ball Lightning","floor":17},{"not_picked":["Stack","Aggregate"],"picked":"Conserve Battery","floor":17},{"not_picked":["Gash","Tempest"],"picked":"Beam Cell","floor":17},{"not_picked":["Biased Cognition","Leap"],"picked":"Lockon+1","floor":18},{"not_picked":["Double Energy","Steam"],"picked":"Stack","floor":20},{"not_picked":["Go for the Eyes+1","Hologram"],"picked":"Leap+1","floor":22}],"player_experience":497018,"relics_obtained":[{"floor":7,"key":"FossilizedHelix"},{"floor":9,"key":"Gremlin Horn"}],"event_choices":[{"damage_healed":0,"gold_gain":75,"player_choice":"Gather Gold","damage_taken":11,"max_hp_gain":0,"max_hp_loss":0,"event_name":"World of Goop","floor":4,"gold_loss":0},{"damage_healed":0,"gold_gain":0,"player_choice":"Forge","damage_taken":0,"max_hp_gain":0,"max_hp_loss":0,"event_name":"Accursed Blacksmith","floor":10,"gold_loss":0,"cards_upgraded":["Buffer"]},{"damage_healed":0,"gold_gain":100,"player_choice":"Pray","damage_taken":0,"max_hp_gain":0,"max_hp_loss":0,"event_name":"Golden Shrine","floor":19,"gold_loss":0}],"is_beta":false,"boss_relics":[{"not_picked":["Ectoplasm","Empty Cage"],"picked":"Orrery"}],"items_purged_floors":[],"is_endless":false,"potions_floor_spawned":[5,7,8,16,22],"killed_by":"3 Cultists","ascension_level":9}