{"gold_per_floor":[112,124,139,139,64,94,107,107,107,107,107,122,4,22,22,99,99,111,0,20,20,38,38,54,64,64,64],"floor_reached":27,"playtime":1374,"items_purged":["Strike_B"],"score":448,"play_id":"4b5290b4-d093-4ab5-905d-94a06a24feed","local_time":"20190115151304","is_ascension_mode":true,"campfire_choices":[{"floor":8,"key":"REST"},{"data":"Zap","floor":11,"key":"SMITH"},{"data":"Glacier","floor":15,"key":"SMITH"},{"floor":23,"key":"REST"}],"neow_cost":"NONE","seed_source_timestamp":1048129565762794,"circlet_count":0,"master_deck":["AscendersBane","Strike_B+1","Strike_B","Defend_B","Defend_B+1","Defend_B","Defend_B","Zap+1","Dualcast","Glacier+1","Barrage","Ball Lightning","White Noise+1","FTL","Cold Snap","Storm+1","Conserve Battery","Thunder Strike","Rebound+1","Skim","Defragment+1","Compile Driver","Core Surge"],"relics":["FrozenCore","Frozen Egg 2","Mummified Hand","Incense Burner"],"potions_floor_usage":[6,12,16,16,24,25],"damage_taken":[{"damage":7,"enemies":"Jaw Worm","floor":1,"turns":3},{"damage":11,"enemies":"2 Louse","floor":2,"turns":2},{"damage":3,"enemies":"Small Slimes","floor":3,"turns":4},{"damage":0,"enemies":"Gremlin Nob","floor":6,"turns":3},{"damage":0,"enemies":"Exordium Thugs","floor":7,"turns":5},{"damage":3,"enemies":"Large Slime","floor":12,"turns":5},{"damage":0,"enemies":"Lots of Slimes","floor":14,"turns":3},{"damage":15,"enemies":"Hexaghost","floor":16,"turns":9},{"damage":0,"enemies":"Spheric Guardian","floor":18,"turns":4},{"damage":24,"enemies":"3 Byrds","floor":20,"turns":5},{"damage":41,"enemies":"Cultist and Chosen","floor":22,"turns":9},{"damage":5,"enemies":"3 Cultists","floor":24,"turns":6},{"damage":15,"enemies":"Snake Plant","floor":25,"turns":4},{"damage":7,"enemies":"Centurion and Healer","floor":27,"turns":1}],"seed_played":"2248887482307739919","potions_obtained":[{"floor":1,"key":"Swift Potion"},{"floor":10,"key":"Poison Potion"},{"floor":10,"key":"AttackPotion"},{"floor":14,"key":"Strength Potion"},{"floor":16,"key":"SkillPotion"},{"floor":24,"key":"Dexterity Potion"}],"is_trial":false,"path_per_floor":["M","M","M","?","?","E","M","R","T","?","R","M","$","M","R","B",null,"M","?","M","?","M","R","M","M","T","M"],"character_chosen":"DEFECT","items_purchased":["Storm+1"],"campfire_rested":2,"item_purchase_floors":[13],"current_hp_per_floor":[64,53,50,27,27,27,27,50,50,50,50,47,47,47,47,32,67,67,67,43,43,2,25,20,5,5,0],"gold":64,"neow_bonus":"TEN_PERCENT_HP_BONUS","is_prod":false,"is_daily":false,"chose_seed":false,"campfire_upgraded":2,"win_rate":0,"timestamp":1547583184,"path_taken":["M","M","M","?","?","E","M","R","T","?","R","M","$","M","R","BOSS","M","?","M","?","M","R","M","M","T","M"],"build_version":"2019-01-10","purchased_purges":1,"victory":false,"max_hp_per_floor":[78,78,78,78,78,78,78,78,78,78,78,78,78,78,78,78,78,78,78,78,78,78,78,78,78,78,78],"card_choices":[{"not_picked":["Aggregate","Go for the Eyes"],"picked":"Glacier","floor":1},{"not_picked":["Sweeping Beam","Go for the Eyes"],"picked":"Barrage","floor":2},{"not_picked":["Consume","Sweeping Beam"],"picked":"Ball Lightning","floor":3},{"not_picked":["Leap","Go for the Eyes"],"picked":"White Noise","floor":6},{"not_picked":["Rip and Tear","Amplify"],"picked":"FTL","floor":7},{"not_picked":["Stack","Barrage"],"picked":"Cold Snap","floor":12},{"not_picked":["Scrape","Cold Snap"],"picked":"Conserve Battery","floor":14},{"not_picked":["Seek","Fission"],"picked":"Thunder Strike","floor":16},{"not_picked":["Stack","Sweeping Beam"],"picked":"Rebound+1","floor":18},{"not_picked":["Rebound","Sunder"],"picked":"Skim","floor":20},{"not_picked":["Gash+1","Sweeping Beam"],"picked":"Defragment+1","floor":22},{"not_picked":["Stack","Sweeping Beam+1"],"picked":"Compile Driver","floor":24},{"not_picked":["Beam Cell","Lockon"],"picked":"Core Surge","floor":25}],"player_experience":459183,"relics_obtained":[{"floor":6,"key":"Frozen Egg 2"},{"floor":9,"key":"Mummified Hand"},{"floor":26,"key":"Incense Burner"}],"event_choices":[{"damage_healed":0,"gold_gain":0,"player_choice":"Entered Light","damage_taken":23,"max_hp_gain":0,"max_hp_loss":0,"event_name":"Shining Light","floor":4,"gold_loss":0,"cards_upgraded":["Defend_B","Strike_B"]},{"cards_removed":["Strike_B"],"damage_healed":0,"gold_gain":0,"player_choice":"Card Removal","damage_taken":0,"max_hp_gain":0,"max_hp_loss":0,"event_name":"The Cleric","floor":5,"gold_loss":75},{"damage_healed":0,"gold_gain":0,"player_choice":"Got Potions","damage_taken":0,"max_hp_gain":0,"max_hp_loss":0,"event_name":"Lab","floor":10,"gold_loss":0},{"damage_healed":0,"gold_gain":0,"player_choice":"Paid Fearfully","damage_taken":0,"max_hp_gain":0,"max_hp_loss":0,"event_name":"Masked Bandits","floor":19,"gold_loss":111},{"damage_healed":0,"gold_gain":0,"player_choice":"Upgraded","damage_taken":0,"max_hp_gain":0,"max_hp_loss":0,"event_name":"Upgrade Shrine","floor":21,"gold_loss":0,"cards_upgraded":["White Noise"]}],"is_beta":false,"boss_relics":[{"not_picked":["Busted Crown","Pandora\u0027s Box"],"picked":"FrozenCore"}],"items_purged_floors":[13],"is_endless":false,"potions_floor_spawned":[1,14,16,24],"killed_by":"Centurion and Healer","ascension_level":17}