{"path_per_floor":["M","?","?","$","M","R","M","M","T","E","M","?","?","M","R"],"character_chosen":"THE_SILENT","items_purchased":[],"gold_per_floor":[13,13,13,13,27,27,47,62,62,103,122,297,247,267,267,267],"floor_reached":16,"campfire_rested":1,"playtime":602,"current_hp_per_floor":[55,70,65,65,65,65,61,51,51,28,28,28,28,2,21,0],"items_purged":[],"gold":267,"score":138,"play_id":"29a61363-dd4a-45bd-8a15-5dffdf799cc0","local_time":"20180405170425","is_prod":false,"is_daily":false,"is_ascension_mode":true,"campfire_upgraded":1,"timestamp":1522940665,"path_taken":["BOSS","M","?","?","?","M","R","M","M","T","E","M","?","?","M","R","BOSS"],"build_version":"2018-03-29v2","purchased_purges":0,"victory":false,"master_deck":["Defend_G","Defend_G","Defend_G","Defend_G","Strike_G","Strike_G","Strike_G","Survivor","Neutralize+1","Grand Finale","Flying Knee","Dodge and Roll","Burst","Dagger Throw","Backflip","Doubt","Acrobatics"],"max_hp_per_floor":[70,70,65,65,65,65,65,65,65,65,65,65,65,65,65,65],"relics":["Ring of the Snake","Golden Idol","Torii","Ninja Scroll"],"card_choices":[{"not_picked":["Slice","Predator"],"picked":"Flying Knee","floor":1},{"not_picked":["Distraction","Masterful Stab"],"picked":"Dodge and Roll","floor":5},{"not_picked":["Backflip","Infinite Blades"],"picked":"Burst","floor":7},{"not_picked":["Slice","PiercingWail"],"picked":"Dagger Throw","floor":10},{"not_picked":["Bullet Time","Riddle With Holes"],"picked":"Backflip","floor":11},{"not_picked":["All Out Attack","Finisher"],"picked":"Acrobatics","floor":14}],"player_experience":245228,"potions_floor_usage":[10,16,16],"damage_taken":[{"damage":8,"enemies":"2 Louse","floor":1,"turns":4},{"damage":0,"enemies":"Cultist","floor":5,"turns":2},{"damage":4,"enemies":"Jaw Worm","floor":7,"turns":4},{"damage":10,"enemies":"3 Louse","floor":8,"turns":4},{"damage":23,"enemies":"Lagavulin","floor":10,"turns":11},{"damage":0,"enemies":"Blue Slaver","floor":11,"turns":5},{"damage":26,"enemies":"Exordium Thugs","floor":14,"turns":5},{"damage":22,"enemies":"The Guardian","floor":16,"turns":10}],"event_choices":[{"event_name":"Bonfire Elementals","player_choice":"UNCOMMON","floor":2,"damage_taken":0},{"event_name":"Golden Idol","player_choice":"Lose Max HP","floor":3,"damage_taken":0},{"event_name":"Liars Game","player_choice":"agreed","floor":12,"damage_taken":0},{"event_name":"The Cleric","player_choice":"Card Removal","floor":13,"damage_taken":0}],"boss_relics":[],"potions_floor_spawned":[5,8,10],"seed_played":"-3350962005418716858","killed_by":"The Guardian","ascension_level":7,"is_trial":false}