{"gold_per_floor":[114,79,154,173,173,173,173,173,173,186,186,207,225,250,250,378,378,403,426,426],"floor_reached":20,"playtime":391,"items_purged":[],"score":221,"play_id":"f23b11a2-e937-474c-a318-348efb77f4ae","local_time":"20181228163953","is_ascension_mode":true,"campfire_choices":[{"data":"Dualcast","floor":6,"key":"SMITH"},{"floor":8,"key":"REST"},{"floor":15,"key":"REST"}],"neow_cost":"NONE","seed_source_timestamp":610877668157672,"circlet_count":0,"master_deck":["Strike_B","Strike_B+1","Strike_B","Strike_B","Defend_B","Defend_B","Defend_B","Defend_B","Zap+1","Dualcast+1","Core Surge+1","Rip and Tear","Hologram","White Noise","Cold Snap","Electrodynamics","Turbo+1","Gash+1"],"relics":["Cracked Core","Golden Idol","Darkstone Periapt","Symbiotic Virus","Whetstone","Cursed Key"],"potions_floor_usage":[12],"damage_taken":[{"damage":12,"enemies":"Jaw Worm","floor":1,"turns":2},{"damage":10,"enemies":"Small Slimes","floor":4,"turns":2},{"damage":15,"enemies":"2 Louse","floor":10,"turns":2},{"damage":0,"enemies":"Large Slime","floor":12,"turns":3},{"damage":3,"enemies":"Looter","floor":13,"turns":2},{"damage":20,"enemies":"Slime Boss","floor":16,"turns":7},{"damage":7,"enemies":"Chosen","floor":18,"turns":3},{"damage":20,"enemies":"2 Thieves","floor":19,"turns":3},{"damage":41,"enemies":"Shelled Parasite and Fungi","floor":20,"turns":3}],"seed_played":"1524890429011246215","potions_obtained":[{"floor":4,"key":"SpeedPotion"},{"floor":10,"key":"Fire Potion"},{"floor":13,"key":"Energy Potion"}],"is_trial":false,"path_per_floor":["M","?","?","M","?","R","?","R","T","M","T","M","M","T","R","B",null,"M","M","M"],"character_chosen":"DEFECT","items_purchased":[],"campfire_rested":2,"item_purchase_floors":[],"current_hp_per_floor":[56,74,63,53,53,53,35,57,57,42,42,42,39,39,61,41,67,60,40,0],"gold":426,"neow_bonus":"ONE_RANDOM_RARE_CARD","is_prod":false,"is_daily":false,"chose_seed":false,"campfire_upgraded":1,"win_rate":0,"timestamp":1546011593,"path_taken":["M","?","?","M","?","R","?","R","T","M","?","?","M","?","R","BOSS","M","M","?"],"build_version":"2018-12-20","purchased_purges":0,"victory":false,"max_hp_per_floor":[75,75,75,75,75,75,75,75,75,75,75,75,75,75,75,75,75,75,75,75],"card_choices":[{"not_picked":["Steam","Barrage"],"picked":"Rip and Tear","floor":1},{"not_picked":["Reprogram","Cold Snap"],"picked":"Hologram","floor":4},{"not_picked":["Lockon","Ball Lightning"],"picked":"White Noise","floor":10},{"not_picked":["Capacitor","Coolheaded"],"picked":"Cold Snap","floor":12},{"not_picked":["Blizzard","Barrage","Hologram"],"picked":"SKIP","floor":13},{"not_picked":["Seek","Amplify"],"picked":"Electrodynamics","floor":16},{"not_picked":["Ball Lightning","Double Energy"],"picked":"Turbo+1","floor":18},{"not_picked":["Turbo","Blizzard"],"picked":"Gash+1","floor":19}],"player_experience":465004,"relics_obtained":[{"floor":9,"key":"Darkstone Periapt"},{"floor":11,"key":"Symbiotic Virus"},{"floor":14,"key":"Whetstone"}],"event_choices":[{"damage_healed":18,"gold_gain":0,"player_choice":"Healed","damage_taken":0,"max_hp_gain":0,"max_hp_loss":0,"event_name":"The Cleric","floor":2,"gold_loss":35},{"damage_healed":0,"gold_gain":75,"player_choice":"Gather Gold","damage_taken":11,"max_hp_gain":0,"max_hp_loss":0,"event_name":"World of Goop","floor":3,"gold_loss":0},{"damage_healed":0,"gold_gain":0,"player_choice":"Grow","damage_taken":0,"max_hp_gain":0,"max_hp_loss":0,"event_name":"Living Wall","floor":5,"gold_loss":0,"cards_upgraded":["Zap"]},{"damage_healed":0,"gold_gain":0,"player_choice":"Take Damage","damage_taken":18,"relics_obtained":["Golden Idol"],"max_hp_gain":0,"max_hp_loss":0,"event_name":"Golden Idol","floor":7,"gold_loss":0}],"is_beta":false,"boss_relics":[{"not_picked":["Empty Cage","Pandora\u0027s Box"],"picked":"Cursed Key"}],"items_purged_floors":[],"is_endless":false,"potions_floor_spawned":[4,10,13],"killed_by":"Shelled Parasite and Fungi","ascension_level":7}