{"path_per_floor":["M","?","M","?","M","R","E","M","T","?","R","?","M","M","R"],"character_chosen":"IRONCLAD","items_purchased":[],"gold_per_floor":[11,11,30,30,45,45,84,107,107,183,183,183,203,218,218,218],"floor_reached":16,"campfire_rested":2,"playtime":622,"current_hp_per_floor":[76,76,69,49,54,54,40,39,39,23,47,40,39,14,38,0],"items_purged":[],"gold":218,"score":117,"play_id":"c3d8b403-e7e8-49a9-8754-f89536a0bc90","local_time":"20180331234858","is_prod":false,"is_daily":false,"is_ascension_mode":true,"campfire_upgraded":1,"timestamp":1522532938,"path_taken":["M","?","M","?","M","R","E","?","T","?","R","?","?","M","R","BOSS"],"build_version":"2018-03-29v2","purchased_purges":0,"victory":false,"master_deck":["Strike_R","Strike_R","Strike_R","Strike_R","Defend_R+1","Defend_R+1","Defend_R","Defend_R","Bash","Juggernaut+1","Whirlwind","Battle Trance","Seeing Red","Shrug It Off","Body Slam"],"max_hp_per_floor":[80,80,80,80,80,80,80,80,80,80,80,80,80,80,80,80],"relics":["Burning Blood","Golden Idol","The Courier","Frozen Egg 2","War Paint"],"card_choices":[{"not_picked":["Offering","Dark Embrace"],"picked":"Juggernaut","floor":0},{"not_picked":["Wild Strike","Searing Blow"],"picked":"Whirlwind","floor":3},{"not_picked":["Pommel Strike","Havoc"],"picked":"Battle Trance","floor":5},{"not_picked":["Reaper","Sword Boomerang"],"picked":"Seeing Red","floor":8},{"not_picked":["Body Slam","Infernal Blade"],"picked":"Shrug It Off","floor":13},{"not_picked":["Sever Soul","Pummel"],"picked":"Body Slam","floor":14}],"player_experience":183460,"potions_floor_usage":[10,16,16,16],"damage_taken":[{"damage":10,"enemies":"Small Slimes","floor":1,"turns":5},{"damage":13,"enemies":"Jaw Worm","floor":3,"turns":5},{"damage":1,"enemies":"2 Louse","floor":5,"turns":2},{"damage":20,"enemies":"3 Sentries","floor":7,"turns":7},{"damage":7,"enemies":"Large Slime","floor":8,"turns":5},{"damage":22,"enemies":"3 Sentries","floor":10,"turns":5},{"damage":7,"enemies":"Looter","floor":13,"turns":4},{"damage":31,"enemies":"Lots of Slimes","floor":14,"turns":4},{"damage":55,"enemies":"Slime Boss","floor":16,"turns":10}],"event_choices":[{"event_name":"The Cleric","player_choice":"Leave","floor":2,"damage_taken":0},{"event_name":"Golden Idol","player_choice":"Take Damage","floor":4,"damage_taken":0},{"event_name":"Dead Adventurer","player_choice":"Searched \u00271\u0027 times","floor":10,"damage_taken":0},{"event_name":"Golden Wing","player_choice":"Card Removal","floor":12,"damage_taken":0}],"boss_relics":[],"potions_floor_spawned":[5,7,8,10,13],"seed_played":"8065079073808521878","killed_by":"Slime Boss","ascension_level":3,"is_trial":false}