{"gold_per_floor":[113,1,15,26,39,39,67,92,92,110,110,129,60,79,79,174,174,198,198,198,223,123,123],"floor_reached":23,"playtime":1241,"items_purged":["Defend_B","Strike_B"],"score":305,"play_id":"5d65aa65-3e33-4397-a260-7e71f13059e4","local_time":"20180920144729","is_ascension_mode":true,"campfire_choices":[{"floor":15,"key":"REST"}],"neow_cost":"","seed_source_timestamp":438718555470072,"circlet_count":0,"master_deck":["Strike_B","Strike_B","Strike_B","Defend_B","Defend_B","Defend_B","Zap","Dualcast","AscendersBane","Go for the Eyes","Static Discharge+1","Self Repair","Conserve Battery","Sunder","Ball Lightning","Buffer","FTL","Defragment","Doom and Gloom","J.A.X."],"relics":["Cracked Core","Golden Idol","Odd Mushroom","Happy Flower","Busted Crown"],"potions_floor_usage":[7,8,16,16,19],"damage_taken":[{"damage":0,"enemies":"Small Slimes","floor":1,"turns":3},{"damage":4,"enemies":"Jaw Worm","floor":3,"turns":4},{"damage":1,"enemies":"2 Louse","floor":4,"turns":4},{"damage":15,"enemies":"Exordium Wildlife","floor":5,"turns":4},{"damage":12,"enemies":"The Mushroom Lair","floor":7,"turns":3},{"damage":5,"enemies":"Blue Slaver","floor":8,"turns":3},{"damage":15,"enemies":"Lots of Slimes","floor":10,"turns":4},{"damage":0,"enemies":"Looter","floor":12,"turns":2},{"damage":6,"enemies":"Large Slime","floor":14,"turns":5},{"damage":18,"enemies":"Slime Boss","floor":16,"turns":7},{"damage":4,"enemies":"3 Byrds","floor":18,"turns":2},{"damage":34,"enemies":"Colosseum Slavers","floor":19,"turns":4},{"damage":29,"enemies":"2 Thieves","floor":21,"turns":4},{"damage":15,"enemies":"Slavers","floor":23,"turns":1}],"seed_played":"6420840466498100347","potions_obtained":[{"floor":3,"key":"Block Potion"},{"floor":4,"key":"Strength Potion"},{"floor":8,"key":"Weak Potion"},{"floor":14,"key":"Energy Potion"},{"floor":18,"key":"SpeedPotion"},{"floor":21,"key":"SteroidPotion"}],"is_trial":false,"path_per_floor":["M","$","M","M","M","?","?","M","T","M","?","M","$","M","R","B",null,"M","?","?","M","$"],"character_chosen":"DEFECT","items_purchased":["Static Discharge","Defragment"],"campfire_rested":1,"item_purchase_floors":[2,13],"current_hp_per_floor":[68,68,64,70,62,44,39,41,41,33,33,33,33,34,56,45,68,64,37,37,15,15,0],"gold":123,"neow_bonus":"","is_prod":false,"is_daily":false,"chose_seed":false,"campfire_upgraded":0,"win_rate":0,"timestamp":1537447649,"path_taken":["M","$","M","M","M","?","?","M","T","?","?","M","$","M","R","BOSS","M","?","?","?","$","E"],"build_version":"2018-09-06","purchased_purges":2,"victory":false,"max_hp_per_floor":[75,75,75,75,75,75,75,75,75,75,75,75,75,75,75,75,75,75,75,75,75,75,75],"card_choices":[{"not_picked":["Cold Snap","Coolheaded"],"picked":"Go for the Eyes","floor":1},{"not_picked":["Turbo","Force Field"],"picked":"Self Repair","floor":3},{"not_picked":["Steam","Chill"],"picked":"Conserve Battery","floor":4},{"not_picked":["Capacitor","Doom and Gloom"],"picked":"Sunder","floor":5},{"not_picked":["Rip and Tear","Conserve Battery"],"picked":"Ball Lightning","floor":7},{"not_picked":["Sunder","Blizzard"],"picked":"Buffer","floor":8},{"not_picked":["Barrage","Skim"],"picked":"FTL","floor":10},{"not_picked":["Conserve Battery","Stack","Blizzard"],"picked":"SKIP","floor":12},{"not_picked":["Double Energy","Lockon"],"picked":"Doom and Gloom","floor":14},{"not_picked":["Stack"],"picked":"SKIP","floor":18},{"not_picked":["Aggregate"],"picked":"SKIP","floor":21}],"player_experience":463473,"relics_obtained":[{"floor":7,"key":"Odd Mushroom"},{"floor":9,"key":"Happy Flower"}],"event_choices":[{"event_name":"Golden Idol","player_choice":"Take Damage","floor":6,"damage_taken":0},{"event_name":"Mushrooms","player_choice":"Fought Mushrooms","floor":7,"damage_taken":0},{"event_name":"Living Wall","player_choice":"Grow","floor":11,"damage_taken":0},{"event_name":"Colosseum","player_choice":"Fight","floor":19,"damage_taken":0},{"event_name":"Colosseum","player_choice":"Fled From Nobs","floor":19,"damage_taken":0},{"event_name":"Drug Dealer","player_choice":"Got JAX","floor":20,"damage_taken":0}],"is_beta":false,"boss_relics":[{"not_picked":["Runic Pyramid","Ectoplasm"],"picked":"Busted Crown"}],"items_purged_floors":[2,22],"is_endless":false,"potions_floor_spawned":[3,4,8,14,18,21],"killed_by":"Slavers","ascension_level":13}