{"gold_per_floor":[117,117,128,203,203,234,251,315,363,380,413,130,146,162,162,260,310,325,325,403,89,104,104],"floor_reached":23,"playtime":1315,"items_purged":["Defend_R"],"score":248,"play_id":"e9d2e65c-00f4-41a8-a9fd-73dd524c1734","local_time":"20190325224604","is_ascension_mode":true,"campfire_choices":[{"data":"Corruption","floor":15,"key":"SMITH"}],"neow_cost":"NONE","seed_source_timestamp":30867701292810,"circlet_count":0,"master_deck":["Strike_R","Strike_R","Strike_R","Strike_R","Defend_R","Defend_R","Defend_R+1","Bash","Disarm","Metallicize+1","Disarm","Thunderclap","Wild Strike+1","Heavy Blade","Inflame","Corruption+1","Demon Form","Shrug It Off","Headbutt","Feel No Pain","Clash+1"],"relics":["Burning Blood","NeowsBlessing","Letter Opener","Tiny Chest","Ancient Tea Set","Bag of Preparation","Lee\u0027s Waffle","Tiny House","Bottled Tornado","Molten Egg 2"],"potions_floor_usage":[8,19],"damage_taken":[{"damage":0,"enemies":"Cultist","floor":1,"turns":1},{"damage":0,"enemies":"Small Slimes","floor":3,"turns":1},{"damage":0,"enemies":"3 Sentries","floor":6,"turns":2},{"damage":1,"enemies":"2 Louse","floor":7,"turns":3},{"damage":25,"enemies":"Lagavulin","floor":8,"turns":9},{"damage":0,"enemies":"Looter","floor":10,"turns":4},{"damage":30,"enemies":"Gremlin Nob","floor":11,"turns":7},{"damage":0,"enemies":"Exordium Wildlife","floor":13,"turns":2},{"damage":25,"enemies":"Exordium Thugs","floor":14,"turns":6},{"damage":41,"enemies":"Slime Boss","floor":16,"turns":13},{"damage":36,"enemies":"Spheric Guardian","floor":18,"turns":7},{"damage":52,"enemies":"Colosseum Slavers","floor":19,"turns":6},{"damage":12,"enemies":"Chosen","floor":22,"turns":6},{"damage":15,"enemies":"Slavers","floor":23,"turns":1}],"seed_played":"3630304144220393275","potions_obtained":[{"floor":1,"key":"Explosive Potion"},{"floor":8,"key":"Swift Potion"},{"floor":11,"key":"Energy Potion"},{"floor":14,"key":"Poison Potion"},{"floor":16,"key":"Weak Potion"},{"floor":17,"key":"Fire Potion"}],"is_trial":false,"path_per_floor":["M","?","M","?","?","E","M","E","T","M","E","$","M","M","R","B",null,"M","?","T","$","M","E"],"character_chosen":"IRONCLAD","items_purchased":["Lee\u0027s Waffle","Feel No Pain","Molten Egg 2"],"campfire_rested":0,"item_purchase_floors":[12,21,21],"current_hp_per_floor":[80,73,79,68,52,58,63,44,44,50,26,87,87,68,68,33,92,62,16,16,16,10,0],"gold":104,"neow_bonus":"THREE_ENEMY_KILL","is_prod":false,"is_daily":false,"chose_seed":false,"campfire_upgraded":1,"win_rate":0,"timestamp":1553553964,"path_taken":["M","?","M","?","?","E","M","E","T","M","E","$","M","M","R","BOSS","M","?","?","$","?","E"],"build_version":"2019-01-23","purchased_purges":1,"victory":false,"max_hp_per_floor":[80,80,80,80,80,80,80,80,80,80,80,87,87,87,87,87,92,92,92,92,92,92,92],"card_choices":[{"not_picked":["Ghostly Armor","Armaments"],"picked":"Disarm","floor":1},{"not_picked":["Flex","True Grit"],"picked":"Metallicize","floor":3},{"not_picked":["Iron Wave","Bludgeon"],"picked":"Disarm","floor":6},{"not_picked":["Battle Trance","Corruption"],"picked":"Thunderclap","floor":7},{"not_picked":["Heavy Blade","Havoc"],"picked":"Wild Strike","floor":8},{"not_picked":["Rupture","Anger","True Grit"],"picked":"SKIP","floor":10},{"not_picked":["Seeing Red","Rupture"],"picked":"Heavy Blade","floor":11},{"not_picked":["Pummel","Immolate"],"picked":"Inflame","floor":13},{"not_picked":["Whirlwind","Perfected Strike"],"picked":"Corruption","floor":14},{"not_picked":["Feed","Barricade"],"picked":"Demon Form","floor":16},{"not_picked":["Sever Soul","Havoc"],"picked":"Shrug It Off","floor":17},{"not_picked":["True Grit","Armaments"],"picked":"Headbutt","floor":18},{"not_picked":["Dual Wield","Perfected Strike+1"],"picked":"Clash+1","floor":22}],"player_experience":213689,"relics_obtained":[{"floor":6,"key":"Letter Opener"},{"floor":8,"key":"Tiny Chest"},{"floor":9,"key":"Ancient Tea Set"},{"floor":11,"key":"Bag of Preparation"},{"floor":20,"key":"Bottled Tornado"}],"event_choices":[{"cards_removed":["Strike_R"],"damage_healed":0,"gold_gain":0,"player_choice":"Card Removal","damage_taken":7,"max_hp_gain":0,"max_hp_loss":0,"event_name":"Golden Wing","floor":2,"gold_loss":0},{"damage_healed":0,"gold_gain":75,"player_choice":"Gather Gold","damage_taken":11,"max_hp_gain":0,"max_hp_loss":0,"event_name":"World of Goop","floor":4,"gold_loss":0},{"damage_healed":0,"gold_gain":0,"player_choice":"Entered Light","damage_taken":16,"max_hp_gain":0,"max_hp_loss":0,"event_name":"Shining Light","floor":5,"gold_loss":0,"cards_upgraded":["Defend_R","Metallicize"]},{"damage_healed":0,"gold_gain":0,"player_choice":"Fight","damage_taken":0,"max_hp_gain":0,"max_hp_loss":0,"event_name":"Colosseum","floor":19,"gold_loss":0},{"damage_healed":0,"gold_gain":0,"player_choice":"Fled From Nobs","damage_taken":0,"max_hp_gain":0,"max_hp_loss":0,"event_name":"Colosseum","floor":19,"gold_loss":0}],"is_beta":false,"boss_relics":[{"not_picked":["Pandora\u0027s Box","Astrolabe"],"picked":"Tiny House"}],"items_purged_floors":[12],"is_endless":false,"potions_floor_spawned":[1,8,11,14,16],"killed_by":"Slavers","ascension_level":1}