{"gold_per_floor":[115,127,144,160,160,160,177,193,193,193,203,203,218,232,232,232],"floor_reached":16,"playtime":649,"items_purged":[],"score":98,"play_id":"5107c0c4-e193-40f8-b9a6-c5d5da88a38b","local_time":"20180715170940","is_ascension_mode":false,"campfire_choices":[{"data":"Entrench","floor":6,"key":"SMITH"},{"floor":12,"key":"REST"},{"floor":15,"key":"REST"}],"neow_cost":"NONE","seed_source_timestamp":406370907382343,"circlet_count":0,"master_deck":["Strike_R","Strike_R","Strike_R","Strike_R","Strike_R","Defend_R","Defend_R","Defend_R","Defend_R","Bash","Entrench","Entrench+1","Shrug It Off","Flame Barrier","Normality","Bloodletting","Impervious","Regret","Clothesline","Dropkick","Impervious"],"relics":["Burning Blood","NeowsBlessing","Mummified Hand","Smiling Mask","Gremlin Horn"],"potions_floor_usage":[16,16,16],"damage_taken":[{"damage":0,"enemies":"Cultist","floor":1,"turns":1},{"damage":0,"enemies":"2 Louse","floor":2,"turns":1},{"damage":0,"enemies":"Small Slimes","floor":3,"turns":1},{"damage":9,"enemies":"2 Fungi Beasts","floor":4,"turns":5},{"damage":13,"enemies":"3 Louse","floor":7,"turns":5},{"damage":20,"enemies":"Exordium Wildlife","floor":8,"turns":6},{"damage":22,"enemies":"Red Slaver","floor":11,"turns":5},{"damage":38,"enemies":"Exordium Thugs","floor":13,"turns":9},{"damage":22,"enemies":"2 Fungi Beasts","floor":14,"turns":4},{"damage":41,"enemies":"Slime Boss","floor":16,"turns":8}],"seed_played":"-5839153688750427264","potions_obtained":[{"floor":1,"key":"Ancient Potion"},{"floor":4,"key":"Strength Potion"},{"floor":7,"key":"SteroidPotion"}],"is_trial":false,"path_per_floor":["M","M","M","M","?","R","M","M","T","?","M","R","M","M","R"],"character_chosen":"IRONCLAD","items_purchased":[],"campfire_rested":2,"item_purchase_floors":[],"current_hp_per_floor":[80,80,80,77,77,77,70,56,56,56,40,64,32,16,40,0],"gold":232,"neow_bonus":"THREE_ENEMY_KILL","is_prod":false,"is_daily":false,"chose_seed":false,"campfire_upgraded":1,"win_rate":0.0,"timestamp":1531667380,"path_taken":["M","M","M","?","?","R","M","M","T","?","M","R","?","M","R","BOSS"],"build_version":"2018-07-12","purchased_purges":0,"victory":false,"max_hp_per_floor":[80,80,80,80,80,80,80,80,80,80,80,80,80,80,80,80],"card_choices":[{"not_picked":["Reckless Charge","Searing Blow"],"picked":"Entrench","floor":1},{"not_picked":["Shrug It Off","Cleave"],"picked":"Entrench","floor":2},{"not_picked":["Body Slam","Clash"],"picked":"Shrug It Off","floor":3},{"not_picked":["Thunderclap","Disarm"],"picked":"Flame Barrier","floor":4},{"not_picked":["Brutality","Wild Strike"],"picked":"Bloodletting","floor":7},{"not_picked":["Flex","Pommel Strike"],"picked":"Impervious","floor":8},{"not_picked":["Wild Strike","Warcry"],"picked":"Clothesline","floor":11},{"not_picked":["Shrug It Off","Pummel"],"picked":"Dropkick","floor":13},{"not_picked":["Warcry","Thunderclap"],"picked":"Impervious","floor":14}],"player_experience":55609,"relics_obtained":[{"floor":9,"key":"Smiling Mask"}],"event_choices":[{"event_name":"Accursed Blacksmith","player_choice":"Rummage","floor":5,"damage_taken":0},{"event_name":"Big Fish","player_choice":"Box","floor":10,"damage_taken":0}],"boss_relics":[],"items_purged_floors":[],"is_endless":false,"potions_floor_spawned":[1,4,7,14],"killed_by":"Slime Boss","ascension_level":0}