{"gold_per_floor":[116,116,116,41,6,6,40,40,67,83,102,116,116,116,116,242,242,261,261,261,261,284,284],"floor_reached":23,"playtime":1097,"items_purged":["Strike_B"],"score":271,"play_id":"71bc1c97-635c-449a-8f46-a5c4750ad85c","local_time":"20180917002254","is_ascension_mode":true,"campfire_choices":[{"floor":6,"key":"REST"},{"floor":8,"key":"REST"},{"data":"Static Discharge","floor":15,"key":"SMITH"}],"neow_cost":"PERCENT_DAMAGE","seed_source_timestamp":127783663781624,"circlet_count":0,"master_deck":["Strike_B+1","Strike_B+1","Defend_B","Defend_B","Defend_B","Zap","Dualcast","Seek","Static Discharge+1","Loop","Buffer","Echo Form","BootSequence+1","Darkness"],"relics":["Cracked Core","Meat on the Bone","Whetstone","Bag of Preparation","Golden Idol","Matryoshka","Empty Cage"],"potions_floor_usage":[7,11],"damage_taken":[{"damage":3,"enemies":"2 Louse","floor":1,"turns":2},{"damage":26,"enemies":"Lagavulin","floor":7,"turns":8},{"damage":2,"enemies":"Jaw Worm","floor":10,"turns":4},{"damage":2,"enemies":"Small Slimes","floor":11,"turns":2},{"damage":4,"enemies":"3 Louse","floor":12,"turns":6},{"damage":40,"enemies":"Hexaghost","floor":16,"turns":9},{"damage":39,"enemies":"Chosen","floor":18,"turns":5},{"damage":16,"enemies":"Spheric Guardian","floor":22,"turns":4},{"damage":62,"enemies":"Gremlin Leader","floor":23,"turns":5}],"seed_played":"8701797361307580335","potions_obtained":[{"floor":1,"key":"Swift Potion"},{"floor":7,"key":"AttackPotion"}],"is_trial":false,"path_per_floor":["M","?","?","$","?","R","E","R","T","M","M","M","?","T","R","B",null,"M","?","?","?","M"],"character_chosen":"DEFECT","items_purchased":[],"campfire_rested":2,"item_purchase_floors":[],"current_hp_per_floor":[47,14,39,39,57,75,49,71,71,69,67,63,63,63,63,35,61,34,34,34,69,53,0],"gold":284,"neow_bonus":"THREE_RARE_CARDS","is_prod":false,"is_daily":false,"chose_seed":false,"campfire_upgraded":1,"win_rate":0,"timestamp":1537136574,"path_taken":["M","?","?","$","?","R","E","R","T","M","M","M","?","?","R","BOSS","M","?","?","?","M","E"],"build_version":"2018-09-06","purchased_purges":1,"victory":false,"max_hp_per_floor":[75,75,75,75,75,75,75,75,75,75,75,75,69,69,69,69,69,69,69,69,69,69,69],"card_choices":[{"not_picked":["Core Surge","Meteor Strike"],"picked":"Seek","floor":0},{"not_picked":["Reinforced Body","Beam Cell"],"picked":"Static Discharge","floor":1},{"not_picked":["Leap","Stack","Gash"],"picked":"SKIP","floor":7},{"not_picked":["Gash","Rebound"],"picked":"Loop","floor":10},{"not_picked":["Ball Lightning","Go for the Eyes","Coolheaded"],"picked":"SKIP","floor":11},{"not_picked":["Sunder","Undo"],"picked":"Buffer","floor":12},{"not_picked":["Machine Learning","Rainbow"],"picked":"Echo Form","floor":16},{"not_picked":["Leap","Coolheaded+1"],"picked":"BootSequence+1","floor":18},{"not_picked":["Barrage+1","Reboot"],"picked":"Darkness","floor":22}],"player_experience":261818,"relics_obtained":[{"floor":7,"key":"Whetstone"},{"floor":9,"key":"Bag of Preparation"},{"floor":14,"key":"Matryoshka"}],"event_choices":[{"event_name":"Scrap Ooze","player_choice":"success","floor":2,"damage_taken":33},{"event_name":"Big Fish","player_choice":"Banana","floor":3,"damage_taken":0},{"event_name":"The Cleric","player_choice":"Healed","floor":5,"damage_taken":0},{"event_name":"Golden Idol","player_choice":"Lose Max HP","floor":13,"damage_taken":0},{"event_name":"Vampires","player_choice":"Ignored","floor":19,"damage_taken":0},{"event_name":"Ghosts","player_choice":"Ignored","floor":20,"damage_taken":0},{"event_name":"Wheel of Change","player_choice":"Full Heal","floor":21,"damage_taken":0}],"is_beta":false,"boss_relics":[{"not_picked":["Philosopher\u0027s Stone","Tiny House"],"picked":"Empty Cage"}],"items_purged_floors":[4],"is_endless":false,"potions_floor_spawned":[1,7],"killed_by":"Gremlin Leader","ascension_level":9}