{"path_per_floor":["M","?","M","?","$","E","R","M","T","R","?","M","R","M","R","B",null,"M","M","?","M","M","R","E"],"character_chosen":"THE_SILENT","items_purchased":[],"gold_per_floor":[116,116,135,135,60,89,89,103,103,103,103,114,114,128,128,232,232,245,256,256,274,287,287,318,318],"floor_reached":25,"campfire_rested":1,"playtime":870,"item_purchase_floors":[],"current_hp_per_floor":[70,70,70,77,77,77,77,63,63,63,63,58,58,47,47,28,70,41,33,33,19,1,26,4,0],"items_purged":["Defend_G"],"gold":318,"score":310,"play_id":"267b0286-8a40-4a6f-b23c-e327ca99b23b","local_time":"20180602014203","is_prod":false,"is_daily":false,"chose_seed":false,"is_ascension_mode":true,"campfire_upgraded":4,"win_rate":0,"timestamp":1527918123,"campfire_choices":[{"data":"Outmaneuver","floor":7,"key":"SMITH"},{"data":"Dagger Throw","floor":10,"key":"SMITH"},{"data":"Survivor","floor":13,"key":"SMITH"},{"data":"Well Laid Plans","floor":15,"key":"SMITH"},{"floor":23,"key":"REST"}],"path_taken":["M","?","M","?","$","E","R","?","T","R","?","?","R","M","R","BOSS","M","M","?","M","M","R","E","?"],"build_version":"2018-05-30v2","seed_source_timestamp":388850641295819,"purchased_purges":1,"victory":false,"master_deck":["Defend_G","Defend_G","Defend_G","Defend_G","Strike_G","Strike_G","Strike_G","Strike_G","Strike_G","Survivor+1","Neutralize+1","Quick Slash","Dagger Throw+1","Outmaneuver+1","Decay","Infinite Blades","Well Laid Plans+1","Grand Finale","Cloak And Dagger","Skewer+1","Dagger Throw+1","Choke","Dagger Throw"],"max_hp_per_floor":[70,70,70,84,84,84,84,84,84,84,84,84,84,84,84,84,84,84,84,84,84,84,84,84,84],"relics":["Ring of the Snake","NeowsBlessing","Mango","Happy Flower","Letter Opener","Cursed Key","Bag of Marbles"],"card_choices":[{"not_picked":["Backflip","Finisher"],"picked":"Quick Slash","floor":1},{"not_picked":["Catalyst","Underhanded Strike"],"picked":"Dagger Throw","floor":3},{"not_picked":["Quick Slash","Distraction"],"picked":"Outmaneuver","floor":6},{"not_picked":["Dagger Throw","Dash","Sucker Punch"],"picked":"SKIP","floor":8},{"not_picked":["Riddle With Holes","Caltrops"],"picked":"Infinite Blades","floor":12},{"not_picked":["Backflip","Deadly Poison"],"picked":"Well Laid Plans","floor":14},{"not_picked":["Glass Knife","Envenom"],"picked":"Grand Finale","floor":16},{"not_picked":["Deadly Poison","Acrobatics+1"],"picked":"Cloak And Dagger","floor":18},{"not_picked":["Dagger Throw","Outmaneuver"],"picked":"Skewer+1","floor":19},{"not_picked":["Riddle With Holes","Outmaneuver"],"picked":"Dagger Throw+1","floor":21},{"not_picked":["Eviscerate","Cloak And Dagger"],"picked":"Choke","floor":22},{"not_picked":["Well Laid Plans","Caltrops"],"picked":"Dagger Throw","floor":24}],"player_experience":253022,"potions_floor_usage":[16,21,24,24,24],"damage_taken":[{"damage":0,"enemies":"2 Louse","floor":1,"turns":1},{"damage":0,"enemies":"Jaw Worm","floor":3,"turns":1},{"damage":0,"enemies":"Lagavulin","floor":6,"turns":1},{"damage":14,"enemies":"Small Slimes","floor":8,"turns":3},{"damage":5,"enemies":"Gremlin Gang","floor":12,"turns":4},{"damage":11,"enemies":"Looter","floor":14,"turns":3},{"damage":19,"enemies":"Slime Boss","floor":16,"turns":8},{"damage":29,"enemies":"Chosen","floor":18,"turns":7},{"damage":8,"enemies":"Shell Parasite","floor":19,"turns":4},{"damage":14,"enemies":"Cultist and Chosen","floor":21,"turns":6},{"damage":18,"enemies":"Snake Plant","floor":22,"turns":4},{"damage":36,"enemies":"Book of Stabbing","floor":24,"turns":5},{"damage":6,"enemies":"Sentry and Sphere","floor":25,"turns":2}],"relics_obtained":[{"floor":6,"key":"Happy Flower"},{"floor":9,"key":"Letter Opener"},{"floor":24,"key":"Bag of Marbles"}],"event_choices":[{"event_name":"Living Wall","player_choice":"Grow","floor":2,"damage_taken":0},{"event_name":"Scrap Ooze","player_choice":"success","floor":4,"damage_taken":7},{"event_name":"Wheel of Change","player_choice":"Curse","floor":11,"damage_taken":0},{"event_name":"The Lab","player_choice":"Got Potions","floor":20,"damage_taken":0}],"boss_relics":[{"not_picked":["Philosopher\u0027s Stone","Sozu"],"picked":"Cursed Key"}],"items_purged_floors":[5],"potions_floor_spawned":[6,14,16,21,24],"seed_played":"2952496771352787468","killed_by":"Sentry and Sphere","ascension_level":5,"potions_obtained":[{"floor":6,"key":"Swift Potion"},{"floor":14,"key":"Regen Potion"},{"floor":16,"key":"SkillPotion"},{"floor":20,"key":"Poison Potion"},{"floor":20,"key":"AttackPotion"},{"floor":21,"key":"GamblersBrew"},{"floor":24,"key":"Ancient Potion"}],"is_trial":false}