{"gold_per_floor":[367,53,53,63,78,78,99,125,194,194,2,35,45,63,63,137,137,151,76,76,65,65,65,76,89,89,89,13,42,54,66,78,90],"floor_reached":33,"playtime":1521,"items_purged":["Strike_B"],"score":478,"play_id":"da98dc24-65a1-4d81-a026-cb8324fad3ff","local_time":"20180923172235","is_ascension_mode":true,"campfire_choices":[{"floor":6,"key":"REST"},{"floor":10,"key":"REST"},{"data":"Static Discharge","floor":15,"key":"SMITH"},{"floor":23,"key":"REST"},{"floor":27,"key":"REST"},{"floor":30,"key":"REST"},{"floor":32,"key":"REST"}],"neow_cost":"PERCENT_DAMAGE","seed_source_timestamp":706946457819521,"circlet_count":0,"master_deck":["Strike_B","Strike_B","Strike_B","Defend_B","Defend_B","Defend_B","Defend_B","Zap","Dualcast","AscendersBane","BootSequence","Self Repair","Static Discharge+1","Storm","Machine Learning","Capacitor","Go for the Eyes+1","Coolheaded","Storm","Creative AI"],"relics":["Cracked Core","FossilizedHelix","Odd Mushroom","Pantograph","Lee\u0027s Waffle","Bronze Scales","Sozu","Nloth\u0027s Gift","Darkstone Periapt","MawBank"],"potions_floor_usage":[7,7,12],"damage_taken":[{"damage":14,"enemies":"Small Slimes","floor":1,"turns":3},{"damage":0,"enemies":"2 Louse","floor":4,"turns":2},{"damage":0,"enemies":"Jaw Worm","floor":5,"turns":3},{"damage":15,"enemies":"The Mushroom Lair","floor":7,"turns":3},{"damage":35,"enemies":"3 Sentries","floor":8,"turns":10},{"damage":32,"enemies":"Lagavulin","floor":12,"turns":6},{"damage":20,"enemies":"Lots of Slimes","floor":13,"turns":4},{"damage":0,"enemies":"Exordium Wildlife","floor":14,"turns":3},{"damage":31,"enemies":"Slime Boss","floor":16,"turns":11},{"damage":7,"enemies":"Chosen","floor":18,"turns":4},{"damage":21,"enemies":"2 Thieves","floor":21,"turns":4},{"damage":22,"enemies":"Snake Plant","floor":24,"turns":2},{"damage":35,"enemies":"Shelled Parasite and Fungi","floor":25,"turns":5},{"damage":27,"enemies":"Book of Stabbing","floor":29,"turns":5},{"damage":93,"enemies":"Automaton","floor":33,"turns":8}],"seed_played":"-8534169643107775573","potions_obtained":[{"floor":1,"key":"Fire Potion"},{"floor":4,"key":"Block Potion"},{"floor":8,"key":"Strength Potion"}],"is_trial":false,"path_per_floor":["M","$","?","M","M","R","?","E","T","R","$","E","M","M","R","B",null,"M","$","?","M","?","R","M","M","T","R","$","E","R","$","R"],"character_chosen":"DEFECT","items_purchased":["FossilizedHelix","Lee\u0027s Waffle","Storm"],"campfire_rested":6,"item_purchase_floors":[2,11,28],"current_hp_per_floor":[32,32,55,55,55,71,56,28,28,49,78,53,40,40,40,41,69,69,69,62,48,48,71,56,28,28,51,51,31,54,54,77,0],"gold":90,"neow_bonus":"TWO_FIFTY_GOLD","is_prod":false,"is_daily":false,"chose_seed":false,"campfire_upgraded":1,"win_rate":0,"timestamp":1537716155,"path_taken":["M","$","?","M","M","R","?","E","T","R","$","E","?","M","R","BOSS","M","$","?","M","?","R","?","M","T","R","$","E","R","$","R","BOSS"],"build_version":"2018-09-20","purchased_purges":1,"victory":false,"max_hp_per_floor":[71,71,71,71,71,71,71,71,71,71,78,78,78,78,78,78,78,78,78,78,78,78,78,78,78,78,78,78,78,78,78,78,78],"card_choices":[{"not_picked":["BootSequence","Blizzard","Steam"],"picked":"SKIP","floor":1},{"not_picked":["Turbo","Rip and Tear","Rebound"],"picked":"SKIP","floor":4},{"not_picked":["Recycle","Coolheaded"],"picked":"BootSequence","floor":5},{"not_picked":["Turbo","BootSequence"],"picked":"Self Repair","floor":7},{"not_picked":["BootSequence","Conserve Battery"],"picked":"Static Discharge","floor":8},{"not_picked":["Chill","FTL"],"picked":"Storm","floor":12},{"not_picked":["Leap","Gash","Beam Cell"],"picked":"SKIP","floor":13},{"not_picked":["Hologram","Skim","Genetic Algorithm"],"picked":"SKIP","floor":14},{"not_picked":["Fission","Multi-Cast"],"picked":"Machine Learning","floor":16},{"not_picked":["Redo","Reprogram"],"picked":"Capacitor","floor":18},{"not_picked":["Leap","Steam"],"picked":"Go for the Eyes+1","floor":21},{"not_picked":["Leap","Turbo","Streamline"],"picked":"SKIP","floor":24},{"not_picked":["Chaos","Doom and Gloom"],"picked":"Coolheaded","floor":25},{"not_picked":["Echo Form","Barrage"],"picked":"Creative AI","floor":29}],"player_experience":579940,"relics_obtained":[{"floor":7,"key":"Odd Mushroom"},{"floor":8,"key":"Art of War"},{"floor":9,"key":"Pantograph"},{"floor":12,"key":"Bronze Scales"},{"floor":26,"key":"Darkstone Periapt"},{"floor":29,"key":"MawBank"}],"event_choices":[{"event_name":"Big Fish","player_choice":"Banana","floor":3,"damage_taken":0},{"event_name":"Mushrooms","player_choice":"Fought Mushrooms","floor":7,"damage_taken":0},{"event_name":"Knowing Skull","player_choice":"","floor":20,"damage_taken":0},{"event_name":"N\u0027loth","player_choice":"Traded a Art of War","floor":22,"damage_taken":0}],"is_beta":false,"boss_relics":[{"not_picked":["Lizard Tail","Black Star"],"picked":"Sozu"}],"items_purged_floors":[19],"is_endless":false,"potions_floor_spawned":[1,4,8,24,29],"killed_by":"Automaton","ascension_level":15}