{"gold_per_floor":[15,29,79,90,106,106,122,141,141,141,158,158,175,135,135,210,210,222,222,12,12,24,24,55,67,94,94,5,20,20,33,33,104,104,118,129,129,129],"floor_reached":38,"playtime":4543,"items_purged":[],"score":907,"play_id":"28cfe919-21f8-492e-a1e2-6a645c998574","local_time":"20181004194435","is_ascension_mode":true,"campfire_choices":[{"floor":6,"key":"REST"},{"data":"Sunder","floor":15,"key":"SMITH"},{"floor":23,"key":"REST"},{"floor":30,"key":"REST"},{"floor":32,"key":"REST"}],"neow_cost":"NO_GOLD","seed_source_timestamp":581117279252026,"circlet_count":0,"master_deck":["Strike_B+1","Strike_B+1","Strike_B+1","Strike_B+1","Defend_B+1","Defend_B+1","Defend_B+1","Defend_B+1","Zap","Dualcast","AscendersBane","Conserve Battery","Ball Lightning","Loop","Coolheaded","Doom and Gloom","Capacitor","Conserve Battery+1","Sunder+1","Coolheaded+1","Multi-Cast+1","Consume+1","Chaos+1","Mayhem","Chill+1","Capacitor+1","BootSequence+1","Decay","Loop+1","Reprogram+1","Machine Learning+1","Electrodynamics+1"],"relics":["Cracked Core","Calipers","Prayer Wheel","Toxic Egg 2","Cursed Key","Frozen Egg 2","Centennial Puzzle","Inserter"],"potions_floor_usage":[16,18,22,24,29,31,33,36,38],"damage_taken":[{"damage":8,"enemies":"2 Louse","floor":1,"turns":2},{"damage":0,"enemies":"Cultist","floor":2,"turns":3},{"damage":2,"enemies":"Small Slimes","floor":4,"turns":4},{"damage":9,"enemies":"Exordium Wildlife","floor":5,"turns":5},{"damage":10,"enemies":"Large Slime","floor":7,"turns":5},{"damage":6,"enemies":"Blue Slaver","floor":8,"turns":3},{"damage":18,"enemies":"Exordium Thugs","floor":11,"turns":4},{"damage":0,"enemies":"2 Fungi Beasts","floor":13,"turns":2},{"damage":4,"enemies":"Looter","floor":14,"turns":4},{"damage":26,"enemies":"The Guardian","floor":16,"turns":9},{"damage":16,"enemies":"Chosen","floor":18,"turns":4},{"damage":12,"enemies":"3 Byrds","floor":22,"turns":4},{"damage":14,"enemies":"Gremlin Leader","floor":24,"turns":7},{"damage":24,"enemies":"Centurion and Healer","floor":25,"turns":6},{"damage":22,"enemies":"3 Cultists","floor":29,"turns":7},{"damage":22,"enemies":"Chosen and Byrds","floor":31,"turns":7},{"damage":0,"enemies":"Champ","floor":33,"turns":11},{"damage":36,"enemies":"3 Darklings","floor":35,"turns":6},{"damage":12,"enemies":"Orb Walker","floor":36,"turns":4},{"damage":65,"enemies":"Transient","floor":38,"turns":5}],"seed_played":"-871334086180019924","potions_obtained":[{"floor":4,"key":"Dexterity Potion"},{"floor":8,"key":"FocusPotion"},{"floor":16,"key":"Weak Potion"},{"floor":22,"key":"Explosive Potion"},{"floor":29,"key":"Explosive Potion"},{"floor":31,"key":"Regen Potion"},{"floor":33,"key":"Poison Potion"},{"floor":36,"key":"EssenceOfSteel"}],"is_trial":false,"path_per_floor":["M","M","?","M","M","R","M","M","T","T","M","?","M","M","R","B",null,"M","?","$","?","M","R","E","M","T","?","$","M","R","M","R","B",null,"M","M","?"],"character_chosen":"DEFECT","items_purchased":["Mayhem","Regen Potion"],"campfire_rested":4,"item_purchase_floors":[20,28],"current_hp_per_floor":[56,56,56,54,45,66,56,50,50,50,32,55,55,51,51,25,60,44,44,44,44,32,53,39,15,15,15,15,8,29,7,28,43,64,28,16,58,0],"gold":129,"neow_bonus":"ONE_RARE_RELIC","is_prod":false,"is_daily":false,"chose_seed":false,"campfire_upgraded":1,"win_rate":0,"timestamp":1538675075,"path_taken":["M","M","?","M","M","R","M","M","T","?","M","?","?","M","R","BOSS","M","?","$","?","M","R","E","M","T","?","$","M","R","M","R","BOSS","M","?","?","?"],"build_version":"2018-09-27","purchased_purges":0,"victory":false,"max_hp_per_floor":[71,71,71,71,71,71,71,71,71,71,71,71,71,71,71,71,71,71,71,71,71,71,71,71,71,71,71,71,71,71,71,71,71,71,71,71,58,58],"card_choices":[{"not_picked":["Stack","Recycle","Turbo"],"picked":"SKIP","floor":1},{"not_picked":["Streamline","Tempest"],"picked":"Conserve Battery","floor":2},{"not_picked":["Turbo","Steam"],"picked":"Ball Lightning","floor":4},{"not_picked":["Leap","Stack"],"picked":"Loop","floor":5},{"not_picked":["Machine Learning","Scrape"],"picked":"Coolheaded","floor":7},{"not_picked":["Gash","Force Field","Leap"],"picked":"SKIP","floor":8},{"not_picked":["Redo+1","Compile Driver"],"picked":"Doom and Gloom","floor":11},{"not_picked":["Conserve Battery+1","Sweeping Beam"],"picked":"Capacitor","floor":11},{"not_picked":["Rip and Tear","Turbo+1"],"picked":"Conserve Battery+1","floor":13},{"not_picked":["Machine Learning","Conserve Battery+1"],"picked":"Sunder","floor":13},{"not_picked":["Sweeping Beam","Conserve Battery+1"],"picked":"Coolheaded+1","floor":14},{"not_picked":["Barrage","Sweeping Beam","Compile Driver"],"picked":"SKIP","floor":14},{"not_picked":["Buffer","Creative AI"],"picked":"Multi-Cast+1","floor":16},{"not_picked":["Stack+1","Streamline"],"picked":"Consume+1","floor":18},{"not_picked":["Rebound","Ball Lightning"],"picked":"Chaos+1","floor":18},{"not_picked":["Sweeping Beam","Streamline"],"picked":"Chill+1","floor":22},{"not_picked":["Conserve Battery+1","Barrage","Genetic Algorithm+1"],"picked":"SKIP","floor":22},{"not_picked":["Rip and Tear","Undo+1"],"picked":"Capacitor","floor":24},{"not_picked":["Lockon","Cold Snap+1","Hologram+1"],"picked":"SKIP","floor":25},{"not_picked":["BootSequence+1","Hologram+1","Ball Lightning"],"picked":"SKIP","floor":25},{"not_picked":["Hologram+1","Ball Lightning"],"picked":"BootSequence+1","floor":25},{"not_picked":["Lockon","Cold Snap+1","Hologram+1"],"picked":"SKIP","floor":25},{"not_picked":["Compile Driver","Redo+1","Hyperbeam"],"picked":"SKIP","floor":29},{"not_picked":["Reprogram+1","Chaos+1","Sweeping Beam"],"picked":"SKIP","floor":29},{"not_picked":["Steam+1","Skim+1"],"picked":"Loop+1","floor":31},{"not_picked":["Coolheaded+1","Go for the Eyes"],"picked":"Reprogram+1","floor":31},{"not_picked":["Rainbow+1","Fission+1"],"picked":"Machine Learning+1","floor":33},{"not_picked":["Rebound","Heatsinks+1","Coolheaded+1"],"picked":"SKIP","floor":35},{"not_picked":["Lockon+1","Coolheaded+1","Stack+1"],"picked":"SKIP","floor":35},{"not_picked":["Ball Lightning","Aggregate+1"],"picked":"Electrodynamics+1","floor":36},{"not_picked":["Streamline","Gash","Beam Cell+1"],"picked":"SKIP","floor":36}],"player_experience":748964,"relics_obtained":[{"floor":9,"key":"Prayer Wheel"},{"floor":10,"key":"Toxic Egg 2"},{"floor":24,"key":"Frozen Egg 2"},{"floor":26,"key":"Centennial Puzzle"}],"event_choices":[{"event_name":"Golden Shrine","player_choice":"Pray","floor":3,"damage_taken":0},{"event_name":"Big Fish","player_choice":"Banana","floor":12,"damage_taken":0},{"event_name":"Back to Basics","player_choice":"Simplicity","floor":19,"damage_taken":0},{"event_name":"Ghosts","player_choice":"Ignored","floor":27,"damage_taken":0},{"event_name":"The Moai Head","player_choice":"Heal","floor":37,"damage_taken":0}],"is_beta":false,"boss_relics":[{"not_picked":["FrozenCore","Philosopher\u0027s Stone"],"picked":"Cursed Key"},{"not_picked":["Velvet Choker","Snecko Eye"],"picked":"Inserter"}],"items_purged_floors":[],"is_endless":false,"potions_floor_spawned":[4,8,11,16,22,29,31,33,36],"killed_by":"Transient","ascension_level":19}