{"gold_per_floor":[110,127,127,127,152,152,183,196,196,221,246],"floor_reached":11,"playtime":304,"items_purged":[],"score":100,"play_id":"aea0c434-7a1a-4854-a9b6-4b9fbba89ab8","local_time":"20181210002424","is_ascension_mode":true,"campfire_choices":[{"data":"Creative AI","floor":6,"key":"SMITH"}],"neow_cost":"TEN_PERCENT_HP_LOSS","seed_source_timestamp":2017588371069976,"circlet_count":0,"master_deck":["Strike_B","Strike_B","Strike_B","Strike_B","Defend_B","Defend_B","Defend_B","Defend_B","Zap","Dualcast","Creative AI+1","White Noise","Cold Snap","Injury","Self Repair","BootSequence","Steam","Self Repair","Beam Cell"],"relics":["Cracked Core","Golden Idol","Art of War","Gremlin Horn"],"potions_floor_usage":[7,8,10],"damage_taken":[{"damage":1,"enemies":"Cultist","floor":1,"turns":3},{"damage":12,"enemies":"2 Louse","floor":2,"turns":4},{"damage":13,"enemies":"Small Slimes","floor":5,"turns":2},{"damage":31,"enemies":"Gremlin Nob","floor":7,"turns":4},{"damage":15,"enemies":"3 Louse","floor":8,"turns":3},{"damage":7,"enemies":"Large Slime","floor":10,"turns":5},{"damage":13,"enemies":"Exordium Wildlife","floor":11,"turns":5}],"seed_played":"-8447102471940523555","potions_obtained":[{"floor":1,"key":"Poison Potion"},{"floor":7,"key":"Fruit Juice"},{"floor":8,"key":"AttackPotion"},{"floor":11,"key":"FearPotion"}],"is_trial":false,"path_per_floor":["M","M","?","?","M","R","E","M","T","M","M"],"character_chosen":"DEFECT","items_purchased":[],"campfire_rested":0,"item_purchase_floors":[],"current_hp_per_floor":[67,55,55,55,42,42,18,15,15,15,16],"gold":246,"neow_bonus":"THREE_RARE_CARDS","is_prod":false,"is_daily":false,"chose_seed":false,"campfire_upgraded":1,"win_rate":0,"timestamp":1544397864,"path_taken":["M","M","?","?","M","R","E","M","T","?","M"],"build_version":"2018-12-06","purchased_purges":0,"victory":false,"max_hp_per_floor":[68,68,68,68,68,68,68,73,73,73,73],"card_choices":[{"not_picked":["Seek","Echo Form"],"picked":"Creative AI","floor":0},{"not_picked":["Consume","Conserve Battery"],"picked":"White Noise","floor":1},{"not_picked":["Compile Driver","Rebound"],"picked":"Cold Snap","floor":2},{"not_picked":["Fusion","Aggregate"],"picked":"Self Repair","floor":5},{"not_picked":["FTL","Static Discharge"],"picked":"BootSequence","floor":7},{"not_picked":["Aggregate","Hologram"],"picked":"Steam","floor":8},{"not_picked":["Gash","Rebound"],"picked":"Self Repair","floor":10},{"not_picked":["Redo","Coolheaded"],"picked":"Beam Cell","floor":11}],"player_experience":419305,"relics_obtained":[{"floor":7,"key":"Art of War"},{"floor":9,"key":"Gremlin Horn"}],"event_choices":[{"damage_healed":0,"gold_gain":0,"player_choice":"Take Wound","damage_taken":0,"relics_obtained":["Golden Idol"],"max_hp_gain":0,"max_hp_loss":0,"event_name":"Golden Idol","floor":3,"gold_loss":0,"cards_obtained":["Injury"]},{"damage_healed":0,"gold_gain":0,"player_choice":"Bought 0 Potions","damage_taken":0,"max_hp_gain":0,"max_hp_loss":0,"event_name":"The Woman in Blue","floor":4,"gold_loss":0}],"is_beta":false,"boss_relics":[],"items_purged_floors":[],"is_endless":false,"potions_floor_spawned":[1,7,8,11],"killed_by":"Exordium Wildlife","ascension_level":6}