{"gold_per_floor":[110,121,137,152,152,152,166,177,177,194,209,209,174,194,194,289,289,309,309,325,325,56,56,91,91,115,149,149,181,181,195,195,195],"floor_reached":33,"playtime":2401,"items_purged":[],"score":398,"play_id":"2fbfe6c2-e25f-4084-ac67-9d4288f1b85c","local_time":"20180904184255","is_ascension_mode":true,"campfire_choices":[{"floor":6,"key":"REST"},{"data":"Rupture","floor":12,"key":"SMITH"},{"data":"Rupture","floor":15,"key":"SMITH"},{"floor":23,"key":"REST"},{"floor":25,"key":"REST"},{"data":"RitualDagger","floor":28,"key":"SMITH"},{"floor":32,"key":"REST"}],"neow_cost":"PERCENT_DAMAGE","seed_source_timestamp":0,"circlet_count":0,"master_deck":["Strike_R","Strike_R","Strike_R","Strike_R","Strike_R","Defend_R","Defend_R","Defend_R","Defend_R+1","Bash","Anger+1","Shrug It Off","Pommel Strike","Cleave","Double Tap","Anger","Rupture+1","Rupture+1","Thunderclap+1","Offering","Heavy Blade","RitualDagger+1","Anger","Spot Weakness+1","Spot Weakness","Bludgeon","Warcry+1","Iron Wave+1"],"special_seed":0,"relics":["Burning Blood","Mango","Self Forming Clay","Paper Frog","Sozu","Sling","Whetstone","War Paint","Pear","Art of War","Boot"],"potions_floor_usage":[8,14,16,18],"damage_taken":[{"damage":6.0,"enemies":"Cultist","floor":1.0,"turns":3.0},{"damage":16.0,"enemies":"2 Louse","floor":2.0,"turns":3.0},{"damage":11,"enemies":"Small Slimes","floor":3,"turns":4},{"damage":12,"enemies":"3 Louse","floor":4,"turns":4},{"damage":0,"enemies":"2 Fungi Beasts","floor":7,"turns":2},{"damage":5,"enemies":"Red Slaver","floor":8,"turns":4},{"damage":0,"enemies":"Blue Slaver","floor":10,"turns":3},{"damage":14,"enemies":"Large Slime","floor":11,"turns":6},{"damage":13,"enemies":"Lots of Slimes","floor":14,"turns":4},{"damage":55,"enemies":"The Guardian","floor":16,"turns":9},{"damage":6,"enemies":"Spheric Guardian","floor":18,"turns":1},{"damage":19,"enemies":"2 Thieves","floor":20,"turns":4},{"damage":37,"enemies":"Colosseum Slavers","floor":21,"turns":4},{"damage":28,"enemies":"Book of Stabbing","floor":24,"turns":3},{"damage":6,"enemies":"Gremlin Leader","floor":27,"turns":4},{"damage":17,"enemies":"Book of Stabbing","floor":29,"turns":3},{"damage":36,"enemies":"Centurion and Healer","floor":31,"turns":5},{"damage":96,"enemies":"Collector","floor":33,"turns":7}],"seed_played":"2484203785999613412","potions_obtained":[{"floor":7,"key":"EssenceOfSteel"},{"floor":8,"key":"Weak Potion"},{"floor":10,"key":"Swift Potion"},{"floor":11,"key":"SneckoOil"}],"is_trial":false,"path_per_floor":["M","M","M","M","?","R","M","M","T","M","M","R","?","M","R","B",null,"M","?","M","?","$","R","E","R","T","E","R","E","?","M","R"],"character_chosen":"IRONCLAD","items_purchased":["Sling","Spot Weakness"],"campfire_rested":4,"item_purchase_floors":[22,22],"current_hp_per_floor":[70,60,55,49,24,52,58,59,59,65,57,57,80,73,73,24,94,94,88,75,44,44,72,50,78,78,88,88,77,77,47,78,0],"gold":195,"neow_bonus":"ONE_RARE_RELIC","is_prod":false,"is_daily":false,"chose_seed":false,"campfire_upgraded":3,"win_rate":0,"timestamp":1536079375,"path_taken":["M","?","M","M","?","R","M","M","T","M","M","R","?","?","R","BOSS","M","?","?","?","$","R","E","R","T","E","R","E","?","M","R","BOSS"],"build_version":"2018-08-30","purchased_purges":0,"victory":false,"max_hp_per_floor":[94,94,94,94,94,94,94,94,94,94,94,94,94,94,94,94,94,94,94,94,94,94,94,94,94,94,104,104,104,104,104,104,104],"card_choices":[{"not_picked":["Heavy Blade","Thunderclap"],"picked":"Anger","floor":1.0},{"not_picked":["Thunderclap","Evolve"],"picked":"Shrug It Off","floor":2.0},{"not_picked":["Sever Soul","Infernal Blade"],"picked":"Pommel Strike","floor":3},{"not_picked":["Disarm","Headbutt"],"picked":"Cleave","floor":4},{"not_picked":["Carnage","Wild Strike"],"picked":"Double Tap","floor":7},{"not_picked":["Shrug It Off","Cleave"],"picked":"Anger","floor":8},{"not_picked":["Twin Strike","Clothesline"],"picked":"Rupture","floor":10},{"not_picked":["Armaments","Clothesline"],"picked":"Rupture","floor":11},{"not_picked":["Body Slam","Shrug It Off"],"picked":"Thunderclap","floor":14},{"not_picked":["Exhume","Feed"],"picked":"Offering","floor":16},{"not_picked":["Rampage","Sever Soul"],"picked":"Heavy Blade","floor":18},{"not_picked":["Blood for Blood","Flex"],"picked":"Anger","floor":20},{"not_picked":["Iron Wave+1","Flex"],"picked":"Spot Weakness","floor":24},{"not_picked":["Havoc+1","Blood for Blood"],"picked":"Bludgeon","floor":27},{"not_picked":["Dual Wield","Cleave"],"picked":"Warcry+1","floor":29},{"not_picked":["Hemokinesis","Wild Strike"],"picked":"Iron Wave+1","floor":31}],"player_experience":96148,"relics_obtained":[{"floor":9,"key":"Paper Frog"},{"floor":24,"key":"Whetstone"},{"floor":26,"key":"War Paint"},{"floor":27,"key":"Pear"},{"floor":29,"key":"Art of War"}],"event_choices":[{"event_name":"Scrap Ooze","player_choice":"success","floor":5,"damage_taken":25},{"event_name":"The Cleric","player_choice":"Healed","floor":13,"damage_taken":0},{"event_name":"Nest","player_choice":"Joined the Cult","floor":19,"damage_taken":0},{"event_name":"Colosseum","player_choice":"Fight","floor":21,"damage_taken":0},{"event_name":"Colosseum","player_choice":"Fled From Nobs","floor":21,"damage_taken":0},{"event_name":"The Mausoleum","player_choice":"Yes","floor":30,"damage_taken":0}],"is_beta":false,"boss_relics":[{"not_picked":["Black Blood","Snecko Eye"],"picked":"Sozu"}],"items_purged_floors":[],"is_endless":false,"potions_floor_spawned":[7,8,10,11,20,21,24,31],"killed_by":"Collector","ascension_level":3}