{"gold_per_floor":[118,130,146,197,207,232,232,264,264,284,284,300,30,130,130,228,228,248,248,279,279,293,325,325,325,403,419,431,37,52,64,64,64],"floor_reached":33,"playtime":2220,"items_purged":[],"score":304,"play_id":"e5ca6844-63a5-47d5-badb-4fdc03f4ba07","local_time":"20180624220213","is_ascension_mode":false,"campfire_choices":[{"floor":7,"key":"REST"},{"floor":11,"key":"REST"},{"data":"Mind Blast","floor":15,"key":"SMITH"},{"floor":25,"key":"REST"},{"floor":32,"key":"REST"}],"neow_cost":"NONE","seed_source_timestamp":919046964626461,"circlet_count":0,"master_deck":["Strike_R","Strike_R","Strike_R","Strike_R","Strike_R","Defend_R","Defend_R","Defend_R","Defend_R","Bash","Sever Soul","Dropkick","Clothesline","Perfected Strike","Clothesline","Power Through","Shrug It Off","Pommel Strike","Mind Blast+1","Warcry","Spot Weakness","Inflame","Feed","Shockwave","Rage","Burning Pact+1","RitualDagger","Heavy Blade","Anger","Armaments","Infernal Blade","Purity","Fire Breathing","Armaments","Rampage","Iron Wave","Power Through","Anger"],"relics":["Burning Blood","NeowsBlessing","Meat on the Bone","Vajra","Blood Vial","Lizard Tail","Red Mask","Letter Opener","Centennial Puzzle"],"potions_floor_usage":[6,8,10,16,18,23,27,28,30,33,33],"damage_taken":[{"damage":0,"enemies":"Jaw Worm","floor":1,"turns":1},{"damage":0,"enemies":"2 Louse","floor":2,"turns":1},{"damage":0,"enemies":"Small Slimes","floor":3,"turns":1},{"damage":7,"enemies":"3 Louse","floor":5,"turns":4},{"damage":34,"enemies":"Gremlin Nob","floor":6,"turns":6},{"damage":34,"enemies":"Lagavulin","floor":8,"turns":6},{"damage":21,"enemies":"Gremlin Gang","floor":10,"turns":4},{"damage":2,"enemies":"Exordium Wildlife","floor":12,"turns":4},{"damage":61,"enemies":"Hexaghost","floor":16,"turns":9},{"damage":12,"enemies":"Shell Parasite","floor":18,"turns":2},{"damage":34,"floor":20,"turns":6},{"damage":0,"enemies":"Chosen","floor":22,"turns":4},{"damage":65,"enemies":"Book of Stabbing","floor":23,"turns":8},{"damage":9,"enemies":"Centurion and Healer","floor":27,"turns":3},{"damage":29,"enemies":"3 Cultists","floor":28,"turns":7},{"damage":46,"enemies":"Cultist and Chosen","floor":30,"turns":8},{"damage":30,"enemies":"Snake Plant","floor":31,"turns":3},{"damage":62,"enemies":"Champ","floor":33,"turns":9}],"seed_played":"7074276137557908171","potions_obtained":[{"floor":1,"key":"SpeedPotion"},{"floor":6,"key":"Energy Potion"},{"floor":8,"key":"Strength Potion"},{"floor":12,"key":"Explosive Potion"},{"floor":16,"key":"AttackPotion"},{"floor":20,"key":"Block Potion"},{"floor":23,"key":"Poison Potion"},{"floor":27,"key":"SkillPotion"},{"floor":30,"key":"FearPotion"},{"floor":31,"key":"PowerPotion"}],"is_trial":false,"path_per_floor":["M","M","M","?","M","E","R","E","T","M","R","M","$","?","R","B",null,"M","?","?","?","M","E","?","R","T","M","M","$","M","M","R"],"character_chosen":"IRONCLAD","items_purchased":["Mind Blast","Warcry","Spot Weakness","Inflame","Purity","Fire Breathing","Armaments","Rampage","Iron Wave","Regen Potion"],"campfire_rested":4,"item_purchase_floors":[13,13,13,13,29,29,29,29,29,29],"current_hp_per_floor":[80,80,80,80,79,51,75,47,47,46,70,76,76,76,76,35,80,74,74,48,42,50,46,46,70,70,69,48,48,37,27,51,0],"gold":64,"neow_bonus":"THREE_ENEMY_KILL","is_prod":false,"is_daily":false,"chose_seed":false,"campfire_upgraded":1,"win_rate":0.0,"timestamp":1529870533,"path_taken":["M","M","M","?","M","E","R","E","T","M","R","M","$","?","R","BOSS","M","?","?","?","M","E","?","R","T","M","?","$","M","M","R","BOSS"],"build_version":"2018-06-21v2","purchased_purges":0,"victory":false,"max_hp_per_floor":[80,80,80,80,80,80,80,80,80,80,80,80,80,80,80,80,80,80,80,80,80,80,80,80,80,80,80,80,80,80,80,80,80],"card_choices":[{"not_picked":["Headbutt","Clash"],"picked":"Sever Soul","floor":1},{"not_picked":["Carnage","Sword Boomerang"],"picked":"Dropkick","floor":2},{"not_picked":["Headbutt","Shrug It Off"],"picked":"Clothesline","floor":3},{"not_picked":["Pommel Strike","Thunderclap"],"picked":"Perfected Strike","floor":5},{"not_picked":["True Grit","Thunderclap"],"picked":"Clothesline","floor":6},{"not_picked":["Bloodletting","Uppercut"],"picked":"Power Through","floor":8},{"not_picked":["Fiend Fire","Clothesline"],"picked":"Shrug It Off","floor":10},{"not_picked":["Body Slam","Thunderclap"],"picked":"Pommel Strike","floor":12},{"not_picked":["Juggernaut","Reaper"],"picked":"Feed","floor":16},{"not_picked":["Perfected Strike","Warcry+1"],"picked":"Shockwave","floor":18},{"not_picked":["Clash","Bloodletting+1"],"picked":"Burning Pact+1","floor":20},{"not_picked":["Rupture","Twin Strike"],"picked":"Heavy Blade","floor":22},{"not_picked":["Sword Boomerang","True Grit"],"picked":"Anger","floor":23},{"not_picked":["Thunderclap","Cleave"],"picked":"Armaments","floor":27},{"not_picked":["Sword Boomerang+1","Uppercut"],"picked":"Infernal Blade","floor":28},{"not_picked":["Inflame","Armaments"],"picked":"Power Through","floor":30},{"not_picked":["Body Slam","Warcry"],"picked":"Anger","floor":31}],"player_experience":20937,"relics_obtained":[{"floor":6,"key":"Meat on the Bone"},{"floor":8,"key":"Vajra"},{"floor":9,"key":"Blood Vial"},{"floor":20,"key":"Red Mask"},{"floor":23,"key":"Letter Opener"},{"floor":26,"key":"Centennial Puzzle"}],"event_choices":[{"event_name":"Golden Wing","player_choice":"Gained Gold","floor":4,"damage_taken":0},{"event_name":"Golden Shrine","player_choice":"Pray","floor":14,"damage_taken":0},{"event_name":"The Library","player_choice":"Read","floor":19,"damage_taken":0},{"event_name":"Masked Bandits","player_choice":"Fought over 248 gold","floor":20,"damage_taken":0},{"event_name":"Nest","player_choice":"Joined the Cult","floor":21,"damage_taken":0},{"event_name":"Cursed Tome","player_choice":"Ignored","floor":24,"damage_taken":0}],"boss_relics":[{"not_picked":["Velvet Choker","Calling Bell"],"picked":"Lizard Tail"}],"items_purged_floors":[],"is_endless":false,"potions_floor_spawned":[1,6,8,12,16,20,23,27,30,31],"killed_by":"Champ","ascension_level":0}