{"gold_per_floor":[112,132,148,8,22,22,79,93,116,116,116,126,141,157,157,259,259,277,289,29,29,29,29,29,29,52,65,28,28,28,43,43,145,145,163,163,0,25,25,25,25,25,25,25,42,42,42,52,52,52],"floor_reached":50,"playtime":1929,"items_purged":[],"score":630,"play_id":"88d301be-b884-4a57-a8a9-dcf6506578a8","local_time":"20180722232709","is_ascension_mode":false,"campfire_choices":[{"floor":6,"key":"REST"},{"floor":10,"key":"REST"},{"floor":15,"key":"REST"},{"floor":23,"key":"REST"},{"floor":25,"key":"REST"},{"floor":32,"key":"REST"},{"floor":40,"key":"REST"},{"floor":47,"key":"REST"},{"floor":49,"key":"REST"}],"neow_cost":"","seed_source_timestamp":1032538169026114,"circlet_count":0,"master_deck":["Dualcast","Darkness","Auto Shields","Darkness","Capacitor","Steam","Barrage","Sunder","Redo","Buffer","Heatsinks","Redo","Buffer","Ball Lightning","Storm+1","BootSequence","Melter","Static Discharge","Hello World+1","Electrodynamics","Coolheaded","Skim","Turbo","Reprogram","Hologram","White Noise","White Noise","Ball Lightning","Turbo","Mind Blast","Panache","Panache","Reinforced Body","Loop","Cold Snap+1"],"relics":["Cracked Core","Juzu Bracelet","Nuclear Battery","Bottled Lightning","Strawberry","Pandora\u0027s Box","Red Mask","Vajra","Omamori","Unceasing Top"],"potions_floor_usage":[12,16,16,16,19,31,31,31,31,50,50],"damage_taken":[{"damage":0,"enemies":"Cultist","floor":1,"turns":2},{"damage":11,"enemies":"2 Louse","floor":2,"turns":2},{"damage":17,"enemies":"Small Slimes","floor":3,"turns":4},{"damage":18,"enemies":"Exordium Thugs","floor":5,"turns":5},{"damage":14,"enemies":"Blue Slaver","floor":8,"turns":4},{"damage":8,"enemies":"Red Slaver","floor":12,"turns":3},{"damage":6,"enemies":"3 Louse","floor":13,"turns":4},{"damage":10,"enemies":"Looter","floor":14,"turns":3},{"damage":38,"enemies":"Slime Boss","floor":16,"turns":8},{"damage":30,"enemies":"Spheric Guardian","floor":18,"turns":6},{"damage":26,"enemies":"Shell Parasite","floor":19,"turns":7},{"damage":20,"enemies":"Centurion and Healer","floor":27,"turns":9},{"damage":0,"enemies":"Sentry and Sphere","floor":31,"turns":3},{"damage":57,"enemies":"Champ","floor":33,"turns":13},{"damage":18,"enemies":"Orb Walker","floor":35,"turns":3},{"damage":46,"floor":44,"turns":5},{"damage":6,"enemies":"3 Darklings","floor":45,"turns":3},{"damage":22,"enemies":"Flame Bruiser 2 Orb","floor":48,"turns":5},{"damage":63,"enemies":"Awakened One","floor":50,"turns":3}],"seed_played":"-6236510944421294305","potions_obtained":[{"floor":2,"key":"FearPotion"},{"floor":3,"key":"FearPotion"},{"floor":5,"key":"LiquidBronze"},{"floor":12,"key":"Regen Potion"},{"floor":13,"key":"Explosive Potion"},{"floor":18,"key":"Weak Potion"},{"floor":27,"key":"EntropicBrew"},{"floor":45,"key":"FocusPotion"},{"floor":48,"key":"PowerPotion"}],"is_trial":false,"path_per_floor":["M","M","M","$","M","R","?","M","T","R","?","M","M","M","R","B",null,"M","M","$","?","?","R","?","R","T","M","$","?","?","M","R","B",null,"M","?","?","T","$","R","?","?","T","?","M","$","R","M","R"],"character_chosen":"DEFECT","items_purchased":["Capacitor","Steam","Barrage","Bottled Lightning","Melter"],"campfire_rested":9,"item_purchase_floors":[4,4,4,20,28],"current_hp_per_floor":[75,64,47,47,29,51,51,37,37,59,59,51,45,35,57,34,75,45,19,19,19,19,41,41,63,70,50,50,50,50,50,74,17,82,64,54,54,54,54,78,78,82,82,36,30,30,54,32,56,0],"gold":52,"neow_bonus":"","is_prod":false,"is_daily":false,"chose_seed":false,"campfire_upgraded":0,"win_rate":0,"timestamp":1532294829,"path_taken":["M","?","?","$","M","R","?","M","T","R","?","M","M","M","R","BOSS","M","M","$","?","?","R","?","R","T","M","?","?","?","M","R","BOSS","M","?","?","?","?","R","?","?","T","?","M","$","R","M","R","BOSS"],"build_version":"2018-07-19v2","purchased_purges":0,"victory":false,"max_hp_per_floor":[75,75,75,75,75,75,75,75,75,75,75,75,75,75,75,75,75,75,75,75,75,75,75,75,75,82,82,82,82,82,82,82,82,82,82,82,82,82,82,82,82,82,82,82,82,82,82,82,82,82],"card_choices":[{"not_picked":["Hologram","Stack"],"picked":"Darkness","floor":1},{"not_picked":["Gash","Steam Power"],"picked":"Auto Shields","floor":2},{"not_picked":["Sweeping Beam","Leap"],"picked":"Darkness","floor":3},{"not_picked":["Hologram","Compile Driver"],"picked":"Sunder","floor":5},{"not_picked":["Sunder","Rebound"],"picked":"Redo","floor":8},{"not_picked":["White Noise","Compile Driver"],"picked":"Buffer","floor":12},{"not_picked":["Darkness","Consume"],"picked":"Heatsinks","floor":13},{"not_picked":["Conserve Battery","Stack"],"picked":"Redo","floor":14},{"not_picked":["Machine Learning","Biased Cognition"],"picked":"Buffer","floor":16},{"not_picked":["Coolheaded","Beam Cell"],"picked":"Ball Lightning","floor":18},{"not_picked":["Steam","Chill"],"picked":"Storm+1","floor":19},{"not_picked":["Sweeping Beam","Heatsinks"],"picked":"BootSequence","floor":27},{"not_picked":["Stack","Beam Cell"],"picked":"Hello World+1","floor":31},{"not_picked":["Creative AI","Multi-Cast"],"picked":"Electrodynamics","floor":33},{"not_picked":["Sweeping Beam","Compile Driver+1"],"picked":"Turbo","floor":35},{"not_picked":["Transmutation","Finesse"],"picked":"Mind Blast","floor":36},{"not_picked":["Dark Shackles","Madness"],"picked":"Panache","floor":36},{"not_picked":["Good Instincts","Master of Strategy"],"picked":"Panache","floor":36},{"not_picked":["Gash+1","Rebound"],"picked":"Reinforced Body","floor":44},{"not_picked":["Rip and Tear+1","Leap"],"picked":"Loop","floor":45},{"not_picked":["Steam","Scrape"],"picked":"Cold Snap+1","floor":48}],"player_experience":79987,"relics_obtained":[{"floor":9,"key":"Juzu Bracelet"},{"floor":26,"key":"Strawberry"},{"floor":38,"key":"Vajra"},{"floor":43,"key":"Omamori"},{"floor":44,"key":"Unceasing Top"}],"event_choices":[{"event_name":"Golden Wing","player_choice":"Gained Gold","floor":7,"damage_taken":0},{"event_name":"Match and Keep!","player_choice":"0 cards matched","floor":11,"damage_taken":0},{"event_name":"Cursed Tome","player_choice":"Ignored","floor":21,"damage_taken":0},{"event_name":"Drug Dealer","player_choice":"Ignored","floor":22,"damage_taken":0},{"event_name":"Ghosts","player_choice":"Ignored","floor":24,"damage_taken":0},{"event_name":"Addict","player_choice":"Ignored","floor":29,"damage_taken":0},{"event_name":"The Library","player_choice":"Read","floor":30,"damage_taken":0},{"event_name":"SensoryStone","player_choice":"Memory 3","floor":36,"damage_taken":0},{"event_name":"Tomb of Lord Red Mask","player_choice":"Paid","floor":37,"damage_taken":0},{"event_name":"Falling","player_choice":"Removed Skill","floor":41,"damage_taken":0},{"event_name":"Wheel of Change","player_choice":"Full Heal","floor":42,"damage_taken":0},{"event_name":"MindBloom","player_choice":"Fight","floor":44,"damage_taken":0}],"is_beta":false,"boss_relics":[{"not_picked":["Fusion Hammer","Tiny House"],"picked":"Nuclear Battery"},{"not_picked":["Snecko Eye","Astrolabe"],"picked":"Pandora\u0027s Box"}],"items_purged_floors":[],"is_endless":false,"potions_floor_spawned":[2,3,5,12,13,18,27,45,48],"killed_by":"Awakened One","ascension_level":0}