{"gold_per_floor":[109,126,126,143,218,218,218,218,218,218,218,235,250,270,270,365,365,383,308,323,323,337,337,371],"floor_reached":24,"playtime":935,"items_purged":[],"score":208,"play_id":"d49be965-9a66-4775-b521-0ec620687409","local_time":"20190110110016","is_ascension_mode":false,"campfire_choices":[{"data":"Searing Blow+1","floor":6,"key":"SMITH"},{"data":"Searing Blow+2","floor":8,"key":"SMITH"},{"data":"Searing Blow+3","floor":10,"key":"SMITH"},{"data":"Searing Blow+4","floor":15,"key":"SMITH"},{"data":"Searing Blow+5","floor":23,"key":"SMITH"}],"neow_cost":"NONE","seed_source_timestamp":981999260555025,"circlet_count":0,"master_deck":["Strike_R","Strike_R","Strike_R","Strike_R+1","Defend_R+1","Defend_R","Defend_R+1","Defend_R","Bash","Blind","Feel No Pain","Searing Blow+6","Shrug It Off","Pommel Strike","Offering","Shockwave","Cleave+1"],"relics":["Burning Blood","War Paint"],"potions_floor_usage":[18,24],"damage_taken":[{"damage":4,"enemies":"Cultist","floor":1,"turns":4},{"damage":11,"enemies":"Jaw Worm","floor":2,"turns":4},{"damage":5,"enemies":"2 Louse","floor":4,"turns":3},{"damage":2,"enemies":"Looter","floor":12,"turns":3},{"damage":0,"enemies":"Large Slime","floor":13,"turns":6},{"damage":9,"enemies":"Exordium Wildlife","floor":14,"turns":4},{"damage":19,"enemies":"The Guardian","floor":16,"turns":12},{"damage":22,"enemies":"3 Byrds","floor":18,"turns":6},{"damage":18,"enemies":"2 Thieves","floor":20,"turns":5},{"damage":28,"enemies":"Shelled Parasite and Fungi","floor":22,"turns":6},{"damage":19,"enemies":"Book of Stabbing","floor":24,"turns":3}],"seed_played":"-2309599335185689164","potions_obtained":[{"floor":4,"key":"Explosive Potion"},{"floor":12,"key":"AttackPotion"},{"floor":13,"key":"Explosive Potion"},{"floor":14,"key":"Swift Potion"}],"is_trial":false,"path_per_floor":["M","M","?","M","?","R","?","R","T","R","?","M","M","M","R","B",null,"M","?","M","?","M","R","E"],"character_chosen":"IRONCLAD","items_purchased":[],"campfire_rested":0,"item_purchase_floors":[],"current_hp_per_floor":[80,75,59,60,49,49,49,49,49,49,49,53,59,56,56,43,80,64,64,52,78,56,56,43],"gold":371,"neow_bonus":"RANDOM_COLORLESS","is_prod":false,"is_daily":false,"chose_seed":false,"campfire_upgraded":5,"win_rate":0,"timestamp":1547136016,"path_taken":["M","?","?","M","?","R","?","R","T","R","?","M","M","M","R","BOSS","M","?","M","?","M","R","E"],"build_version":"2019-01-03v4","purchased_purges":0,"victory":false,"max_hp_per_floor":[80,80,80,80,80,80,80,80,80,80,80,80,80,80,80,80,80,80,80,80,80,80,80,80],"card_choices":[{"not_picked":["Warcry","True Grit"],"picked":"Feel No Pain","floor":1},{"not_picked":["Twin Strike","Rupture"],"picked":"Searing Blow","floor":2},{"not_picked":["Cleave","Armaments"],"picked":"Shrug It Off","floor":4},{"not_picked":["Pummel","Iron Wave","Power Through"],"picked":"SKIP","floor":12},{"not_picked":["Fire Breathing","Wild Strike"],"picked":"Pommel Strike","floor":13},{"not_picked":["Heavy Blade","Carnage","Feel No Pain"],"picked":"SKIP","floor":14},{"not_picked":["Fiend Fire","Juggernaut"],"picked":"Offering","floor":16},{"not_picked":["Combust","Armaments"],"picked":"Shockwave","floor":18},{"not_picked":["Pommel Strike","Combust"],"picked":"Cleave+1","floor":20},{"not_picked":["Heavy Blade","Seeing Red","Rupture"],"picked":"SKIP","floor":22}],"player_experience":442076,"relics_obtained":[{"floor":24,"key":"War Paint"}],"event_choices":[{"damage_healed":0,"gold_gain":0,"player_choice":"Entered Light","damage_taken":16,"max_hp_gain":0,"max_hp_loss":0,"event_name":"Shining Light","floor":3,"gold_loss":0,"cards_upgraded":["Strike_R","Searing Blow"]},{"damage_healed":0,"gold_gain":75,"player_choice":"Gather Gold","damage_taken":11,"max_hp_gain":0,"max_hp_loss":0,"event_name":"World of Goop","floor":5,"gold_loss":0},{"damage_healed":0,"gold_gain":0,"player_choice":"Fled","damage_taken":0,"max_hp_gain":0,"max_hp_loss":0,"event_name":"Scrap Ooze","floor":7,"gold_loss":0},{"damage_healed":0,"gold_gain":0,"player_choice":"Searched \u00270\u0027 times","damage_taken":0,"max_hp_gain":0,"max_hp_loss":0,"event_name":"Dead Adventurer","floor":11,"gold_loss":0},{"cards_removed":["Strike_R"],"damage_healed":0,"gold_gain":0,"player_choice":"Gave Gold","damage_taken":0,"max_hp_gain":0,"max_hp_loss":0,"event_name":"Beggar","floor":19,"gold_loss":75},{"damage_healed":26,"gold_gain":0,"player_choice":"Heal","damage_taken":0,"max_hp_gain":0,"max_hp_loss":0,"event_name":"The Library","floor":21,"gold_loss":0}],"is_beta":false,"boss_relics":[{"not_picked":["Coffee Dripper","Velvet Choker","Cursed Key"]}],"items_purged_floors":[],"is_endless":false,"potions_floor_spawned":[4,12,13,14],"killed_by":"Book of Stabbing","ascension_level":0}