{"gold_per_floor":[114,114,92,107,107,137,137,167,167,167,17,32,32,32,32,132,132,147,72,72,87,11,71,71,86,111,111,111,141,156,186,186,286,286,301,316,316,316,137,167,182,212,237,267,282,312,312,342,342,342],"floor_reached":51,"playtime":2414,"items_purged":["Normality"],"score":932,"play_id":"27bdf2a2-b2b9-48d5-93c6-3299f268e6ac","local_time":"20181201202249","daily_mods":["Heirloom","Blue Cards","Elite Swarm"],"is_ascension_mode":false,"campfire_choices":[{"floor":7,"key":"REST"},{"floor":10,"key":"REST"},{"data":"Bash","floor":13,"key":"SMITH"},{"data":"Go for the Eyes","floor":15,"key":"SMITH"},{"floor":24,"key":"REST"},{"floor":27,"key":"REST"},{"data":"Seek","floor":32,"key":"SMITH"},{"data":"Apotheosis","floor":47,"key":"SMITH"},{"floor":49,"key":"DIG"}],"neow_cost":"","seed_source_timestamp":0,"circlet_count":0,"master_deck":["Strike_R+1","Strike_R","Strike_R","Defend_R+1","Defend_R+1","Defend_R+1","Defend_R","Bash+1","Glacier","Go for the Eyes+1","Offering","Core Surge","Seek+1","Parasite","Parasite","Cleave","Rip and Tear","Dropkick","Reboot","Flex+1","Limit Break","Core Surge","Dropkick+1","Whirlwind+1","Madness","Madness","Apotheosis+1","Seek","Seek","Reaper+1"],"special_seed":17867,"relics":["Black Blood","Calipers","Anchor","Red Skull","PreservedInsect","War Paint","Calling Bell","Orichalcum","Paper Frog","Incense Burner","Tiny Chest","Vajra","MutagenicStrength","Omamori","Pear","Nunchaku","Molten Egg 2","Oddly Smooth Stone","Magic Flower","Shovel","Centennial Puzzle","Unceasing Top"],"potions_floor_usage":[6,6,31,31,50,50],"damage_taken":[{"damage":15,"enemies":"Jaw Worm","floor":1,"turns":5},{"damage":3,"enemies":"Small Slimes","floor":4,"turns":5},{"damage":18,"enemies":"Gremlin Nob","floor":6,"turns":4},{"damage":37,"enemies":"Lagavulin","floor":8,"turns":7},{"damage":6,"enemies":"Cultist","floor":12,"turns":2},{"damage":20,"enemies":"Hexaghost","floor":16,"turns":12},{"damage":12,"enemies":"2 Thieves","floor":18,"turns":5},{"damage":6,"enemies":"Shell Parasite","floor":21,"turns":4},{"damage":55,"enemies":"Gremlin Leader","floor":23,"turns":6},{"damage":12,"enemies":"Snake Plant","floor":25,"turns":3},{"damage":5,"enemies":"Slavers","floor":29,"turns":5},{"damage":6,"enemies":"Snecko","floor":30,"turns":2},{"damage":4,"enemies":"Book of Stabbing","floor":31,"turns":3},{"damage":49,"enemies":"Automaton","floor":33,"turns":7},{"damage":0,"enemies":"3 Shapes","floor":35,"turns":3},{"damage":35,"enemies":"3 Darklings","floor":36,"turns":5},{"damage":6,"enemies":"Reptomancer","floor":40,"turns":2},{"damage":6,"enemies":"Transient","floor":41,"turns":5},{"damage":11,"enemies":"Giant Head","floor":42,"turns":6},{"damage":6,"enemies":"Reptomancer","floor":44,"turns":2},{"damage":16,"enemies":"Sphere and 2 Shapes","floor":45,"turns":4},{"damage":6,"enemies":"Nemesis","floor":46,"turns":3},{"damage":15,"enemies":"Reptomancer","floor":48,"turns":3},{"damage":38,"enemies":"Donu and Deca","floor":50,"turns":4}],"seed_played":"-7513026677109115873","potions_obtained":[{"floor":1,"key":"FearPotion"},{"floor":4,"key":"Strength Potion"},{"floor":16,"key":"LiquidBronze"},{"floor":23,"key":"FairyPotion"},{"floor":30,"key":"LiquidBronze"},{"floor":35,"key":"Strength Potion"},{"floor":36,"key":"Block Potion"}],"is_trial":false,"path_per_floor":["M","?","?","M","?","E","R","E","T","R","$","M","R","$","R","B",null,"M","$","?","M","$","E","R","M","T","R","?","E","M","E","R","B",null,"M","M","?","?","$","E","M","E","T","E","M","E","R","E","R","B",null],"character_chosen":"IRONCLAD","items_purchased":["War Paint","Dropkick","Apotheosis"],"campfire_rested":4,"item_purchase_floors":[11,22,39],"current_hp_per_floor":[71,55,55,58,51,39,63,32,32,56,56,56,56,56,56,42,80,74,74,74,74,74,25,49,43,43,67,67,68,68,80,80,37,90,90,65,54,54,54,58,62,61,61,65,64,73,73,73,73,50],"gold":342,"neow_bonus":"","is_prod":false,"is_daily":true,"chose_seed":false,"campfire_upgraded":4,"win_rate":0,"timestamp":1543724569,"path_taken":["M","?","?","M","?","E","R","E","T","R","?","M","R","$","R","BOSS","M","$","?","M","?","E","R","M","T","R","?","E","M","E","R","BOSS","M","M","?","?","$","E","M","E","T","E","M","E","R","E","R","BOSS"],"build_version":"2018-11-15","purchased_purges":1,"victory":true,"max_hp_per_floor":[80,80,80,80,80,80,80,80,80,80,80,80,80,80,80,80,80,80,80,80,80,80,80,80,80,80,80,80,80,80,90,90,90,90,90,90,90,90,90,90,90,90,90,90,90,90,90,90,90,90],"card_choices":[{"not_picked":["Double Energy","Spot Weakness"],"picked":"Glacier","floor":1},{"not_picked":["Clash","Barrage"],"picked":"Go for the Eyes","floor":4},{"not_picked":["Fission","Berserk"],"picked":"Offering","floor":6},{"not_picked":["Thunder Strike","Reboot"],"picked":"Core Surge","floor":8},{"not_picked":["Leap","True Grit","Redo"],"picked":"SKIP","floor":12},{"not_picked":["Exhume","Fission"],"picked":"Seek","floor":16},{"not_picked":["Evolve","Clash"],"picked":"Cleave","floor":18},{"not_picked":["Ball Lightning+1","Sweeping Beam","Rebound"],"picked":"SKIP","floor":21},{"not_picked":["Thunder Strike","Barricade"],"picked":"Reboot","floor":23},{"not_picked":["Dual Wield+1","Cold Snap","Melter"],"picked":"SKIP","floor":25},{"not_picked":["Fiend Fire","Offering","Limit Break"],"picked":"SKIP","floor":29},{"not_picked":["Corruption+1","Headbutt"],"picked":"Flex+1","floor":30},{"not_picked":["Barricade","Reboot"],"picked":"Limit Break","floor":31},{"not_picked":["Demon Form","Exhume"],"picked":"Core Surge","floor":33},{"not_picked":["Twin Strike+1","Bloodletting"],"picked":"Dropkick+1","floor":35},{"not_picked":["Redo+1","Scrape"],"picked":"Whirlwind+1","floor":36},{"not_picked":["Barricade","Reboot","Exhume"],"picked":"SKIP","floor":40},{"not_picked":["Static Discharge","Sweeping Beam","Ball Lightning"],"picked":"SKIP","floor":41},{"not_picked":["Amplify","Impervious"],"picked":"Seek","floor":42},{"not_picked":["Juggernaut","Multi-Cast"],"picked":"Seek","floor":44},{"not_picked":["Metallicize","Barrage+1","Fusion+1"],"picked":"SKIP","floor":45},{"not_picked":["Fiend Fire+1","Offering"],"picked":"Reaper+1","floor":46},{"not_picked":["Dark Embrace","Bludgeon+1","Exhume"],"picked":"SKIP","floor":48}],"player_experience":555713,"relics_obtained":[{"floor":6,"key":"Anchor"},{"floor":8,"key":"Red Skull"},{"floor":9,"key":"PreservedInsect"},{"floor":17,"key":"Orichalcum"},{"floor":17,"key":"Paper Frog"},{"floor":17,"key":"Incense Burner"},{"floor":23,"key":"Tiny Chest"},{"floor":26,"key":"Vajra"},{"floor":29,"key":"Omamori"},{"floor":31,"key":"Pear"},{"floor":40,"key":"Nunchaku"},{"floor":42,"key":"Molten Egg 2"},{"floor":43,"key":"Oddly Smooth Stone"},{"floor":44,"key":"Magic Flower"},{"floor":46,"key":"Shovel"},{"floor":48,"key":"Centennial Puzzle"},{"floor":49,"key":"Unceasing Top"}],"event_choices":[{"damage_healed":0,"gold_gain":0,"player_choice":"Entered Light","damage_taken":16,"max_hp_gain":0,"max_hp_loss":0,"event_name":"Shining Light","floor":2,"gold_loss":0,"cards_upgraded":["Defend_R","Strike_R"]},{"damage_healed":0,"gold_gain":0,"player_choice":"Left Gold","damage_taken":0,"max_hp_gain":0,"max_hp_loss":0,"event_name":"World of Goop","floor":3,"gold_loss":22},{"cards_removed":["Strike_R"],"damage_healed":0,"gold_gain":0,"player_choice":"Card Removal","damage_taken":7,"max_hp_gain":0,"max_hp_loss":0,"event_name":"Golden Wing","floor":5,"gold_loss":0},{"damage_healed":0,"gold_gain":0,"cards_transformed":["Strike_R"],"player_choice":"Transformed","damage_taken":0,"max_hp_gain":0,"max_hp_loss":0,"event_name":"Transmorgrifier","floor":20,"gold_loss":0,"cards_obtained":["Rip and Tear"]},{"damage_healed":0,"gold_gain":0,"player_choice":"Inject Mutagens","damage_taken":0,"relics_obtained":["MutagenicStrength"],"max_hp_gain":0,"max_hp_loss":0,"event_name":"Drug Dealer","floor":28,"gold_loss":0},{"damage_healed":0,"gold_gain":0,"player_choice":"Embrace Madness","damage_taken":11,"max_hp_gain":0,"max_hp_loss":0,"event_name":"Winding Halls","floor":37,"gold_loss":0,"cards_obtained":["Madness","Madness"]},{"damage_healed":0,"gold_gain":0,"player_choice":"Ignored","damage_taken":0,"max_hp_gain":0,"max_hp_loss":0,"event_name":"Tomb of Lord Red Mask","floor":38,"gold_loss":0}],"is_beta":false,"boss_relics":[{"not_picked":["Tiny House","Empty Cage"],"picked":"Calling Bell"},{"not_picked":["White Beast Statue","Velvet Choker"],"picked":"Black Blood"}],"items_purged_floors":[19],"is_endless":false,"potions_floor_spawned":[1,4,16,23,30,35,36,41,48],"ascension_level":0}