{"path_per_floor":["M","$","?","M","M","R","$","M","T","M","M","R","M","?","R","B",null,"M","?","$","M","?","R","$","?","T","M","R","?","T","$","R"],"character_chosen":"THE_SILENT","items_purchased":["Sadistic Nature","Noxious Fumes"],"gold_per_floor":[110,35,35,47,59,59,59,76,76,91,104,104,114,114,114,209,209,226,226,31,49,49,49,49,49,79,92,92,92,169,34,34,34],"floor_reached":33,"campfire_rested":0,"playtime":916,"current_hp_per_floor":[63,63,63,59,55,55,55,55,55,55,55,55,55,55,55,55,66,55,55,55,55,55,55,55,55,55,55,55,55,55,55,55,0],"items_purged":["Defend_G","Writhe"],"gold":34,"score":413,"play_id":"c139c1f2-9e41-4e35-8ced-ca3bfd0408ec","local_time":"20180410123319","is_prod":false,"is_daily":false,"is_ascension_mode":true,"campfire_upgraded":6,"timestamp":1523356399,"path_taken":["M","?","?","M","M","R","$","?","T","M","?","R","M","?","R","BOSS","M","?","$","M","?","R","$","?","T","?","R","?","?","$","R","BOSS"],"build_version":"2018-04-05v2","purchased_purges":2,"victory":false,"master_deck":["Defend_G+1","Defend_G+1","Defend_G+1","Defend_G+1","Strike_G+1","Strike_G+1","Strike_G+1","Strike_G+1","Strike_G+1","Survivor","Neutralize+1","Terror+1","Sucker Punch+1","Flying Knee","Heel Hook","Bouncing Flask+1","Deadly Poison+1","Noxious Fumes+1","Venomology+1","Leg Sweep+1","Sadistic Nature+1","Injury","Noxious Fumes"],"max_hp_per_floor":[70,70,70,70,70,70,70,70,70,70,70,70,70,70,70,70,70,70,70,70,70,70,70,70,70,70,70,70,70,70,70,70,70],"relics":["Thread and Needle","Cursed Key","Nloth\u0027s Gift","Tiny Chest","Molten Egg 2"],"card_choices":[{"not_picked":["Catalyst","Acrobatics"],"picked":"Terror","floor":1},{"not_picked":["PiercingWail","Calculated Gamble"],"picked":"Sucker Punch","floor":4},{"not_picked":["Dagger Spray","Deflect"],"picked":"Flying Knee","floor":5},{"not_picked":["Quick Slash","Finisher"],"picked":"Heel Hook","floor":8},{"not_picked":["Cloak And Dagger","Footwork"],"picked":"Bouncing Flask","floor":10},{"not_picked":["All Out Attack","Poisoned Stab"],"picked":"Deadly Poison","floor":11},{"not_picked":["Endless Agony","Poisoned Stab"],"picked":"Noxious Fumes","floor":13},{"not_picked":["Unload","A Thousand Cuts"],"picked":"Venomology","floor":16},{"not_picked":["Sucker Punch","Backflip"],"picked":"Leg Sweep","floor":18}],"player_experience":281785,"potions_floor_usage":[18,21,27,27,33,33,33],"damage_taken":[{"damage":0,"enemies":"Cultist","floor":1,"turns":5},{"damage":4,"enemies":"Small Slimes","floor":4,"turns":3},{"damage":4,"enemies":"Jaw Worm","floor":5,"turns":3},{"damage":0,"enemies":"Blue Slaver","floor":8,"turns":3},{"damage":0,"enemies":"3 Louse","floor":10,"turns":3},{"damage":0,"enemies":"Red Slaver","floor":11,"turns":3},{"damage":0,"enemies":"Blue Slaver","floor":13,"turns":3},{"damage":0,"enemies":"Hexaghost","floor":16,"turns":7},{"damage":11,"enemies":"3 Byrds","floor":18,"turns":4},{"damage":0,"enemies":"Shell Parasite","floor":21,"turns":4},{"damage":0,"enemies":"Centurion and Healer","floor":27,"turns":5},{"damage":65,"enemies":"Collector","floor":33,"turns":6}],"event_choices":[{"event_name":"Upgrade Shrine","player_choice":"Upgraded","floor":3,"damage_taken":0},{"event_name":"Dead Adventurer","player_choice":"Searched \u00270\u0027 times","floor":14,"damage_taken":0},{"event_name":"Back to Basics","player_choice":"Simplicity","floor":19,"damage_taken":0},{"event_name":"Addict","player_choice":"Ignored","floor":22,"damage_taken":0},{"event_name":"N\u0027loth","player_choice":"Traded a Ring of the Snake","floor":25,"damage_taken":0},{"event_name":"The Woman in Blue","player_choice":"Bought 0 Potions","floor":29,"damage_taken":0}],"boss_relics":[{"not_picked":["Runic Dome","Orrery"],"picked":"Cursed Key"}],"potions_floor_spawned":[1,4,8,16,21],"seed_played":"-6531439738716991366","killed_by":"Collector","ascension_level":9,"is_trial":false}