{"gold_per_floor":[367,442,10,10,10,44,44,60,87,87,87,97,50,112,112,189,189,208,258,273,342,392,392],"floor_reached":23,"playtime":1167,"items_purged":["Injury"],"score":312,"play_id":"2db5da23-ba1a-4f21-9231-0d8d8ad46b65","local_time":"20180921230000","is_ascension_mode":true,"campfire_choices":[{"floor":7,"key":"REST"},{"data":"Static Discharge","floor":11,"key":"SMITH"},{"floor":15,"key":"REST"}],"neow_cost":"CURSE","seed_source_timestamp":554745255601825,"circlet_count":0,"master_deck":["Strike_B","Strike_B","Strike_B","Strike_B","Defend_B","Defend_B","Defend_B","Defend_B","Zap","Dualcast","AscendersBane","Ball Lightning","Static Discharge+1","Consume","Cold Snap","Melter+1","Melter+1","Rebound+1","Ball Lightning+1","Lockon+1","Seek","Reinforced Body","Flash of Steel+1"],"relics":["Cracked Core","Runic Capacitor","Molten Egg 2","Centennial Puzzle","Strawberry","SsserpentHead","Cursed Key"],"potions_floor_usage":[6,18,18,21,23],"damage_taken":[{"damage":0,"enemies":"2 Louse","floor":1,"turns":2},{"damage":24,"enemies":"Gremlin Nob","floor":6,"turns":4},{"damage":0,"enemies":"Jaw Worm","floor":8,"turns":3},{"damage":0,"enemies":"Small Slimes","floor":12,"turns":2},{"damage":7,"enemies":"Exordium Thugs","floor":14,"turns":4},{"damage":44,"enemies":"Hexaghost","floor":16,"turns":4},{"damage":2,"enemies":"Shell Parasite","floor":18,"turns":3},{"damage":10,"enemies":"Chosen","floor":20,"turns":3},{"damage":31,"enemies":"Centurion and Healer","floor":21,"turns":4},{"damage":30,"enemies":"Slavers","floor":23,"turns":3}],"seed_played":"-2296258668255200241","potions_obtained":[{"floor":1,"key":"AttackPotion"},{"floor":14,"key":"Fire Potion"},{"floor":16,"key":"Block Potion"},{"floor":20,"key":"LiquidBronze"},{"floor":21,"key":"Block Potion"}],"is_trial":false,"path_per_floor":["M","?","$","?","T","E","R","M","T","?","R","M","$","M","R","B",null,"M","?","M","M","?"],"character_chosen":"DEFECT","items_purchased":["Runic Capacitor","Static Discharge","Consume","Cold Snap","Ball Lightning+1"],"campfire_rested":2,"item_purchase_floors":[3,3,3,3,13],"current_hp_per_floor":[68,57,57,57,57,33,55,55,62,62,62,62,62,55,79,35,70,68,68,58,27,27,0],"gold":392,"neow_bonus":"TWO_FIFTY_GOLD","is_prod":false,"is_daily":false,"chose_seed":false,"campfire_upgraded":1,"win_rate":0,"timestamp":1537563600,"path_taken":["M","?","$","?","?","E","R","M","T","?","R","M","$","?","R","BOSS","M","?","M","?","?","E"],"build_version":"2018-09-20","purchased_purges":1,"victory":false,"max_hp_per_floor":[75,75,75,75,75,75,75,75,82,82,82,82,82,82,82,82,82,82,82,82,82,82,82],"card_choices":[{"not_picked":["Turbo","Fusion"],"picked":"Ball Lightning","floor":1},{"not_picked":["Heatsinks","Skim"],"picked":"Melter+1","floor":6},{"not_picked":["Double Energy","Coolheaded"],"picked":"Melter+1","floor":8},{"not_picked":["Fusion","Steam Power"],"picked":"Rebound+1","floor":12},{"not_picked":["Skim","Compile Driver+1"],"picked":"Lockon+1","floor":14},{"not_picked":["Creative AI","Meteor Strike+1"],"picked":"Seek","floor":16},{"not_picked":["Barrage+1","Gash+1"],"picked":"Reinforced Body","floor":18},{"not_picked":["Coolheaded","Redo","Consume"],"picked":"SKIP","floor":20},{"not_picked":["Steam Power","Redo","Barrage+1"],"picked":"SKIP","floor":21}],"player_experience":495186,"relics_obtained":[{"floor":5,"key":"Molten Egg 2"},{"floor":6,"key":"Centennial Puzzle"},{"floor":9,"key":"Strawberry"}],"event_choices":[{"event_name":"World of Goop","player_choice":"Gather Gold","floor":2,"damage_taken":0},{"event_name":"The Cleric","player_choice":"Leave","floor":4,"damage_taken":0},{"event_name":"FaceTrader","player_choice":"Trade","floor":10,"damage_taken":0},{"event_name":"Ghosts","player_choice":"Ignored","floor":19,"damage_taken":0},{"event_name":"Match and Keep!","player_choice":"1 cards matched","floor":22,"damage_taken":0}],"is_beta":false,"boss_relics":[{"not_picked":["Eternal Feather","Pandora\u0027s Box"],"picked":"Cursed Key"}],"items_purged_floors":[3],"is_endless":false,"potions_floor_spawned":[1,14,16,20,21],"killed_by":"Slavers","ascension_level":13}