{"gold_per_floor":[110,35,53,53,53,53,87,100,100,100,136,160,184,34,34,130,130,150,171,171,171,79,79,113,189,189,189,9,49,49,64,64,64],"floor_reached":33,"playtime":3195,"items_purged":["Strike_B","Strike_B"],"score":480,"play_id":"6d1e4049-69b2-4c9c-8213-59bc6580388a","local_time":"20190302180840","is_ascension_mode":true,"campfire_choices":[{"data":"FTL","floor":6,"key":"SMITH"},{"floor":15,"key":"REST"},{"floor":23,"key":"REST"},{"floor":27,"key":"REST"},{"floor":30,"key":"REST"},{"floor":32,"key":"REST"}],"neow_cost":"NONE","seed_source_timestamp":1020558684714300,"circlet_count":0,"master_deck":["AscendersBane","Strike_B+1","Defend_B","Defend_B+1","Defend_B","Defend_B","Zap+1","Dualcast","Rebound","FTL+1","Hologram","Ball Lightning","Cold Snap","Auto Shields","Sweeping Beam","Loop","All For One","Coolheaded+1","Self Repair","FTL","Chill+1","Go for the Eyes"],"relics":["Cracked Core","Mummified Hand","Thread and Needle","Golden Idol","Lantern","Lizard Tail","Toxic Egg 2","Blood Vial","Tiny Chest","Mercury Hourglass","Boot"],"potions_floor_usage":[18,29,33,33],"damage_taken":[{"damage":0,"enemies":"Cultist","floor":1,"turns":3},{"damage":1,"enemies":"2 Louse","floor":3,"turns":3},{"damage":9,"enemies":"Lagavulin","floor":7,"turns":5},{"damage":0,"enemies":"Small Slimes","floor":8,"turns":2},{"damage":11,"enemies":"Gremlin Nob","floor":11,"turns":3},{"damage":0,"enemies":"Exordium Wildlife","floor":12,"turns":3},{"damage":0,"enemies":"Large Slime","floor":13,"turns":5},{"damage":18,"enemies":"Slime Boss","floor":16,"turns":8},{"damage":0,"enemies":"Spheric Guardian","floor":18,"turns":3},{"damage":14,"enemies":"Shell Parasite","floor":19,"turns":4},{"damage":21,"enemies":"Colosseum Slavers","floor":21,"turns":4},{"damage":62,"enemies":"Slavers","floor":24,"turns":7},{"damage":40,"enemies":"Gremlin Leader","floor":29,"turns":8},{"damage":7,"enemies":"Cultist and Chosen","floor":31,"turns":5},{"damage":66,"enemies":"Champ","floor":33,"turns":13}],"seed_played":"-5258761235844613932","potions_obtained":[{"floor":3,"key":"Explosive Potion"},{"floor":12,"key":"Dexterity Potion"},{"floor":24,"key":"PowerPotion"},{"floor":29,"key":"SkillPotion"},{"floor":31,"key":"GamblersBrew"}],"is_trial":false,"path_per_floor":["M","$","M","?","?","R","E","M","T","?","E","M","M","$","R","B",null,"M","M","?","?","$","R","E","T","T","R","$","E","R","M","R","B"],"character_chosen":"DEFECT","items_purchased":["FTL","Loop","Coolheaded+1","Self Repair","Chill+1"],"campfire_rested":5,"item_purchase_floors":[2,14,22,22,28],"current_hp_per_floor":[68,68,67,52,52,52,43,43,43,43,32,32,32,32,52,34,60,60,46,46,25,25,45,24,24,24,44,44,13,33,35,55,0],"gold":64,"neow_bonus":"UPGRADE_CARD","is_prod":false,"is_daily":false,"chose_seed":false,"campfire_upgraded":1,"win_rate":0,"timestamp":1551578920,"path_taken":["M","$","M","?","?","R","E","M","T","?","E","M","M","$","R","BOSS","M","M","?","?","?","R","E","?","T","R","$","E","R","?","R","BOSS"],"build_version":"2019-01-23","purchased_purges":2,"victory":false,"max_hp_per_floor":[75,75,75,75,75,75,75,75,75,69,69,69,69,69,69,69,69,69,69,69,69,69,69,69,69,69,69,69,69,69,69,69,69],"card_choices":[{"not_picked":["Redo","Conserve Battery"],"picked":"Rebound","floor":1},{"not_picked":["Barrage","Amplify","Steam"],"picked":"SKIP","floor":3},{"not_picked":["Conserve Battery","Melter"],"picked":"Hologram","floor":7},{"not_picked":["Steam","Beam Cell"],"picked":"Ball Lightning","floor":8},{"not_picked":["Gash","Hologram"],"picked":"Cold Snap","floor":11},{"not_picked":["Meteor Strike","Barrage"],"picked":"Auto Shields","floor":12},{"not_picked":["Streamline","Gash"],"picked":"Sweeping Beam","floor":13},{"not_picked":["Buffer","Amplify"],"picked":"All For One","floor":16},{"not_picked":["Double Energy","Steam Power","Streamline"],"picked":"SKIP","floor":18},{"not_picked":["BootSequence+1","Chaos","Cold Snap"],"picked":"SKIP","floor":19},{"not_picked":["Self Repair","Aggregate+1"],"picked":"FTL","floor":24},{"not_picked":["Rip and Tear","Cold Snap","Barrage"],"picked":"SKIP","floor":29},{"not_picked":["Ball Lightning","Self Repair"],"picked":"Go for the Eyes","floor":31}],"player_experience":664789,"relics_obtained":[{"floor":7,"key":"Mummified Hand"},{"floor":9,"key":"Thread and Needle"},{"floor":11,"key":"Lantern"},{"floor":24,"key":"Blood Vial"},{"floor":25,"key":"Tiny Chest"},{"floor":26,"key":"Mercury Hourglass"},{"floor":29,"key":"Boot"}],"event_choices":[{"damage_healed":0,"gold_gain":0,"player_choice":"Entered Light","damage_taken":15,"max_hp_gain":0,"max_hp_loss":0,"event_name":"Shining Light","floor":4,"gold_loss":0,"cards_upgraded":["Strike_B","Defend_B"]},{"cards_removed":["Strike_B"],"damage_healed":0,"gold_gain":0,"player_choice":"Forget","damage_taken":0,"max_hp_gain":0,"max_hp_loss":0,"event_name":"Living Wall","floor":5,"gold_loss":0},{"damage_healed":0,"gold_gain":0,"player_choice":"Lose Max HP","damage_taken":0,"relics_obtained":["Golden Idol"],"max_hp_gain":0,"max_hp_loss":6,"event_name":"Golden Idol","floor":10,"gold_loss":0},{"damage_healed":0,"gold_gain":0,"player_choice":"Opened","damage_taken":0,"relics_obtained":["Toxic Egg 2"],"max_hp_gain":0,"max_hp_loss":0,"event_name":"The Mausoleum","floor":20,"gold_loss":0},{"damage_healed":0,"gold_gain":0,"player_choice":"Fight","damage_taken":0,"max_hp_gain":0,"max_hp_loss":0,"event_name":"Colosseum","floor":21,"gold_loss":0},{"damage_healed":0,"gold_gain":0,"player_choice":"Fled From Nobs","damage_taken":0,"max_hp_gain":0,"max_hp_loss":0,"event_name":"Colosseum","floor":21,"gold_loss":0}],"is_beta":false,"boss_relics":[{"not_picked":["Snecko Eye","Velvet Choker"],"picked":"Lizard Tail"}],"items_purged_floors":[14,28],"is_endless":false,"potions_floor_spawned":[3,12,16,21,24,29,31],"killed_by":"Champ","ascension_level":13}