{"path_per_floor":["M","M","M","M","?","E","$","E","T","R","M","M","?","M","R","B",null,"M","?","?","$","M","R","E","M","T","?","R","T","E","M","R","B",null,"M","$","?","$","T","R","?","R","T","R","M","E","?","M","R","B"],"character_chosen":"DEFECT","items_purchased":["FTL","Panache","Finesse","Pen Nib","Swift Potion","Flash of Steel","Bandage Up","FTL","Self Repair"],"gold_per_floor":[112,127,144,164,239,573,10,37,37,37,52,67,32,42,42,144,144,162,162,162,69,80,80,114,132,159,159,159,159,191,208,208,310,310,325,78,78,9,33,33,33,33,33,33,44,78,0,17,17,17],"floor_reached":51,"campfire_rested":2,"playtime":1864,"current_hp_per_floor":[74,74,68,59,48,26,26,8,8,30,30,19,37,44,66,8,75,65,65,65,65,65,65,44,32,32,72,72,72,72,59,59,68,90,90,90,79,79,79,79,79,79,79,79,88,90,90,90,90,43],"items_purged":["Regret"],"gold":17,"score":873,"play_id":"526e58ea-dd83-44b9-92db-f44c11e127e9","local_time":"20180430223846","is_prod":false,"is_daily":false,"chose_seed":false,"is_ascension_mode":false,"campfire_upgraded":7,"timestamp":1525120726,"path_taken":["M","?","?","M","?","E","$","E","T","R","?","M","?","?","R","BOSS","M","?","?","$","M","R","E","?","T","?","R","?","E","M","R","BOSS","M","$","?","?","?","R","?","R","T","R","?","E","?","M","R","BOSS"],"build_version":"2018-04-27v3","seed_source_timestamp":0,"purchased_purges":1,"victory":true,"master_deck":["Strike_B+1","Defend_B","Defend_B","Defend_B","Defend_B","Zap+1","Streamline+1","Aggregate","Self Repair","FTL+1","Panache","Finesse","Reboot+1","Leap","Hyperbeam+1","Buffer+1","Skim+1","All For One+1","Axe Kick+1","Flash of Steel+1","Go for the Eyes+1","Beam Cell+1","Reboot","Injury","Clumsy","Bandage Up","FTL+1","Madness","Madness","Self Repair+1","Recycle+1","Streamline","Beam Cell+1"],"max_hp_per_floor":[75,75,75,75,75,75,75,75,75,75,75,75,75,75,75,75,75,75,72,72,72,72,72,72,72,72,72,72,72,72,72,72,72,90,90,90,90,90,90,90,90,90,90,90,90,90,90,90,90,90],"relics":["Cracked Core","Unceasing Top","Old Coin","Pen Nib","Ice Cream","Dodecahedron","Astrolabe","Darkstone Periapt","Blood Vial","Mercury Hourglass","Whetstone","Calling Bell","Vajra","Frozen Egg 2","Thread and Needle","Orichalcum","Matryoshka","Toolbox","Red Mask"],"card_choices":[{"not_picked":["Reinforced Body","Barrage"],"picked":"Streamline","floor":1.0},{"not_picked":["Blaster","Static Discharge"],"picked":"Sunder","floor":2.0},{"not_picked":["Capacitor","Hologram"],"picked":"Aggregate","floor":4.0},{"not_picked":["Aggregate","Axe Kick"],"picked":"Self Repair","floor":6.0},{"not_picked":["Amplify","Rainbow"],"picked":"Reboot","floor":8.0},{"not_picked":["Skim","Stack"],"picked":"Leap","floor":14.0},{"not_picked":["Reboot","Echo Form"],"picked":"Hyperbeam","floor":16.0},{"not_picked":["Go for the Eyes","Auto Shields"],"picked":"Axe Kick","floor":18.0},{"not_picked":["Genetic Algorithm","Recycle"],"picked":"Go for the Eyes","floor":25.0},{"not_picked":["Rainbow","Cold Snap"],"picked":"Beam Cell","floor":31.0},{"not_picked":["Thunder Strike","Fusion"],"picked":"Reboot","floor":33.0},{"not_picked":["Impulse","Skim"],"picked":"Recycle","floor":45},{"not_picked":["Coolheaded","Chaos"],"picked":"Streamline","floor":46},{"not_picked":["Ball Lightning","Coolheaded"],"picked":"Beam Cell","floor":48}],"player_experience":18742,"potions_floor_usage":[46,50,50],"damage_taken":[{"damage":1.0,"enemies":"Cultist","floor":1.0,"turns":4.0},{"damage":0.0,"enemies":"Small Slimes","floor":2.0,"turns":3.0},{"damage":6.0,"enemies":"Jaw Worm","floor":3.0,"turns":3.0},{"damage":9.0,"enemies":"Gremlin Gang","floor":4.0,"turns":4.0},{"damage":22.0,"enemies":"Gremlin Nob","floor":6.0,"turns":4.0},{"damage":25.0,"enemies":"3 Sentries","floor":8.0,"turns":5.0},{"damage":0.0,"enemies":"Lots of Slimes","floor":11.0,"turns":1.0},{"damage":18.0,"enemies":"Large Slime","floor":12.0,"turns":5.0},{"damage":0.0,"enemies":"3 Louse","floor":14.0,"turns":2.0},{"damage":65.0,"enemies":"Hexaghost","floor":16.0,"turns":10.0},{"damage":10.0,"enemies":"2 Thieves","floor":18.0,"turns":2.0},{"damage":0.0,"enemies":"Spheric Guardian","floor":22.0,"turns":2.0},{"damage":28.0,"enemies":"Gremlin Leader","floor":24.0,"turns":5.0},{"damage":12.0,"enemies":"3 Cultists","floor":25.0,"turns":3.0},{"damage":7.0,"enemies":"Slavers","floor":30.0,"turns":4.0},{"damage":13.0,"enemies":"Slaver and Parasite","floor":31.0,"turns":2.0},{"damage":0.0,"enemies":"Collector","floor":33.0,"turns":4.0},{"damage":0.0,"enemies":"Orb Walker","floor":35.0,"turns":1.0},{"damage":0,"enemies":"Flame Bruiser 1 Orb","floor":45,"turns":2},{"damage":11,"enemies":"Nemesis","floor":46,"turns":5},{"damage":0,"enemies":"Spire Growth","floor":48,"turns":3},{"damage":51,"enemies":"Time Eater","floor":50,"turns":5}],"event_choices":[{"event_name":"World of Goop","player_choice":"Gather Gold","floor":5.0,"damage_taken":0.0},{"event_name":"The Cleric","player_choice":"Healed","floor":13.0,"damage_taken":0.0},{"event_name":"Back to Basics","player_choice":"Elegance","floor":19.0,"damage_taken":0.0},{"event_name":"Purifier","player_choice":"One Purge","floor":20.0,"damage_taken":0.0},{"event_name":"Bonfire Elementals","player_choice":"UNCOMMON","floor":27.0,"damage_taken":0.0},{"event_name":"Winding Halls","player_choice":"Embrace Madness","floor":37.0,"damage_taken":0.0},{"event_name":"Mysterious Sphere","player_choice":"Ignore","floor":41,"damage_taken":0},{"event_name":"Tomb of Lord Red Mask","player_choice":"Paid","floor":47,"damage_taken":0}],"boss_relics":[],"potions_floor_spawned":[3,11,12,14,16,18,22,25,31,45,48],"seed_played":"6165408215490475610","ascension_level":0,"is_trial":false}