{"gold_per_floor":[112,11,29,40,40,40,72,92,92,92,103,118,118,135,135,240,290,305,220,64,64,64,91,91,123,150,167,167,219,219,233,233,233],"floor_reached":33,"playtime":1288,"items_purged":["Normality"],"score":399,"play_id":"f40a9463-b9f8-4543-b895-8532eefe1deb","local_time":"20181129204121","is_ascension_mode":true,"campfire_choices":[{"data":"Neutralize","floor":6.0,"key":"SMITH"},{"data":"Adrenaline","floor":10.0,"key":"SMITH"},{"data":"Blade Dance","floor":13.0,"key":"SMITH"},{"data":"Deadly Poison","floor":15.0,"key":"SMITH"},{"data":"Cloak And Dagger","floor":24.0,"key":"SMITH"},{"floor":28.0,"key":"REST"},{"data":"Cloak And Dagger","floor":30.0,"key":"SMITH"},{"data":"Backflip","floor":32,"key":"SMITH"}],"neow_cost":"CURSE","seed_source_timestamp":8839068153547,"circlet_count":0,"master_deck":["Defend_G","Defend_G","Defend_G+1","Defend_G+1","Defend_G","Strike_G","Strike_G","Strike_G","Strike_G","Strike_G","Survivor","Neutralize+1","Adrenaline+1","Blade Dance+1","Deadly Poison+1","Cloak And Dagger+1","Backflip+1","Wraith Form v2+1","Dagger Spray","Infinite Blades+1","Deadly Poison+1","Footwork+1","Dagger Throw","Backstab","Cloak And Dagger+1","Caltrops+1"],"special_seed":0,"relics":["Ring of the Snake","Frozen Egg 2","Paper Crane","Tiny House","Dead Branch","Vajra","Enchiridion","Potion Belt","Art of War","Anchor","Snake Skull"],"potions_floor_usage":[33],"damage_taken":[{"damage":0.0,"enemies":"Small Slimes","floor":1.0,"turns":3.0},{"damage":1.0,"enemies":"Jaw Worm","floor":3.0,"turns":3.0},{"damage":0.0,"enemies":"2 Louse","floor":4.0,"turns":2.0},{"damage":18.0,"enemies":"3 Sentries","floor":7.0,"turns":11.0},{"damage":0.0,"enemies":"2 Fungi Beasts","floor":8.0,"turns":4.0},{"damage":0.0,"enemies":"Looter","floor":11.0,"turns":4.0},{"damage":8.0,"enemies":"Large Slime","floor":12.0,"turns":8.0},{"damage":3.0,"enemies":"Blue Slaver","floor":14.0,"turns":4.0},{"damage":14.0,"enemies":"The Guardian","floor":16.0,"turns":10.0},{"damage":10.0,"enemies":"Spheric Guardian","floor":18.0,"turns":8.0},{"damage":2.0,"enemies":"Book of Stabbing","floor":23.0,"turns":4.0},{"damage":16.0,"enemies":"Gremlin Leader","floor":25.0,"turns":5.0},{"damage":5.0,"enemies":"2 Thieves","floor":27.0,"turns":3.0},{"damage":0,"enemies":"Centurion and Healer","floor":31,"turns":4},{"damage":47,"enemies":"Champ","floor":33,"turns":8}],"seed_played":"3694341596447010532","potions_obtained":[{"floor":8.0,"key":"Weak Potion"},{"floor":11.0,"key":"Energy Potion"},{"floor":12.0,"key":"SteroidPotion"},{"floor":16.0,"key":"FairyPotion"},{"floor":17.0,"key":"Strength Potion"},{"floor":18.0,"key":"Dexterity Potion"},{"floor":23.0,"key":"Strength Potion"}],"is_trial":false,"path_per_floor":["M","$","M","M","?","R","E","M","T","R","M","M","R","M","R","B",null,"M","?","$","?","?","E","R","E","T","M","R","T","R","M","R","B"],"character_chosen":"THE_SILENT","items_purchased":["Deadly Poison","Vajra"],"campfire_rested":1,"item_purchase_floors":[2,20],"current_hp_per_floor":[63,63,62,62,48,48,30,30,30,30,30,22,22,19,19,5,59,49,49,49,33,19,17,17,1,1,8,32,32,32,32,32,0],"gold":233,"neow_bonus":"THREE_RARE_CARDS","is_prod":false,"is_daily":false,"chose_seed":false,"campfire_upgraded":7,"win_rate":0,"timestamp":1543542081,"path_taken":["M","$","M","M","?","R","E","M","T","R","M","M","R","M","R","BOSS","M","?","$","?","?","E","R","E","T","M","R","?","R","M","R","BOSS"],"build_version":"2018-11-15","purchased_purges":1,"victory":false,"max_hp_per_floor":[70,70,70,70,70,70,70,70,70,70,70,70,70,70,70,70,75,75,75,75,75,80,80,80,80,80,80,80,80,80,80,80,80],"card_choices":[{"not_picked":["Bullet Time","Tools of the Trade"],"picked":"Adrenaline","floor":0.0},{"not_picked":["Eviscerate","Bane"],"picked":"Blade Dance","floor":1.0},{"not_picked":["Blur","Well Laid Plans"],"picked":"Cloak And Dagger","floor":3.0},{"not_picked":["Endless Agony","Finisher"],"picked":"Backflip","floor":4.0},{"not_picked":["Catalyst","Backflip"],"picked":"Wraith Form v2","floor":7.0},{"not_picked":["PiercingWail","Choke"],"picked":"Dagger Spray","floor":8.0},{"not_picked":["Phantasmal Killer","Flying Knee"],"picked":"Infinite Blades+1","floor":11.0},{"not_picked":["Underhanded Strike","Outmaneuver"],"picked":"Deadly Poison","floor":12.0},{"not_picked":["Dagger Spray","Dodge and Roll","Venomology"],"picked":"SKIP","floor":14.0},{"not_picked":["Blade Dance","Cloak And Dagger"],"picked":"Footwork+1","floor":17.0},{"not_picked":["All Out Attack","Deadly Poison"],"picked":"Dagger Throw","floor":18.0},{"not_picked":["Leg Sweep","Outmaneuver"],"picked":"Backstab","floor":23.0},{"not_picked":["Dagger Throw","Grand Finale"],"picked":"Cloak And Dagger","floor":25.0},{"not_picked":["Deflect+1","Dagger Throw","Underhanded Strike"],"picked":"SKIP","floor":27.0},{"not_picked":["Dagger Throw","Choke"],"picked":"Caltrops+1","floor":31}],"player_experience":476469,"relics_obtained":[{"floor":7.0,"key":"Frozen Egg 2"},{"floor":9.0,"key":"Paper Crane"},{"floor":21.0,"key":"Enchiridion"},{"floor":23.0,"key":"Potion Belt"},{"floor":25.0,"key":"Art of War"},{"floor":26.0,"key":"Anchor"},{"floor":29.0,"key":"Snake Skull"}],"event_choices":[{"damage_healed":0.0,"max_hp_gain":0.0,"max_hp_loss":0.0,"gold_gain":0.0,"event_name":"Shining Light","player_choice":"Entered Light","floor":5.0,"gold_loss":0.0,"damage_taken":14.0,"cards_upgraded":["Defend_G","Defend_G"]},{"damage_healed":0.0,"max_hp_gain":0.0,"max_hp_loss":0.0,"gold_gain":0.0,"event_name":"Addict","player_choice":"Obtained Relic","floor":19.0,"gold_loss":85.0,"damage_taken":0.0,"relics_obtained":["Dead Branch"]},{"damage_healed":0.0,"max_hp_gain":0.0,"max_hp_loss":0.0,"gold_gain":0.0,"event_name":"Cursed Tome","player_choice":"Obtained Book","floor":21.0,"gold_loss":0.0,"damage_taken":16.0},{"damage_healed":0.0,"max_hp_gain":5.0,"max_hp_loss":0.0,"gold_gain":0.0,"event_name":"Forgotten Altar","player_choice":"Shed Blood","floor":22.0,"gold_loss":0.0,"damage_taken":19.0}],"is_beta":true,"boss_relics":[{"not_picked":["Snecko Eye","Lizard Tail"],"picked":"Tiny House"}],"items_purged_floors":[2],"is_endless":false,"potions_floor_spawned":[8,11,12,14,16,18,23],"killed_by":"Champ","ascension_level":8}