{"gold_per_floor":[166,179,179,193,207,207,282,282,308,321,46,46,77,92,92,187,187,200,200],"floor_reached":19,"playtime":780,"items_purged":["Strike_R"],"score":186,"play_id":"f038be3c-4964-4e57-851a-adc883892cb0","local_time":"20190326005122","is_ascension_mode":true,"campfire_choices":[{"data":"Disarm","floor":6,"key":"SMITH"},{"data":"Iron Wave","floor":8,"key":"SMITH"},{"data":"Pummel","floor":12,"key":"SMITH"},{"floor":15,"key":"REST"}],"neow_cost":"NONE","seed_source_timestamp":11440726891077,"circlet_count":0,"master_deck":["Strike_R","Strike_R","Strike_R","Strike_R","Defend_R","Defend_R","Defend_R+1","Defend_R","Bash+1","Pummel+1","Disarm+1","Iron Wave+1","Burning Pact+1","Armaments","Shrug It Off","Carnage","Offering","Headbutt+1"],"relics":["Tiny House","Happy Flower","War Paint","OrangePellets","Oddly Smooth Stone","Black Star"],"potions_floor_usage":[5,13,13,16,18],"damage_taken":[{"damage":9,"enemies":"2 Louse","floor":1,"turns":3},{"damage":0,"enemies":"Cultist","floor":2,"turns":3},{"damage":0,"enemies":"Small Slimes","floor":4,"turns":3},{"damage":2,"enemies":"Blue Slaver","floor":5,"turns":4},{"damage":11,"enemies":"Looter","floor":10,"turns":2},{"damage":12,"enemies":"Gremlin Nob","floor":13,"turns":4},{"damage":6,"enemies":"Large Slime","floor":14,"turns":7},{"damage":36,"enemies":"The Guardian","floor":16,"turns":13},{"damage":22,"enemies":"Chosen","floor":18,"turns":7},{"damage":67,"enemies":"Masked Bandits","floor":19,"turns":4}],"seed_played":"-5877846139472771510","potions_obtained":[{"floor":0,"key":"Poison Potion"},{"floor":1,"key":"Poison Potion"},{"floor":4,"key":"Block Potion"},{"floor":14,"key":"Fire Potion"},{"floor":16,"key":"Weak Potion"}],"is_trial":false,"path_per_floor":["M","M","?","M","M","R","?","R","T","M","$","R","E","M","R","B",null,"M","?"],"character_chosen":"IRONCLAD","items_purchased":["OrangePellets"],"campfire_rested":1,"item_purchase_floors":[11],"current_hp_per_floor":[76,76,76,76,74,74,63,63,63,52,52,52,40,34,59,23,85,63,0],"gold":200,"neow_bonus":"BOSS_RELIC","is_prod":false,"is_daily":false,"chose_seed":false,"campfire_upgraded":3,"win_rate":0,"timestamp":1553575882,"path_taken":["M","M","?","M","?","R","?","R","T","M","$","R","E","M","R","BOSS","M","?"],"build_version":"2019-01-23","purchased_purges":1,"victory":false,"max_hp_per_floor":[85,85,85,85,85,85,85,85,85,85,85,85,85,85,85,85,85,85,85],"card_choices":[{"not_picked":["Sever Soul","Rampage"],"picked":"Pummel","floor":0},{"not_picked":["Whirlwind","Uppercut"],"picked":"Intimidate","floor":1},{"not_picked":["Heavy Blade","Havoc"],"picked":"Disarm","floor":2},{"not_picked":["Fire Breathing","Perfected Strike"],"picked":"Iron Wave","floor":4},{"not_picked":["Flex","Combust"],"picked":"Burning Pact","floor":5},{"not_picked":["Anger","Reckless Charge"],"picked":"Armaments","floor":10},{"not_picked":["Perfected Strike","Intimidate"],"picked":"Shrug It Off","floor":13},{"not_picked":["Pommel Strike","Thunderclap"],"picked":"Carnage","floor":14},{"not_picked":["Limit Break","Reaper"],"picked":"Offering","floor":16},{"not_picked":["Body Slam+1","Shockwave"],"picked":"Headbutt+1","floor":18}],"player_experience":748952,"relics_obtained":[{"floor":9,"key":"War Paint"},{"floor":13,"key":"Oddly Smooth Stone"}],"event_choices":[{"cards_removed":["Intimidate"],"damage_healed":0,"gold_gain":0,"player_choice":"Gave Card","damage_taken":0,"relics_obtained":["Happy Flower"],"max_hp_gain":0,"max_hp_loss":0,"event_name":"WeMeetAgain","floor":3,"gold_loss":0},{"damage_healed":0,"gold_gain":75,"player_choice":"Gather Gold","damage_taken":11,"max_hp_gain":0,"max_hp_loss":0,"event_name":"World of Goop","floor":7,"gold_loss":0},{"damage_healed":0,"gold_gain":0,"player_choice":"Fought Bandits","damage_taken":0,"max_hp_gain":0,"max_hp_loss":0,"event_name":"Masked Bandits","floor":19,"gold_loss":0}],"is_beta":false,"boss_relics":[{"not_picked":["Philosopher\u0027s Stone","Snecko Eye"],"picked":"Black Star"}],"items_purged_floors":[11],"is_endless":false,"potions_floor_spawned":[1,4,14,16],"killed_by":"Masked Bandits","ascension_level":2}