{"path_per_floor":["M","M","$","M","?","M","R","M","T","E","R","E","M","E","R","B",null,"M","?","?","?","?","R","M","T","T","$","?","M","M","M","R"],"character_chosen":"DEFECT","items_purchased":["All For One+1"],"gold_per_floor":[112,123,48,67,67,82,82,92,118,150,150,178,195,225,225,325,325,343,343,343,258,258,258,245,270,270,26,26,44,64,82,82,82],"floor_reached":33,"campfire_rested":0,"playtime":1095,"item_purchase_floors":[27],"current_hp_per_floor":[75,75,75,73,66,58,58,54,54,41,41,38,38,38,38,20,61,59,43,43,43,37,37,36,36,36,36,36,19,21,23,23,0],"items_purged":["Strike_B","Strike_B"],"gold":82,"score":390,"play_id":"9ce07076-6ba9-4544-8a10-440fa266af1e","local_time":"20180607174751","is_prod":false,"is_daily":false,"chose_seed":false,"is_ascension_mode":true,"campfire_upgraded":5,"win_rate":0,"timestamp":1528386471,"campfire_choices":[{"data":"Zap","floor":7,"key":"SMITH"},{"data":"Defragment","floor":11,"key":"SMITH"},{"data":"Steam","floor":15,"key":"SMITH"},{"data":"Go for the Eyes","floor":23,"key":"SMITH"},{"data":"Hyperbeam","floor":32,"key":"SMITH"}],"path_taken":["M","M","?","M","?","M","R","M","T","E","R","E","M","E","R","BOSS","M","?","?","?","?","R","M","?","T","$","?","M","M","M","R","BOSS"],"build_version":"2018-05-31","seed_source_timestamp":26395510178283,"purchased_purges":2,"victory":false,"master_deck":["Strike_B","Strike_B","Defend_B","Defend_B","Defend_B+1","Defend_B","Zap+1","Dualcast","Rip and Tear","Cold Snap","Go for the Eyes+1","Defragment+1","Chill+1","Ball Lightning","Steam+1","Hyperbeam+1","Leap","Core Surge","Chaos+1","Ghostly","Ghostly","Ghostly","Ghostly","Ghostly","Streamline+1","All For One+1","Blind","Sunder+1","Hologram+1"],"max_hp_per_floor":[75,75,75,75,75,75,75,75,75,75,75,75,75,75,75,75,75,75,75,75,75,37,37,37,37,37,37,37,37,37,37,37,37],"relics":["Cracked Core","Art of War","Omamori","Juzu Bracelet","War Paint","Calipers","Cursed Key","Necronomicon","Molten Egg 2","Blood Vial"],"card_choices":[{"not_picked":["Compile Driver","Coolheaded"],"picked":"Rip and Tear","floor":0},{"not_picked":["Go for the Eyes","Hologram"],"picked":"Cold Snap","floor":1},{"not_picked":["Compile Driver","Static Discharge"],"picked":"Go for the Eyes","floor":2},{"not_picked":["Rebound","Amplify"],"picked":"Defragment","floor":4},{"not_picked":["Go for the Eyes","Heatsinks"],"picked":"Chill","floor":6},{"not_picked":["Sunder","Go for the Eyes"],"picked":"Ball Lightning","floor":8},{"not_picked":["Turbo","Melter"],"picked":"Steam","floor":10},{"not_picked":["Coolheaded","Rebound"],"picked":"Hyperbeam","floor":12},{"not_picked":["Gash","Rebound"],"picked":"Leap","floor":13},{"not_picked":["Go for the Eyes","Cold Snap","Conserve Battery"],"picked":"SKIP","floor":14},{"not_picked":["Biased Cognition","Amplify"],"picked":"Core Surge","floor":16},{"not_picked":["Beam Cell","Recycle"],"picked":"Chaos+1","floor":18},{"not_picked":["Gash+1","Barrage+1"],"picked":"Streamline+1","floor":24},{"not_picked":["Defragment","Turbo"],"picked":"Sunder+1","floor":29},{"not_picked":["Conserve Battery+1","Stack"],"picked":"Hologram+1","floor":30},{"not_picked":["Ball Lightning+1","Gash+1","Force Field"],"picked":"SKIP","floor":31}],"player_experience":355777,"potions_floor_usage":[10,14,16,29,29,33,33],"damage_taken":[{"damage":0,"enemies":"Cultist","floor":1,"turns":2},{"damage":0,"enemies":"2 Louse","floor":2,"turns":2},{"damage":2,"enemies":"Jaw Worm","floor":4,"turns":3},{"damage":8,"enemies":"Blue Slaver","floor":6,"turns":3},{"damage":4,"enemies":"Exordium Wildlife","floor":8,"turns":4},{"damage":13,"enemies":"Gremlin Nob","floor":10,"turns":3},{"damage":3,"enemies":"Lagavulin","floor":12,"turns":5},{"damage":0,"enemies":"3 Louse","floor":13,"turns":2},{"damage":0,"enemies":"3 Sentries","floor":14,"turns":5},{"damage":18,"enemies":"Slime Boss","floor":16,"turns":7},{"damage":2,"enemies":"Chosen","floor":18,"turns":4},{"damage":1,"enemies":"2 Thieves","floor":24,"turns":4},{"damage":18,"enemies":"Cultist and Chosen","floor":29,"turns":5},{"damage":0,"enemies":"Centurion and Healer","floor":30,"turns":4},{"damage":0,"enemies":"Snake Plant","floor":31,"turns":3},{"damage":49,"enemies":"Automaton","floor":33,"turns":8}],"relics_obtained":[{"floor":9,"key":"Omamori"},{"floor":10,"key":"Juzu Bracelet"},{"floor":12,"key":"War Paint"},{"floor":14,"key":"Calipers"},{"floor":19,"key":"Necronomicon"},{"floor":25,"key":"Blood Vial"}],"event_choices":[{"event_name":"Scrap Ooze","player_choice":"success","floor":5,"damage_taken":7},{"event_name":"Cursed Tome","player_choice":"Obtained Book","floor":19,"damage_taken":0},{"event_name":"Drug Dealer","player_choice":"Ignored","floor":20,"damage_taken":0},{"event_name":"Addict","player_choice":"Obtained Relic","floor":21,"damage_taken":0},{"event_name":"Ghosts","player_choice":"Became a Ghost","floor":22,"damage_taken":0},{"event_name":"Match and Keep!","player_choice":"1 cards matched","floor":28,"damage_taken":0}],"boss_relics":[{"not_picked":["Lizard Tail","Orrery"],"picked":"Cursed Key"}],"items_purged_floors":[3,27],"potions_floor_spawned":[6,8,12,13,14,16,24,30,31],"seed_played":"-944970588896121226","killed_by":"Automaton","ascension_level":5,"potions_obtained":[{"floor":6,"key":"SteroidPotion"},{"floor":8,"key":"SpeedPotion"},{"floor":12,"key":"Block Potion"},{"floor":13,"key":"Swift Potion"},{"floor":14,"key":"Ancient Potion"},{"floor":16,"key":"Strength Potion"},{"floor":30,"key":"Regen Potion"},{"floor":31,"key":"PowerPotion"}],"is_trial":false}