{"gold_per_floor":[109,121,139,139,155,190,200,200,200,200,200,43,43,69,69,164,164,178,178,192,207,307,342,342,355,355,355,381,394,452,452,452,553,553,573,627,627,116,116,116,143,143,143,172,190,207,217,132,132,132],"floor_reached":51,"playtime":2128,"items_purged":["Recycle+1"],"score":1083,"play_id":"676c839f-8e32-4157-9938-bfa775c26018","local_time":"20190119215336","is_ascension_mode":true,"campfire_choices":[{"floor":8,"key":"REST"},{"floor":10,"key":"REST"},{"floor":13,"key":"REST"},{"data":"Zap","floor":15,"key":"SMITH"},{"floor":24,"key":"REST"},{"floor":27,"key":"REST"},{"floor":32,"key":"RECALL"},{"floor":40,"key":"REST"},{"floor":42,"key":"REST"},{"floor":49,"key":"REST"}],"neow_cost":"NONE","seed_source_timestamp":107868529153463,"circlet_count":0,"master_deck":["Strike_B+1","Strike_B+1","Strike_B+1","Defend_B+1","Zap+1","Leap","Rebound","Electrodynamics","Glacier+1","Go for the Eyes","Gash","Hologram+1","FTL","Tempest+1","Seek+1","Biased Cognition+1","FTL","Gash","Hologram","Scrape","Glacier+1","Streamline+1","Capacitor","Blind"],"relics":["Eternal Feather","Lantern","Mercury Hourglass","Whetstone","Anchor","Fusion Hammer","Regal Pillow","Bottled Tornado","Nunchaku","Tiny Chest","Astrolabe","StoneCalendar","Kunai","Bag of Marbles","Emotion Chip","Ginger"],"potions_floor_usage":[6,6,16,44,50,50],"damage_taken":[{"damage":13,"enemies":"Jaw Worm","floor":1,"turns":4},{"damage":0,"enemies":"Cultist","floor":2,"turns":4},{"damage":4,"enemies":"Small Slimes","floor":3,"turns":3},{"damage":16,"enemies":"Exordium Wildlife","floor":5,"turns":6},{"damage":12,"enemies":"3 Sentries","floor":6,"turns":7},{"damage":19,"enemies":"3 Louse","floor":7,"turns":3},{"damage":13,"enemies":"Slime Boss","floor":16,"turns":6},{"damage":2,"enemies":"Chosen","floor":18,"turns":4},{"damage":13,"enemies":"2 Thieves","floor":20,"turns":4},{"damage":21,"enemies":"Snake Plant","floor":21,"turns":4},{"damage":30,"enemies":"Slavers","floor":23,"turns":5},{"damage":10,"enemies":"3 Cultists","floor":25,"turns":4},{"damage":0,"enemies":"Gremlin Leader","floor":28,"turns":6},{"damage":2,"enemies":"Centurion and Healer","floor":29,"turns":4},{"damage":5,"enemies":"Slavers","floor":30,"turns":3},{"damage":47,"enemies":"Automaton","floor":33,"turns":10},{"damage":0,"enemies":"3 Darklings","floor":35,"turns":2},{"damage":11,"enemies":"2 Orb Walkers","floor":36,"turns":3},{"damage":22,"enemies":"Reptomancer","floor":41,"turns":4},{"damage":41,"enemies":"Nemesis","floor":44,"turns":7},{"damage":0,"enemies":"3 Shapes","floor":45,"turns":3},{"damage":1,"enemies":"Jaw Worm Horde","floor":46,"turns":2},{"damage":4,"enemies":"Maw","floor":47,"turns":6},{"damage":37,"enemies":"Awakened One","floor":50,"turns":11}],"seed_played":"-6092726972385369742","potions_obtained":[{"floor":1,"key":"FocusPotion"},{"floor":3,"key":"Fire Potion"},{"floor":5,"key":"GamblersBrew"},{"floor":18,"key":"Energy Potion"},{"floor":25,"key":"LiquidBronze"},{"floor":28,"key":"Energy Potion"},{"floor":41,"key":"GamblersBrew"},{"floor":46,"key":"FearPotion"},{"floor":47,"key":"FearPotion"}],"is_trial":false,"path_per_floor":["M","M","M","?","M","E","M","R","T","R","?","$","R","T","R","B",null,"M","?","M","M","?","E","R","M","T","R","E","M","E","?","R","B",null,"M","?","?","$","?","R","E","R","T","E","M","M","M","$","R","B",null],"character_chosen":"DEFECT","items_purchased":["Whetstone","Gash","Hologram","Kunai","Scrape","Blind"],"campfire_rested":8,"item_purchase_floors":[12,38,38,38,38,48],"current_hp_per_floor":[55,55,51,51,35,23,4,32,32,60,45,45,73,73,75,62,72,70,70,57,36,36,6,49,39,39,75,75,73,68,68,75,28,63,63,52,52,52,52,75,53,75,75,34,34,33,29,29,75,38],"gold":132,"neow_bonus":"BOSS_RELIC","is_prod":false,"is_daily":false,"chose_seed":false,"campfire_upgraded":1,"win_rate":0,"timestamp":1547963616,"path_taken":["M","M","M","?","?","E","M","R","T","R","?","$","R","?","R","BOSS","M","?","M","M","?","E","R","M","T","R","E","?","E","?","R","BOSS","M","?","?","$","?","R","E","R","T","E","?","M","?","$","R","BOSS"],"build_version":"2019-01-17v2","purchased_purges":1,"victory":true,"max_hp_per_floor":[75,75,75,75,75,75,75,75,75,75,75,75,75,75,75,75,75,75,75,75,75,75,75,75,75,75,75,75,75,75,75,75,75,75,75,75,75,75,75,75,75,75,75,75,75,75,75,75,75,75],"card_choices":[{"not_picked":["Melter","Turbo"],"picked":"Leap","floor":1},{"not_picked":["Force Field","Barrage"],"picked":"Rebound","floor":2},{"not_picked":["Barrage","Cold Snap","Stack"],"picked":"SKIP","floor":3},{"not_picked":["Turbo","Blizzard","Chaos"],"picked":"SKIP","floor":5},{"not_picked":["Barrage","Redo","Compile Driver"],"picked":"SKIP","floor":6},{"not_picked":["Coolheaded","Barrage","Ball Lightning"],"picked":"SKIP","floor":7},{"not_picked":["Hyperbeam","Echo Form"],"picked":"Electrodynamics","floor":16},{"not_picked":["BootSequence","Go for the Eyes"],"picked":"Glacier+1","floor":18},{"not_picked":["Steam","Barrage","Genetic Algorithm"],"picked":"SKIP","floor":20},{"not_picked":["Consume","Leap+1"],"picked":"Go for the Eyes","floor":21},{"not_picked":["Stack","Compile Driver"],"picked":"Gash","floor":23},{"not_picked":["Rip and Tear","Cold Snap"],"picked":"Hologram+1","floor":25},{"not_picked":["Storm","Go for the Eyes"],"picked":"FTL","floor":28},{"not_picked":["Leap+1","Aggregate","Amplify"],"picked":"SKIP","floor":29},{"not_picked":["Reboot","Heatsinks"],"picked":"Tempest+1","floor":30},{"not_picked":["Conserve Battery+1","Coolheaded"],"picked":"FTL","floor":35},{"not_picked":["Doom and Gloom","Biased Cognition","Coolheaded"],"picked":"SKIP","floor":41},{"not_picked":["Recycle","Melter+1"],"picked":"Glacier+1","floor":44},{"not_picked":["Force Field","Loop","Turbo"],"picked":"SKIP","floor":45},{"not_picked":["Steam+1","Lockon"],"picked":"Streamline+1","floor":46},{"not_picked":["Rebound+1","Steam Power"],"picked":"Capacitor","floor":47}],"player_experience":596446,"relics_obtained":[{"floor":6,"key":"Lantern"},{"floor":9,"key":"Mercury Hourglass"},{"floor":14,"key":"Anchor"},{"floor":23,"key":"Regal Pillow"},{"floor":26,"key":"Bottled Tornado"},{"floor":28,"key":"Nunchaku"},{"floor":30,"key":"Tiny Chest"},{"floor":36,"key":"StoneCalendar"},{"floor":41,"key":"Emotion Chip"},{"floor":44,"key":"Ginger"}],"event_choices":[{"cards_removed":["Defend_B"],"damage_healed":0,"gold_gain":0,"player_choice":"Card Removal","damage_taken":0,"max_hp_gain":0,"max_hp_loss":0,"event_name":"Wheel of Change","floor":4,"gold_loss":0},{"damage_healed":0,"gold_gain":0,"player_choice":"Entered Light","damage_taken":15,"max_hp_gain":0,"max_hp_loss":0,"event_name":"Shining Light","floor":11,"gold_loss":0,"cards_upgraded":["Defend_B","Strike_B"]},{"cards_removed":["Defend_B"],"damage_healed":0,"gold_gain":0,"player_choice":"Elegance","damage_taken":0,"max_hp_gain":0,"max_hp_loss":0,"event_name":"Back to Basics","floor":19,"gold_loss":0},{"damage_healed":0,"gold_gain":100,"player_choice":"Pray","damage_taken":0,"max_hp_gain":0,"max_hp_loss":0,"event_name":"Golden Shrine","floor":22,"gold_loss":0},{"damage_healed":0,"gold_gain":0,"player_choice":"Ignored","damage_taken":0,"max_hp_gain":0,"max_hp_loss":0,"event_name":"Vampires","floor":31,"gold_loss":0},{"damage_healed":0,"gold_gain":0,"player_choice":"Fight","damage_taken":0,"max_hp_gain":0,"max_hp_loss":0,"event_name":"Mysterious Sphere","floor":36,"gold_loss":0},{"damage_healed":0,"gold_gain":0,"player_choice":"Ignored","damage_taken":0,"max_hp_gain":0,"max_hp_loss":0,"event_name":"Tomb of Lord Red Mask","floor":37,"gold_loss":0},{"damage_healed":0,"gold_gain":0,"player_choice":"Gave Potion","damage_taken":0,"relics_obtained":["Bag of Marbles"],"max_hp_gain":0,"max_hp_loss":0,"event_name":"WeMeetAgain","floor":39,"gold_loss":0}],"is_beta":false,"boss_relics":[{"not_picked":["Runic Pyramid","Orrery"],"picked":"Fusion Hammer"},{"not_picked":["Busted Crown","Snecko Eye"],"picked":"Astrolabe"}],"items_purged_floors":[38],"is_endless":false,"potions_floor_spawned":[1,3,5,18,25,28,33,36,41,46,47],"ascension_level":8}