{"gold_per_floor":[218,218,218,188,37,37,68,87,87,107,107,107],"floor_reached":12,"playtime":499,"items_purged":["Defend_B"],"score":125,"play_id":"817f67ac-1e88-4bd1-912d-bc76a97a0970","local_time":"20180922065737","is_ascension_mode":true,"campfire_choices":[{"data":"Consume","floor":6,"key":"SMITH"}],"neow_cost":"NONE","seed_source_timestamp":584070879120407,"circlet_count":0,"master_deck":["Strike_B","Strike_B","Strike_B","Defend_B","Defend_B","Defend_B","Zap","Dualcast","AscendersBane","Ball Lightning","Consume+1","Self Repair"],"relics":["Cracked Core","Ice Cream","Bottled Tornado"],"potions_floor_usage":[12],"damage_taken":[{"damage":7,"enemies":"Small Slimes","floor":1,"turns":3},{"damage":40,"enemies":"Gremlin Nob","floor":7,"turns":4},{"damage":5,"enemies":"2 Louse","floor":8,"turns":2},{"damage":1,"enemies":"Cultist","floor":10,"turns":3},{"damage":29,"enemies":"Exordium Thugs","floor":12,"turns":3}],"seed_played":"-6369281217577057315","potions_obtained":[{"floor":7,"key":"Poison Potion"},{"floor":10,"key":"FearPotion"}],"is_trial":false,"path_per_floor":["M","?","?","?","$","R","E","M","T","M","?"],"character_chosen":"DEFECT","items_purchased":["Consume"],"campfire_rested":0,"item_purchase_floors":[5],"current_hp_per_floor":[61,61,61,61,61,61,21,16,16,22,22,0],"gold":107,"neow_bonus":"HUNDRED_GOLD","is_prod":false,"is_daily":false,"chose_seed":false,"campfire_upgraded":1,"win_rate":0,"timestamp":1537592257,"path_taken":["M","?","?","?","$","R","E","?","T","M","?","?"],"build_version":"2018-09-20","purchased_purges":1,"victory":false,"max_hp_per_floor":[75,75,75,75,75,75,75,75,75,75,75,75],"card_choices":[{"not_picked":["Barrage","Fusion"],"picked":"Ball Lightning","floor":1},{"not_picked":["Meteor Strike","Recycle","Steam"],"picked":"SKIP","floor":7},{"not_picked":["Double Energy","Hologram"],"picked":"Self Repair","floor":8},{"not_picked":["Storm","Sweeping Beam","Darkness"],"picked":"SKIP","floor":10}],"player_experience":519624,"relics_obtained":[{"floor":7,"key":"Ice Cream"},{"floor":9,"key":"Bottled Tornado"}],"event_choices":[{"event_name":"Liars Game","player_choice":"disagreed","floor":2,"damage_taken":0},{"event_name":"Bonfire Elementals","player_choice":"BASIC","floor":3,"damage_taken":0},{"event_name":"World of Goop","player_choice":"Left","floor":4,"damage_taken":0},{"event_name":"Shining Light","player_choice":"Ignored","floor":11,"damage_taken":0}],"is_beta":false,"boss_relics":[],"items_purged_floors":[5],"is_endless":false,"potions_floor_spawned":[7,10],"killed_by":"Exordium Thugs","ascension_level":13}