{"path_per_floor":["M","M","?","?","M","R","E","R","T","R","T","R","$","M","R","B",null,"M","?","M","?","M","R","E","R","T","R","?","M","$","M","R"],"character_chosen":"THE_SILENT","items_purchased":["Adrenaline","Tough Bandages"],"gold_per_floor":[109,124,199,199,217,217,248,248,248,248,248,248,30,42,42,137,137,155,155,173,173,193,193,223,223,306,306,306,317,57,69,69,69],"floor_reached":33,"campfire_rested":5,"playtime":1520,"current_hp_per_floor":[55,55,44,44,43,64,34,34,34,34,34,55,55,55,55,20,58,52,52,43,43,33,54,21,42,42,42,42,14,14,14,35,0],"items_purged":["Strike_G"],"gold":69,"score":342,"play_id":"315aa686-ccee-49be-af88-d6302c70c165","local_time":"20180403122704","is_prod":false,"is_daily":false,"is_ascension_mode":true,"campfire_upgraded":4,"timestamp":1522751224,"path_taken":["M","M","?","?","?","R","E","R","T","R","?","R","$","M","R","BOSS","M","?","?","?","M","R","E","R","T","R","?","?","?","M","R","BOSS"],"build_version":"2018-03-29v2","purchased_purges":2,"victory":false,"master_deck":["Survivor","Neutralize+1","Tactician","Dagger Throw","PiercingWail","Blade Dance","Acrobatics+1","Sucker Punch+1","Adrenaline","Underhanded Strike","Glass Knife","Slice","Well Laid Plans","Acrobatics","Prepared","Outmaneuver","Underhanded Strike","Dagger Throw","Underhanded Strike","Setup+1","Skewer+1","Prepared+1"],"max_hp_per_floor":[70,70,70,70,70,70,70,70,70,70,70,70,70,70,70,70,70,70,70,70,70,70,70,70,70,70,70,70,70,70,70,70,70],"relics":["Ring of the Snake","Ancient Tea Set","Snake Skull","Gremlin Horn","Pandora\u0027s Box","Prayer Wheel","Tiny Chest","Tough Bandages"],"card_choices":[{"not_picked":["Skewer","Prepared"],"picked":"Dagger Throw","floor":1},{"not_picked":["Phantasmal Killer","Prepared"],"picked":"PiercingWail","floor":2},{"not_picked":["Blur","Catalyst"],"picked":"Acrobatics","floor":5},{"not_picked":["Expertise","PiercingWail"],"picked":"Sucker Punch","floor":7},{"not_picked":["Prepared","Backflip"],"picked":"Underhanded Strike","floor":14},{"not_picked":["Envenom","Venomology"],"picked":"Glass Knife","floor":16},{"not_picked":["Noxious Fumes","Backflip"],"picked":"Underhanded Strike","floor":18},{"not_picked":["Escape Plan","Dagger Spray"],"picked":"Setup","floor":22},{"not_picked":["Slice","Dodge and Roll"],"picked":"Skewer","floor":26},{"not_picked":["Flying Knee","Underhanded Strike"],"picked":"Prepared","floor":31}],"player_experience":207790,"potions_floor_usage":[7,16,33,33,33],"damage_taken":[{"damage":8,"enemies":"Jaw Worm","floor":1,"turns":6},{"damage":0,"enemies":"Small Slimes","floor":2,"turns":3},{"damage":1,"enemies":"Cultist","floor":5,"turns":3},{"damage":30,"enemies":"Gremlin Nob","floor":7,"turns":5},{"damage":0,"enemies":"2 Fungi Beasts","floor":14,"turns":2},{"damage":35,"enemies":"Slime Boss","floor":16,"turns":9},{"damage":6,"enemies":"Chosen","floor":18,"turns":5},{"damage":9,"enemies":"Shell Parasite","floor":20,"turns":3},{"damage":10,"enemies":"Snake Plant","floor":22,"turns":4},{"damage":33,"enemies":"Gremlin Leader","floor":24,"turns":6},{"damage":28,"enemies":"Chosen and Byrds","floor":29,"turns":6},{"damage":0,"enemies":"Cultist and Chosen","floor":31,"turns":3},{"damage":46,"enemies":"Automaton","floor":33,"turns":6}],"event_choices":[{"event_name":"World of Goop","player_choice":"Gather Gold","floor":3,"damage_taken":0},{"event_name":"Transmorgrifier","player_choice":"Transform","floor":4,"damage_taken":0},{"event_name":"Back to Basics","player_choice":"Elegance","floor":19,"damage_taken":0},{"event_name":"Drug Dealer","player_choice":"Ignored","floor":21,"damage_taken":0},{"event_name":"Cursed Tome","player_choice":"Ignored","floor":28,"damage_taken":0}],"boss_relics":[{"not_picked":["The Specimen","Snecko Eye"],"picked":"Pandora\u0027s Box"}],"potions_floor_spawned":[1,14,18,24,29],"seed_played":"2107678035788377347","killed_by":"Automaton","ascension_level":6,"is_trial":false}