{"path_per_floor":["M","M","M","?","?","E","R","M","T","E","M","R","M","M","R","B",null,"M","M","?","?","M","R","E","M","T","E","$","R","M","M","R","B",null,"M","M","?","M","M","E","$","E","T","R","?","$","M","M","R","B"],"character_chosen":"THE_SILENT","items_purchased":["Accuracy","Gambling Chip","Calipers","Noxious Fumes"],"gold_per_floor":[118,129,143,113,113,143,143,156,156,182,192,192,203,221,221,324,324,341,360,360,360,374,374,401,416,416,442,70,70,83,94,94,194,194,214,232,232,250,264,289,22,48,48,48,48,48,67,83,83,83],"floor_reached":51,"campfire_rested":0,"playtime":7059,"current_hp_per_floor":[70,62,62,62,62,53,53,53,53,52,52,52,52,51,51,46,70,67,67,49,33,49,49,41,42,42,28,28,40,44,36,48,33,49,49,49,49,49,44,34,34,34,34,49,55,55,55,52,55,37],"items_purged":[],"gold":83,"score":642,"play_id":"d95af0c8-074c-4fa5-91fb-f6283ceb6dd7","is_prod":false,"is_daily":false,"is_ascension_mode":true,"campfire_upgraded":8,"path_taken":["M","?","M","?","?","E","R","M","T","E","M","R","M","?","R","BOSS","M","M","?","?","?","R","E","M","T","E","$","R","M","M","R","BOSS","M","?","?","M","M","E","$","E","T","R","?","?","?","M","R","BOSS"],"build_version":"2018-02-15-PROD1","purchased_purges":0,"victory":true,"master_deck":["Defend_G","Defend_G","Defend_G","Defend_G","Defend_G","Survivor","Neutralize","Backflip","Quick Slash","Deflect","Neutralize+1","Slice","Escape Plan","Cloak And Dagger","Backflip","Infinite Blades+1","Accuracy+1","Terror","After Image+1","Finisher","Flying Knee","Bite","Bite","Bite","Bite","Bite","Cloak And Dagger+1","Venomology","Cloak And Dagger","Blur","Accuracy+1","Acrobatics+1","Blur","A Thousand Cuts+1","Infinite Blades+1","Footwork","Acrobatics","Caltrops","Dodge and Roll+1","Noxious Fumes","Normality","Malaise+1","Footwork+1"],"max_hp_per_floor":[70,70,70,70,70,70,70,70,70,70,70,70,70,70,70,70,70,70,70,49,49,49,49,49,49,49,49,49,49,49,49,49,49,49,49,49,49,49,49,49,49,49,49,49,55,55,55,55,55,55],"relics":["Ring of the Snake","Tough Bandages","Centennial Puzzle","Frozen Eye","Eternal Feather","Enchiridion","Ancient Tea Set","Darkstone Periapt","Thread and Needle","Gambling Chip","Question Card","The Courier","Calipers","Toolbox","Paper Crane","Toxic Egg 2"],"card_choices":[{"not_picked":["Bane","Underhanded Strike"],"picked":"Backflip"},{"not_picked":["Underhanded Strike","Dash"],"picked":"Quick Slash"},{"not_picked":["Dagger Spray","Choke"],"picked":"Deflect"},{"not_picked":["Blur","Poisoned Stab"],"picked":"Escape Plan"},{"not_picked":["Eviscerate","Masterful Stab"],"picked":"Cloak And Dagger"},{"not_picked":["Predator","Crippling Poison"],"picked":"Backflip"},{"not_picked":["Reflex","Finisher"],"picked":"Infinite Blades"},{"not_picked":["Quick Slash","Bane"],"picked":"Accuracy"},{"not_picked":["Noxious Fumes","Quick Slash"],"picked":"Terror"},{"not_picked":["Night Terror","Grand Finale"],"picked":"After Image"},{"not_picked":["Outmaneuver","Slice"],"picked":"Finisher"},{"not_picked":["Poisoned Stab","Dagger Spray"],"picked":"Flying Knee"},{"not_picked":["Bane","Quick Slash"],"picked":"Cloak And Dagger"},{"not_picked":["Prepared","Expertise"],"picked":"Venomology"},{"not_picked":["Prepared","Slice"],"picked":"Cloak And Dagger"},{"not_picked":["Adrenaline","Slice"],"picked":"Blur"},{"not_picked":["Calculated Gamble","Slice"],"picked":"Acrobatics"},{"not_picked":["Dagger Throw","Underhanded Strike"],"picked":"Blur"},{"not_picked":["Die Die Die","Adrenaline"],"picked":"A Thousand Cuts"},{"not_picked":["Noxious Fumes","Dagger Spray","Catalyst"],"picked":"Infinite Blades"},{"not_picked":["Dagger Spray","Leg Sweep","Choke"],"picked":"Footwork"},{"not_picked":["Deadly Poison","Dash","Choke"],"picked":"Acrobatics"},{"not_picked":["Slice","Outmaneuver","Quick Slash"],"picked":"Caltrops"},{"not_picked":["Deadly Poison","Prepared","PiercingWail"],"picked":"Dodge and Roll"},{"not_picked":["Dodge and Roll","Catalyst","Noxious Fumes"],"picked":"Malaise"},{"not_picked":["Well Laid Plans","Deflect","A Thousand Cuts"],"picked":"Footwork"}],"player_experience":148951,"potions_floor_usage":[6,6,10,10,19,19,22,27,31,33,35,40,42,42,50,50,50,50],"damage_taken":[{"damage":0,"enemies":"Cultist","floor":1,"turns":5},{"damage":8,"enemies":"Jaw Worm","floor":2,"turns":6},{"damage":0,"enemies":"Small Slimes","floor":3,"turns":3},{"damage":9,"enemies":"Lagavulin","floor":6,"turns":8},{"damage":0,"enemies":"Looter","floor":8,"turns":3},{"damage":1,"enemies":"Gremlin Nob","floor":10,"turns":4},{"damage":0,"enemies":"Lots of Slimes","floor":11,"turns":6},{"damage":0,"enemies":"Red Slaver","floor":13,"turns":3},{"damage":1,"enemies":"Exordium Wildlife","floor":14,"turns":3},{"damage":5,"enemies":"Hexaghost","floor":16,"turns":9},{"damage":3,"enemies":"3 Byrds","floor":18,"turns":7},{"damage":0,"enemies":"2 Thieves","floor":19,"turns":3},{"damage":1,"enemies":"Centurion and Healer","floor":22,"turns":6},{"damage":23,"enemies":"Gremlin Leader","floor":24,"turns":9},{"damage":5,"enemies":"Snecko","floor":25,"turns":3},{"damage":24,"enemies":"Slavers","floor":27,"turns":7},{"damage":0,"enemies":"Snake Plant","floor":30,"turns":4},{"damage":12,"enemies":"Cultist and Chosen","floor":31,"turns":6},{"damage":26,"enemies":"Collector","floor":33,"turns":8},{"damage":0,"enemies":"3 Darklings","floor":35,"turns":7},{"damage":2,"enemies":"3 Shapes","floor":36,"turns":6},{"damage":0,"enemies":"3 Darklings","floor":38,"turns":6},{"damage":7,"enemies":"4 Shapes","floor":39,"turns":6},{"damage":16,"enemies":"Giant Head","floor":40,"turns":7},{"damage":11,"enemies":"2 Orb Walkers","floor":42,"turns":4},{"damage":0,"enemies":"Maw","floor":47,"turns":7},{"damage":3,"enemies":"Sphere and 2 Shapes","floor":48,"turns":5},{"damage":33,"enemies":"Donu and Deca","floor":50,"turns":8}],"event_choices":[{"event_name":"The Woman in Blue","player_choice":"Bought 2 Potions","floor":4,"damage_taken":0},{"event_name":"Match and Keep!","player_choice":"2 cards matched","floor":5,"damage_taken":0},{"event_name":"Vampires","player_choice":"Became a vampire","floor":20,"damage_taken":0},{"event_name":"Cursed Tome","player_choice":"Obtained Book","floor":21,"damage_taken":0},{"event_name":"Upgrade Shrine","player_choice":"Upgraded","floor":37,"damage_taken":0},{"event_name":"Accursed Blacksmith","player_choice":"Rummage","floor":45,"damage_taken":0}],"boss_relics":[{"not_picked":["Lizard Tail","Cursed Key"],"picked":"Eternal Feather"},{"not_picked":["The Specimen","Snecko Eye"],"picked":"Question Card"}],"potions_floor_spawned":[6,8,13,16,18,25,27,35,40,47,48],"seed_played":"-6273684793147526747","ascension_level":1,"is_trial":false}