{"gold_per_floor":[111,111,128,29,42,73,83,83,164,14,14,31,31,50,50,155,155,173,183,183],"floor_reached":20,"playtime":764,"items_purged":[],"score":282,"play_id":"5f374726-04ff-4c32-868c-84fb2ff5c8d5","local_time":"20180925173340","is_ascension_mode":true,"campfire_choices":[{"data":"Zap","floor":8,"key":"SMITH"},{"data":"Coolheaded","floor":11,"key":"SMITH"},{"data":"Coolheaded","floor":15,"key":"SMITH"}],"neow_cost":"","seed_source_timestamp":979513211102857,"circlet_count":0,"master_deck":["Strike_B","Strike_B","Strike_B","Strike_B","Defend_B","Defend_B","Defend_B","Defend_B","Zap+1","Dualcast","AscendersBane","Go for the Eyes","Conserve Battery","Ball Lightning","Coolheaded+1","White Noise","Consume","Coolheaded+1","Electrodynamics","Pain","Parasite","Pain","Steam+1","Defragment"],"relics":["Cracked Core","Calipers","Molten Egg 2","DataDisk","Calling Bell","Centennial Puzzle","Kunai","Girya"],"potions_floor_usage":[6,6,16,19,20],"damage_taken":[{"damage":13,"enemies":"Small Slimes","floor":1,"turns":4},{"damage":1,"enemies":"Cultist","floor":3,"turns":3},{"damage":1,"enemies":"2 Louse","floor":5,"turns":2},{"damage":20,"enemies":"3 Sentries","floor":6,"turns":8},{"damage":10,"enemies":"Red Slaver","floor":7,"turns":4},{"damage":8,"enemies":"Blue Slaver","floor":12,"turns":3},{"damage":3,"enemies":"Looter","floor":14,"turns":3},{"damage":27,"enemies":"Hexaghost","floor":16,"turns":13},{"damage":27,"enemies":"2 Thieves","floor":18,"turns":4},{"damage":31,"enemies":"Chosen","floor":19,"turns":5},{"damage":3,"enemies":"Snake Plant","floor":20,"turns":2}],"seed_played":"3808936180494513425","potions_obtained":[{"floor":2,"key":"SneckoOil"},{"floor":2,"key":"EntropicBrew"},{"floor":2,"key":"AttackPotion"},{"floor":3,"key":"EssenceOfSteel"},{"floor":6,"key":"Swift Potion"},{"floor":18,"key":"PowerPotion"},{"floor":19,"key":"Weak Potion"}],"is_trial":false,"path_per_floor":["M","?","M","$","M","E","M","R","T","$","R","M","?","M","R","B",null,"M","M"],"character_chosen":"DEFECT","items_purchased":["Ball Lightning","Coolheaded","DataDisk"],"campfire_rested":0,"item_purchase_floors":[4,4,10],"current_hp_per_floor":[55,55,54,54,53,33,23,23,23,23,23,15,40,37,37,17,61,34,3,0],"gold":183,"neow_bonus":"","is_prod":false,"is_daily":false,"chose_seed":false,"campfire_upgraded":3,"win_rate":0,"timestamp":1537889620,"path_taken":["M","?","?","$","M","E","M","R","T","$","R","M","?","M","R","BOSS","M","M","M"],"build_version":"2018-09-24","purchased_purges":0,"victory":false,"max_hp_per_floor":[75,75,75,75,75,75,75,75,75,75,75,75,75,75,75,75,75,75,75,75],"card_choices":[{"not_picked":["Aggregate","Melter"],"picked":"Go for the Eyes","floor":1},{"not_picked":["Compile Driver","Beam Cell"],"picked":"Conserve Battery","floor":3},{"not_picked":["Aggregate","Steam Power"],"picked":"White Noise","floor":5},{"not_picked":["Turbo","Double Energy"],"picked":"Consume","floor":6},{"not_picked":["Ball Lightning","Cold Snap"],"picked":"Coolheaded","floor":7},{"not_picked":["Coolheaded","Conserve Battery","Recycle"],"picked":"SKIP","floor":12},{"not_picked":["Force Field","Steam","Doom and Gloom+1"],"picked":"SKIP","floor":14},{"not_picked":["Rainbow","Buffer"],"picked":"Electrodynamics","floor":16},{"not_picked":["Turbo+1","Chaos"],"picked":"Steam+1","floor":18},{"not_picked":["Rebound+1","Coolheaded"],"picked":"Defragment","floor":19}],"player_experience":147020,"relics_obtained":[{"floor":6,"key":"Calipers"},{"floor":9,"key":"Molten Egg 2"},{"floor":17,"key":"Centennial Puzzle"},{"floor":17,"key":"Kunai"},{"floor":17,"key":"Girya"}],"event_choices":[{"event_name":"The Lab","player_choice":"Got Potions","floor":2,"damage_taken":0},{"event_name":"Big Fish","player_choice":"Banana","floor":13,"damage_taken":0}],"is_beta":true,"boss_relics":[{"not_picked":["Philosopher\u0027s Stone","Lizard Tail"],"picked":"Calling Bell"}],"items_purged_floors":[],"is_endless":false,"potions_floor_spawned":[3,6,12,18,19],"killed_by":"Snake Plant","ascension_level":12}