{"gold_per_floor":[114,131,131,151,28,64,82,82,105,186,200,213,213,213,213,337,337,358,358,358,358,358,399,1,24,50,50,4,4,28,46,46,165,165,178,178,158,171,187,187,208,224,224,224,161,174,99,124,124,124],"floor_reached":51,"playtime":2862,"items_purged":["Injury","Zap","Injury","Strike_B+1"],"score":855,"play_id":"fc2132fe-9485-4029-86a7-198741565b8f","local_time":"20181030185325","is_ascension_mode":true,"campfire_choices":[{"data":"Streamline","floor":8,"key":"SMITH"},{"data":"Self Repair","floor":13,"key":"SMITH"},{"data":"Hologram","floor":15,"key":"SMITH"},{"data":"Beam Cell","floor":27,"key":"SMITH"},{"data":"Hologram","floor":32,"key":"SMITH"},{"data":"Blind","floor":40,"key":"SMITH"},{"data":"Scrape","floor":44,"key":"SMITH"},{"data":"Seek","floor":49,"key":"SMITH"}],"neow_cost":"NONE","seed_source_timestamp":346694302102631,"circlet_count":0,"master_deck":["Strike_B+1","Strike_B+1","Defend_B+1","Defend_B+1","Defend_B+1","Defend_B+1","Streamline+1","Go for the Eyes","Streamline+1","Auto Shields","Self Repair+1","Hologram+1","All For One","Beam Cell+1","Blind+1","Hologram+1","Seek+1","Gash","Secret Technique","Scrape+1","Hologram+1","Streamline+1"],"relics":["Coffee Dripper","Golden Idol","Oddly Smooth Stone","Bag of Preparation","Blue Candle","White Beast Statue","PreservedInsect","Shuriken","Membership Card","Strawberry","Ancient Tea Set","Blood Vial","Cursed Key","Centennial Puzzle"],"potions_floor_usage":[6,7,23,42,50,50,50],"damage_taken":[{"damage":0,"enemies":"Cultist","floor":1,"turns":4},{"damage":2,"enemies":"Jaw Worm","floor":2,"turns":3},{"damage":0,"enemies":"2 Louse","floor":4,"turns":2},{"damage":30,"enemies":"3 Sentries","floor":6,"turns":6},{"damage":6,"enemies":"2 Fungi Beasts","floor":7,"turns":2},{"damage":0,"enemies":"Red Slaver","floor":11,"turns":3},{"damage":7,"enemies":"Exordium Thugs","floor":12,"turns":4},{"damage":16,"enemies":"Slime Boss","floor":16,"turns":9},{"damage":4,"enemies":"Shell Parasite","floor":18,"turns":4},{"damage":25,"enemies":"Slavers","floor":23,"turns":6},{"damage":0,"enemies":"Spheric Guardian","floor":25,"turns":2},{"damage":14,"enemies":"Snake Plant","floor":30,"turns":3},{"damage":12,"enemies":"Sentry and Sphere","floor":31,"turns":4},{"damage":42,"enemies":"Champ","floor":33,"turns":7},{"damage":13,"enemies":"3 Darklings","floor":35,"turns":8},{"damage":0,"enemies":"3 Shapes","floor":38,"turns":2},{"damage":0,"enemies":"Sphere and 2 Shapes","floor":39,"turns":3},{"damage":18,"enemies":"4 Shapes","floor":41,"turns":6},{"damage":3,"enemies":"Writhing Mass","floor":42,"turns":3},{"damage":12,"enemies":"3 Darklings","floor":46,"turns":3},{"damage":11,"enemies":"4 Shapes","floor":48,"turns":4},{"damage":8,"enemies":"Donu and Deca","floor":50,"turns":5}],"seed_played":"-4604847727166952908","potions_obtained":[{"floor":1,"key":"Dexterity Potion"},{"floor":2,"key":"Swift Potion"},{"floor":4,"key":"Poison Potion"},{"floor":11,"key":"SneckoOil"},{"floor":18,"key":"FearPotion"},{"floor":23,"key":"EssenceOfSteel"},{"floor":25,"key":"Ancient Potion"},{"floor":30,"key":"Swift Potion"},{"floor":41,"key":"Block Potion"},{"floor":42,"key":"SpeedPotion"},{"floor":46,"key":"EssenceOfSteel"}],"is_trial":false,"path_per_floor":["M","M","?","M","$","E","M","R","T","T","M","M","R","?","R","B",null,"M","?","?","?","?","E","$","M","T","R","$","?","M","M","R","B",null,"M","?","$","M","M","R","M","M","T","R","$","M","$","M","R","B"],"character_chosen":"DEFECT","items_purchased":["Streamline","Membership Card","Strawberry","Ancient Tea Set","Blind","Scrape"],"campfire_rested":0,"item_purchase_floors":[5,24,24,24,28,37],"current_hp_per_floor":[68,66,66,66,66,36,30,30,30,30,30,30,30,30,30,24,62,68,68,68,68,68,53,60,70,70,70,70,70,68,68,68,28,69,68,68,68,70,82,82,74,82,82,82,82,80,80,81,81,82],"gold":124,"neow_bonus":"BOSS_RELIC","is_prod":false,"is_daily":false,"chose_seed":false,"campfire_upgraded":8,"win_rate":0,"timestamp":1540950805,"path_taken":["M","?","?","?","?","E","M","R","T","?","?","M","R","?","R","BOSS","M","?","?","?","?","E","$","M","T","R","?","?","M","M","R","BOSS","M","?","$","M","M","R","M","M","T","R","$","M","$","?","R","BOSS"],"build_version":"2018-10-25v2","purchased_purges":4,"victory":true,"max_hp_per_floor":[75,75,75,75,75,75,75,75,75,75,75,75,75,75,75,75,75,75,75,75,75,75,75,82,82,82,82,82,82,82,82,82,82,82,82,82,82,82,82,82,82,82,82,82,82,82,82,82,82,82],"card_choices":[{"not_picked":["Tempest","Coolheaded"],"picked":"Streamline","floor":1},{"not_picked":["Chill","Tempest","Rebound"],"picked":"SKIP","floor":2},{"not_picked":["Ball Lightning","Force Field"],"picked":"Go for the Eyes","floor":4},{"not_picked":["Ball Lightning","Static Discharge","Force Field"],"picked":"SKIP","floor":6},{"not_picked":["Go for the Eyes","Turbo"],"picked":"Auto Shields","floor":7},{"not_picked":["Doom and Gloom","Redo"],"picked":"Self Repair","floor":11},{"not_picked":["Defragment","Buffer"],"picked":"Hologram","floor":12},{"not_picked":["Echo Form","Machine Learning"],"picked":"All For One","floor":16},{"not_picked":["Storm","BootSequence","Steam"],"picked":"SKIP","floor":18},{"not_picked":["Melter","Creative AI"],"picked":"Beam Cell","floor":23},{"not_picked":["Reprogram","Redo+1","Coolheaded+1"],"picked":"SKIP","floor":25},{"not_picked":["Turbo","Rebound","Ball Lightning"],"picked":"SKIP","floor":30},{"not_picked":["Ball Lightning","Coolheaded"],"picked":"Hologram","floor":31},{"not_picked":["Echo Form","Hyperbeam"],"picked":"Seek","floor":33},{"not_picked":["Reprogram","Barrage"],"picked":"Gash","floor":35},{"not_picked":["Dramatic Entrance","Panacea"],"picked":"Secret Technique","floor":36},{"not_picked":["Barrage","Leap+1","Capacitor+1"],"picked":"SKIP","floor":38},{"not_picked":["Stack+1","Thunder Strike","Leap"],"picked":"SKIP","floor":39},{"not_picked":["Self Repair","Chaos+1"],"picked":"Hologram+1","floor":41},{"not_picked":["Redo+1","Steam"],"picked":"Streamline+1","floor":42},{"not_picked":["Ball Lightning+1","Force Field+1","Hello World+1"],"picked":"SKIP","floor":46},{"not_picked":["Static Discharge","Chaos","Go for the Eyes"],"picked":"SKIP","floor":48}],"player_experience":524137,"relics_obtained":[{"floor":6,"key":"Oddly Smooth Stone"},{"floor":9,"key":"Bag of Preparation"},{"floor":10,"key":"Blue Candle"},{"floor":23,"key":"Shuriken"},{"floor":26,"key":"Blood Vial"},{"floor":43,"key":"Centennial Puzzle"}],"event_choices":[{"damage_healed":0,"gold_gain":0,"player_choice":"Take Wound","damage_taken":0,"relics_obtained":["Golden Idol"],"max_hp_gain":0,"max_hp_loss":0,"event_name":"Golden Idol","floor":3,"gold_loss":0,"cards_obtained":["Injury"]},{"cards_removed":["Strike_B"],"damage_healed":0,"gold_gain":0,"player_choice":"Forget","damage_taken":0,"max_hp_gain":0,"max_hp_loss":0,"event_name":"Living Wall","floor":14,"gold_loss":0},{"damage_healed":0,"gold_gain":0,"player_choice":"Opened","damage_taken":0,"relics_obtained":["PreservedInsect"],"max_hp_gain":0,"max_hp_loss":0,"event_name":"The Mausoleum","floor":19,"gold_loss":0,"cards_obtained":["Writhe"]},{"damage_healed":0,"gold_gain":0,"player_choice":"Simplicity","damage_taken":0,"max_hp_gain":0,"max_hp_loss":0,"event_name":"Back to Basics","floor":20,"gold_loss":0,"cards_upgraded":["Strike_B","Strike_B","Strike_B","Defend_B","Defend_B","Defend_B","Defend_B"]},{"cards_removed":["Dualcast"],"damage_healed":0,"gold_gain":0,"player_choice":"Offered Basic","damage_taken":0,"max_hp_gain":0,"max_hp_loss":0,"event_name":"Bonfire Elementals","floor":21,"gold_loss":0},{"cards_removed":["Writhe"],"damage_healed":0,"gold_gain":0,"player_choice":"Purged","damage_taken":0,"max_hp_gain":0,"max_hp_loss":0,"event_name":"Purifier","floor":22,"gold_loss":0},{"damage_healed":0,"gold_gain":0,"player_choice":"Forge","damage_taken":0,"max_hp_gain":0,"max_hp_loss":0,"event_name":"Accursed Blacksmith","floor":29,"gold_loss":0,"cards_upgraded":["Streamline"]},{"damage_healed":0,"gold_gain":0,"player_choice":"Memory 1","damage_taken":0,"max_hp_gain":0,"max_hp_loss":0,"event_name":"SensoryStone","floor":36,"gold_loss":0}],"is_beta":false,"boss_relics":[{"not_picked":["Runic Pyramid","Velvet Choker"],"picked":"White Beast Statue"},{"not_picked":["Inserter","Philosopher\u0027s Stone"],"picked":"Cursed Key"}],"items_purged_floors":[5,24,45,47],"is_endless":false,"potions_floor_spawned":[1,2,4,11,18,23,25,30,31,33,35,38,39,41,42,46,48],"ascension_level":6}