{"gold_per_floor":[114,130,130,146,146,179,179,179,228,228,228,48,61,91,91,188,218,232,59,59,76,39,39,64,78,125,143,161,14,14,14],"floor_reached":31,"playtime":3351,"items_purged":[],"score":263,"play_id":"1d813a30-ed0f-4705-812c-73491f0ce75d","local_time":"20180629160734","is_ascension_mode":false,"campfire_choices":[{"floor":8,"key":"REST"},{"data":"Beam Cell","floor":10,"key":"SMITH"},{"floor":15,"key":"REST"},{"floor":23,"key":"REST"},{"floor":30,"key":"REST"}],"neow_cost":"","seed_source_timestamp":9245054205297,"circlet_count":0,"master_deck":["Strike_B+1","Strike_B","Strike_B","Strike_B","Defend_B","Defend_B","Defend_B","Defend_B","Zap","Dualcast","Sweeping Beam","Coolheaded","Beam Cell+1","Darkness","Rainbow","Double Energy","Cold Snap","Rainbow","Multi-Cast","Leap","Barrage+1","Beam Cell","Chaos","Hello World","BootSequence","Defragment","Loop+1","Consume","Storm","Streamline"],"relics":["Cracked Core","Mummified Hand","Regal Pillow","Blue Candle","Happy Flower","Ancient Tea Set","Tiny House","Vajra","Gremlin Horn","Bronze Scales","Singing Bowl"],"potions_floor_usage":[6,24,27,31,31],"damage_taken":[{"damage":3,"enemies":"Small Slimes","floor":1,"turns":3},{"damage":3,"enemies":"Jaw Worm","floor":2,"turns":3},{"damage":2,"enemies":"2 Louse","floor":4,"turns":3},{"damage":21,"enemies":"Gremlin Nob","floor":6,"turns":4},{"damage":5,"enemies":"Looter","floor":13,"turns":2},{"damage":16,"enemies":"3 Sentries","floor":14,"turns":7},{"damage":6,"enemies":"Slime Boss","floor":16,"turns":9},{"damage":31,"enemies":"2 Thieves","floor":18,"turns":4},{"damage":10,"enemies":"Shell Parasite","floor":21,"turns":3},{"damage":35,"enemies":"Slavers","floor":24,"turns":4},{"damage":13,"enemies":"Cultist and Chosen","floor":25,"turns":5},{"damage":9,"enemies":"Slaver and Parasite","floor":27,"turns":5},{"damage":15,"enemies":"Sentry and Sphere","floor":28,"turns":5},{"damage":47,"enemies":"Cultist and Chosen","floor":31,"turns":6}],"seed_played":"4704989864564824234","potions_obtained":[{"floor":1,"key":"LiquidBronze"},{"floor":4,"key":"LiquidBronze"},{"floor":16,"key":"Poison Potion"},{"floor":17,"key":"FearPotion"},{"floor":21,"key":"Explosive Potion"},{"floor":25,"key":"FearPotion"}],"is_trial":false,"path_per_floor":["M","M","?","M","T","E","?","R","T","R","?","$","M","E","R","B",null,"M","$","?","M","$","R","E","M","T","M","M","$","R"],"character_chosen":"DEFECT","items_purchased":["Rainbow","Double Energy","Beam Cell","Chaos","Hello World","Defragment","Singing Bowl"],"campfire_rested":4,"item_purchase_floors":[12,12,19,19,19,22,29],"current_hp_per_floor":[72,69,69,67,67,46,46,75,75,75,75,75,70,54,75,69,80,49,49,49,39,39,78,43,30,30,21,6,6,45,0],"gold":14,"neow_bonus":"","is_prod":false,"is_daily":false,"chose_seed":false,"campfire_upgraded":1,"win_rate":0.0,"timestamp":1530284854,"path_taken":["M","M","?","M","?","E","?","R","T","R","?","?","M","E","R","BOSS","M","$","?","M","?","R","E","?","T","?","M","$","R","?"],"build_version":"2018-06-28","purchased_purges":0,"victory":false,"max_hp_per_floor":[75,75,75,75,75,75,75,75,75,75,75,75,75,75,75,75,80,80,80,80,80,80,80,80,80,80,80,80,80,80,80],"card_choices":[{"not_picked":["Skim","Streamline"],"picked":"Sweeping Beam","floor":1},{"not_picked":["Aggregate","Conserve Battery"],"picked":"Coolheaded","floor":2},{"not_picked":["Auto Shields","Sweeping Beam"],"picked":"Beam Cell","floor":4},{"not_picked":["Glacier","Cold Snap"],"picked":"Darkness","floor":6},{"not_picked":["Compile Driver","Go for the Eyes"],"picked":"Cold Snap","floor":13},{"not_picked":["Reinforced Body","Hologram"],"picked":"Rainbow","floor":14},{"not_picked":["Seek","Reboot"],"picked":"Multi-Cast","floor":16},{"not_picked":["Gash","Melter"],"picked":"Leap","floor":17},{"not_picked":["Self Repair","Leap"],"picked":"Barrage+1","floor":18},{"not_picked":["Aggregate+1","Scrape"],"picked":"BootSequence","floor":21},{"not_picked":["Coolheaded","Seek"],"picked":"Loop+1","floor":24},{"not_picked":["Redo","BootSequence"],"picked":"Consume","floor":25},{"not_picked":["Hologram","Sweeping Beam+1"],"picked":"Storm","floor":27},{"not_picked":["Coolheaded","Conserve Battery"],"picked":"Streamline","floor":28}],"player_experience":116147,"relics_obtained":[{"floor":5,"key":"Mummified Hand"},{"floor":6,"key":"Regal Pillow"},{"floor":9,"key":"Happy Flower"},{"floor":14,"key":"Ancient Tea Set"},{"floor":24,"key":"Gremlin Horn"},{"floor":26,"key":"Bronze Scales"}],"event_choices":[{"event_name":"The Cleric","player_choice":"Leave","floor":3,"damage_taken":0},{"event_name":"Dead Adventurer","player_choice":"Searched \u00272\u0027 times","floor":7,"damage_taken":0},{"event_name":"Liars Game","player_choice":"disagreed","floor":11,"damage_taken":0},{"event_name":"Accursed Blacksmith","player_choice":"Rummage","floor":20,"damage_taken":0}],"boss_relics":[{"not_picked":["Black Star","Snecko Eye"],"picked":"Tiny House"}],"items_purged_floors":[],"is_endless":false,"potions_floor_spawned":[1,4,16,21,25],"killed_by":"Cultist and Chosen","ascension_level":0}