{"gold_per_floor":[112,128,128,5,15,15,12,44,70,70,105,121,136,155,155,229,229,229,229,154,154,154,154,154,154,154,154,154,154,154,154,154,154,154,154,154,154,154,154,154,154,154,154,154,154,154,154,154,154,154],"floor_reached":51,"playtime":3398,"items_purged":["Strike_B"],"score":1328,"play_id":"136f45a1-2651-4c2d-8f04-68cadc8bc95c","local_time":"20190320092351","is_ascension_mode":true,"campfire_choices":[{"data":"Genetic Algorithm","floor":6.0,"key":"SMITH"},{"floor":10.0,"key":"REST"},{"floor":15.0,"key":"REST"},{"floor":23.0,"key":"REST"},{"floor":28.0,"key":"REST"},{"floor":32.0,"key":"REST"},{"floor":40.0,"key":"REST"},{"data":"Defragment","floor":47.0,"key":"SMITH"},{"floor":49,"key":"REST"}],"neow_cost":"NONE","seed_source_timestamp":0,"circlet_count":0,"master_deck":["AscendersBane","Strike_B+1","Defend_B","Defend_B","Defend_B","Defend_B","Zap+1","Dualcast","Sunder","Consume","Genetic Algorithm+1","Defragment+1","Buffer","Coolheaded","BootSequence","Core Surge","Capacitor","Conserve Battery","Electrodynamics","Go for the Eyes+1","Ball Lightning","Conserve Battery","Glacier","Static Discharge","Echo Form","Sweeping Beam+1","Recycle","Chill"],"special_seed":0,"relics":["Cracked Core","Whetstone","Lantern","Happy Flower","Ectoplasm","Thread and Needle","Ornamental Fan","Matryoshka","Runic Pyramid","Old Coin","Centennial Puzzle","Boot","Oddly Smooth Stone","Bottled Flame"],"potions_floor_usage":[50,50],"damage_taken":[{"damage":9.0,"enemies":"Small Slimes","floor":1.0,"turns":3.0},{"damage":0.0,"enemies":"Cultist","floor":2.0,"turns":3.0},{"damage":3.0,"enemies":"2 Louse","floor":5.0,"turns":3.0},{"damage":13.0,"enemies":"Exordium Thugs","floor":7.0,"turns":4.0},{"damage":14.0,"enemies":"Lagavulin","floor":8.0,"turns":7.0},{"damage":25.0,"enemies":"Gremlin Nob","floor":11.0,"turns":4.0},{"damage":1.0,"enemies":"Looter","floor":12.0,"turns":3.0},{"damage":1.0,"enemies":"Blue Slaver","floor":13.0,"turns":3.0},{"damage":0.0,"enemies":"Large Slime","floor":14.0,"turns":5.0},{"damage":25.0,"enemies":"The Guardian","floor":16.0,"turns":13.0},{"damage":0.0,"enemies":"3 Byrds","floor":18.0,"turns":2.0},{"damage":13.0,"enemies":"Chosen","floor":19.0,"turns":5.0},{"damage":30.0,"enemies":"Colosseum Slavers","floor":21.0,"turns":5.0},{"damage":20.0,"enemies":"Colosseum Nobs","floor":21.0,"turns":5.0},{"damage":0.0,"enemies":"3 Cultists","floor":22.0,"turns":4.0},{"damage":11.0,"enemies":"Centurion and Healer","floor":24.0,"turns":6.0},{"damage":7.0,"enemies":"Chosen and Byrds","floor":25.0,"turns":5.0},{"damage":3.0,"enemies":"Snake Plant","floor":29.0,"turns":5.0},{"damage":0.0,"enemies":"Snecko","floor":31.0,"turns":6.0},{"damage":53.0,"enemies":"Automaton","floor":33.0,"turns":16.0},{"damage":5.0,"enemies":"3 Shapes","floor":35.0,"turns":3.0},{"damage":17.0,"enemies":"3 Darklings","floor":37.0,"turns":4.0},{"damage":3.0,"enemies":"Maw","floor":41.0,"turns":8.0},{"damage":0.0,"enemies":"Giant Head","floor":42.0,"turns":10.0},{"damage":10.0,"enemies":"4 Shapes","floor":46.0,"turns":4.0},{"damage":2.0,"enemies":"Transient","floor":48.0,"turns":6.0},{"damage":37,"enemies":"Time Eater","floor":50,"turns":14}],"seed_played":"-1112979547075174278","potions_obtained":[{"floor":1.0,"key":"SpeedPotion"},{"floor":7.0,"key":"Fire Potion"},{"floor":11.0,"key":"Strength Potion"},{"floor":13.0,"key":"FairyPotion"},{"floor":22.0,"key":"AttackPotion"},{"floor":24.0,"key":"Energy Potion"},{"floor":29.0,"key":"Block Potion"},{"floor":35.0,"key":"AttackPotion"},{"floor":41.0,"key":"Explosive Potion"},{"floor":42.0,"key":"EssenceOfSteel"},{"floor":46.0,"key":"SteroidPotion"},{"floor":48.0,"key":"Ancient Potion"}],"is_trial":false,"path_per_floor":["M","M","?","$","M","R","M","E","T","R","E","M","M","M","R","B",null,"M","M","$","?","M","R","M","M","T","?","R","M","?","M","R","B",null,"M","?","M","?","?","R","M","E","T","?","T","M","R","M","R","B",null],"character_chosen":"DEFECT","items_purchased":["Genetic Algorithm","Defragment"],"campfire_rested":7,"item_purchase_floors":[4,4],"current_hp_per_floor":[62,62,62,62,59,59,46,32,32,55,30,29,28,28,51,26,65,65,52,52,2,2,25,14,7,7,7,30,27,27,27,50,7,60,55,55,38,38,38,61,58,58,58,58,58,48,48,46,69,32],"gold":154,"neow_bonus":"TEN_PERCENT_HP_BONUS","is_prod":false,"is_daily":false,"chose_seed":false,"campfire_upgraded":2,"win_rate":0,"timestamp":1553088231,"path_taken":["M","M","?","$","?","R","?","E","T","R","E","M","M","M","R","BOSS","M","M","$","?","M","R","M","M","T","?","R","?","?","M","R","BOSS","M","?","M","?","?","R","M","E","T","?","?","M","R","M","R","BOSS"],"build_version":"2019-01-23","purchased_purges":1,"victory":true,"max_hp_per_floor":[78,78,78,78,78,78,78,78,78,78,78,78,78,78,78,78,78,78,78,78,78,78,78,78,78,78,78,78,78,78,78,78,78,78,78,78,78,78,78,78,78,78,78,78,78,78,78,78,78,78],"card_choices":[{"not_picked":["Rebound","Conserve Battery"],"picked":"Sunder","floor":1.0},{"not_picked":["Turbo","Tempest"],"picked":"Consume","floor":2.0},{"not_picked":["Barrage","Redo"],"picked":"Buffer","floor":5.0},{"not_picked":["Undo","Steam"],"picked":"Sweeping Beam","floor":7.0},{"not_picked":["Stack","Melter"],"picked":"Coolheaded","floor":8.0},{"not_picked":["Hello World","Go for the Eyes"],"picked":"BootSequence","floor":11.0},{"not_picked":["Stack","Go for the Eyes"],"picked":"Core Surge","floor":12.0},{"not_picked":["Steam Power","Conserve Battery"],"picked":"Capacitor","floor":13.0},{"not_picked":["Sunder","Sweeping Beam"],"picked":"Conserve Battery","floor":14.0},{"not_picked":["Hyperbeam","Seek"],"picked":"Electrodynamics","floor":16.0},{"not_picked":["White Noise","BootSequence","Melter"],"picked":"SKIP","floor":18.0},{"not_picked":["Loop","Gash+1"],"picked":"Go for the Eyes+1","floor":19.0},{"not_picked":["Barrage","Storm"],"picked":"Ball Lightning","floor":21.0},{"not_picked":["Cold Snap","Sunder","Rebound"],"picked":"SKIP","floor":22.0},{"not_picked":["Rip and Tear","Chaos","Steam"],"picked":"SKIP","floor":24.0},{"not_picked":["Tempest","Sweeping Beam","Auto Shields+1"],"picked":"SKIP","floor":25.0},{"not_picked":["Compile Driver","Cold Snap","Reprogram"],"picked":"SKIP","floor":29.0},{"not_picked":["Compile Driver","Rebound"],"picked":"Static Discharge","floor":31.0},{"not_picked":["Core Surge","Seek"],"picked":"Echo Form","floor":33.0},{"not_picked":["Skim","Turbo","Scrape"],"picked":"SKIP","floor":35.0},{"not_picked":["Chaos+1","Reprogram","Turbo+1"],"picked":"SKIP","floor":37.0},{"not_picked":["Reprogram+1","Rebound"],"picked":"Sweeping Beam+1","floor":41.0},{"not_picked":["Beam Cell","Double Energy"],"picked":"Recycle","floor":42.0},{"not_picked":["FTL","Conserve Battery+1","Go for the Eyes"],"picked":"SKIP","floor":46.0},{"not_picked":["Fusion","Cold Snap"],"picked":"Chill","floor":48.0}],"player_experience":623800,"relics_obtained":[{"floor":8.0,"key":"Whetstone"},{"floor":9.0,"key":"Lantern"},{"floor":11.0,"key":"Happy Flower"},{"floor":21.0,"key":"Thread and Needle"},{"floor":21.0,"key":"Ornamental Fan"},{"floor":26.0,"key":"Matryoshka"},{"floor":42.0,"key":"Old Coin"},{"floor":43.0,"key":"Centennial Puzzle"},{"floor":43.0,"key":"Boot"},{"floor":45.0,"key":"Oddly Smooth Stone"},{"floor":45.0,"key":"Bottled Flame"}],"event_choices":[{"damage_healed":0.0,"max_hp_gain":0.0,"max_hp_loss":0.0,"gold_gain":0.0,"event_name":"Accursed Blacksmith","player_choice":"Forge","floor":3.0,"gold_loss":0.0,"damage_taken":0.0,"cards_upgraded":["Zap"]},{"damage_healed":0.0,"max_hp_gain":0.0,"max_hp_loss":0.0,"gold_gain":0.0,"event_name":"Colosseum","player_choice":"Fight","floor":21.0,"gold_loss":0.0,"damage_taken":0.0},{"damage_healed":0.0,"max_hp_gain":0.0,"max_hp_loss":0.0,"gold_gain":0.0,"event_name":"Colosseum","player_choice":"Fought Nobs","floor":21.0,"gold_loss":0.0,"damage_taken":0.0},{"damage_healed":0.0,"max_hp_gain":0.0,"max_hp_loss":0.0,"gold_gain":0.0,"cards_transformed":["Strike_B","Strike_B"],"event_name":"Drug Dealer","player_choice":"Became Test Subject","floor":27.0,"gold_loss":0.0,"damage_taken":0.0,"cards_obtained":["Conserve Battery","Glacier"]},{"damage_healed":0.0,"max_hp_gain":0.0,"max_hp_loss":0.0,"gold_gain":0.0,"event_name":"Vampires","player_choice":"Ignored","floor":30.0,"gold_loss":0.0,"damage_taken":0.0},{"damage_healed":0.0,"max_hp_gain":0.0,"max_hp_loss":0.0,"gold_gain":0.0,"event_name":"Tomb of Lord Red Mask","player_choice":"Ignored","floor":36.0,"gold_loss":0.0,"damage_taken":0.0},{"cards_removed":["Sweeping Beam"],"damage_healed":0.0,"max_hp_gain":0.0,"max_hp_loss":0.0,"gold_gain":0.0,"event_name":"Falling","player_choice":"Removed Attack","floor":38.0,"gold_loss":0.0,"damage_taken":0.0},{"damage_healed":0.0,"max_hp_gain":0.0,"max_hp_loss":0.0,"gold_gain":0.0,"event_name":"Mysterious Sphere","player_choice":"Ignored","floor":39.0,"gold_loss":0.0,"damage_taken":0.0},{"damage_healed":0.0,"max_hp_gain":0.0,"max_hp_loss":0.0,"gold_gain":0.0,"event_name":"SensoryStone","player_choice":"Memory 1","floor":44.0,"gold_loss":0.0,"damage_taken":0.0}],"is_beta":false,"boss_relics":[{"not_picked":["Orrery","Coffee Dripper"],"picked":"Ectoplasm"},{"not_picked":["Eternal Feather","Velvet Choker"],"picked":"Runic Pyramid"}],"items_purged_floors":[20],"is_endless":false,"potions_floor_spawned":[1,7,11,13,16,18,22,24,29,35,41,42,46,48],"ascension_level":19}