{"path_per_floor":["M","M","M","M","M","R","E","R","T","E","R","M","?","M","R","B",null,"M","$","?","?","?","R"],"character_chosen":"THE_SILENT","items_purchased":["Snake Skull"],"gold_per_floor":[118,135,145,160,128,128,153,153,153,184,184,201,201,213,213,311,311,326,95,95,95,95,95,95],"floor_reached":24,"campfire_rested":3,"playtime":1624,"current_hp_per_floor":[70,69,61,51,45,45,4,25,25,5,26,26,26,26,47,30,70,44,44,44,44,44,44,0],"items_purged":["Strike_G"],"gold":95,"score":232,"play_id":"e0b981af-f66b-488c-847d-16159c11eedc","local_time":"20180326124217","is_prod":false,"is_daily":false,"is_ascension_mode":false,"campfire_upgraded":2,"timestamp":1522060937,"path_taken":["M","M","M","M","M","R","E","R","T","E","R","M","?","M","R","BOSS","M","$","?","?","?","R","E"],"build_version":"2018-03-22v2","purchased_purges":1,"victory":false,"master_deck":["Defend_G","Defend_G","Defend_G","Defend_G","Defend_G","Survivor","Neutralize","Bane","Noxious Fumes+1","Catalyst+1","Backflip","Bane","Poisoned Stab","Noxious Fumes","Adrenaline","Calculated Gamble","Writhe","Bite","Bite","Bite","Bite","Bite"],"max_hp_per_floor":[70,70,70,70,70,70,70,70,70,70,70,70,70,70,70,70,70,70,70,70,70,49,49,49],"relics":["Question Card","Gambling Chip","Tingsha","Prayer Wheel","Runic Pyramid","Snake Skull","Ice Cream"],"card_choices":[{"not_picked":["Flying Knee","Quick Slash","Blur"],"picked":"Bane","floor":1},{"not_picked":["Poisoned Stab","Finisher","Underhanded Strike"],"picked":"Noxious Fumes","floor":2},{"not_picked":["Acrobatics","Caltrops","Bane"],"picked":"Catalyst","floor":3},{"not_picked":["Eviscerate","Dagger Spray","Backstab"],"picked":"Backflip","floor":5},{"not_picked":["Sucker Punch","After Image","Underhanded Strike"],"picked":"Bane","floor":10},{"not_picked":["Expertise","All Out Attack","Underhanded Strike"],"picked":"Poisoned Stab","floor":12},{"not_picked":["Dagger Throw","Infinite Blades","Terror"],"picked":"Noxious Fumes","floor":14},{"not_picked":["A Thousand Cuts","Burst","After Image"],"picked":"Adrenaline","floor":16},{"not_picked":["Blade Dance","Underhanded Strike","Distraction"],"picked":"Calculated Gamble","floor":18}],"player_experience":73318,"potions_floor_usage":[5,16,16,24,24],"damage_taken":[{"damage":0,"enemies":"2 Louse","floor":1,"turns":3},{"damage":1,"enemies":"Jaw Worm","floor":2,"turns":5},{"damage":8,"enemies":"Cultist","floor":3,"turns":5},{"damage":10,"enemies":"3 Louse","floor":4,"turns":5},{"damage":6,"enemies":"Exordium Thugs","floor":5,"turns":5},{"damage":41,"enemies":"Gremlin Nob","floor":7,"turns":6},{"damage":20,"enemies":"3 Sentries","floor":10,"turns":6},{"damage":0,"enemies":"Large Slime","floor":12,"turns":4},{"damage":0,"enemies":"2 Fungi Beasts","floor":14,"turns":3},{"damage":32,"enemies":"The Guardian","floor":16,"turns":8},{"damage":26,"enemies":"Spheric Guardian","floor":18,"turns":6},{"damage":66,"enemies":"Gremlin Leader","floor":24,"turns":4}],"event_choices":[{"event_name":"Golden Idol","player_choice":"Ignored","floor":13,"damage_taken":0},{"event_name":"The Mausoleum","player_choice":"Yes","floor":20,"damage_taken":0},{"event_name":"Cursed Tome","player_choice":"Ignored","floor":21,"damage_taken":0},{"event_name":"Vampires","player_choice":"Became a vampire","floor":22,"damage_taken":0}],"boss_relics":[{"not_picked":["Calling Bell","Sozu"],"picked":"Runic Pyramid"}],"potions_floor_spawned":[4,7,12,14,16,18],"seed_played":"3748068472441270077","killed_by":"Gremlin Leader","ascension_level":0,"is_trial":false}