{"gold_per_floor":[109,109,109,109,123,123,138,157,157,175,192,192,29,45,45,141,141,159,159,159,209,225,225,244,256,256,269,279,279,35,46,46,46],"floor_reached":33,"playtime":2209,"items_purged":[],"score":295,"play_id":"00247d9c-f82b-4f8d-84ca-ef3eb07889a3","local_time":"20180624230750","is_ascension_mode":false,"campfire_choices":[{"floor":6,"key":"REST"},{"data":"Backstab","floor":12,"key":"SMITH"},{"data":"Dash","floor":15,"key":"SMITH"},{"data":"Bite","floor":23,"key":"SMITH"},{"floor":29,"key":"REST"},{"floor":32,"key":"REST"}],"neow_cost":"NONE","seed_source_timestamp":922988420980923,"circlet_count":0,"master_deck":["Defend_G","Defend_G","Defend_G","Defend_G","Defend_G","Survivor","Neutralize","Poisoned Stab","Backstab+1","Choke","Underhanded Strike","Deflect","Tactician+1","Dash+1","Deflect+1","Bandage Up+1","PiercingWail+1","Blade Dance+1","Die Die Die","Deadly Poison+1","Tools of the Trade+1","Outmaneuver+1","Terror+1","Bite+1","Bite","Bite","Bite","Bite","Bane","All Out Attack","Dodge and Roll+1","Bouncing Flask+1","Blur+1","Magnetism","Dash","Slice"],"relics":["Ring of the Snake","Orichalcum","Centennial Puzzle","Toxic Egg 2","Astrolabe","Happy Flower","Blood Vial"],"potions_floor_usage":[14,16,16,24,25,31,33],"damage_taken":[{"damage":3,"enemies":"Small Slimes","floor":1,"turns":5},{"damage":1,"enemies":"Jaw Worm","floor":4,"turns":3},{"damage":0,"enemies":"Cultist","floor":5,"turns":3},{"damage":2,"enemies":"3 Louse","floor":7,"turns":4},{"damage":2,"enemies":"Looter","floor":8,"turns":3},{"damage":0,"enemies":"Exordium Wildlife","floor":10,"turns":3},{"damage":0,"enemies":"2 Fungi Beasts","floor":11,"turns":3},{"damage":0,"enemies":"Looter","floor":14,"turns":1},{"damage":29,"enemies":"The Guardian","floor":16,"turns":15},{"damage":12,"enemies":"Spheric Guardian","floor":18,"turns":4},{"damage":12,"enemies":"3 Byrds","floor":22,"turns":6},{"damage":8,"enemies":"Cultist and Chosen","floor":24,"turns":5},{"damage":29,"enemies":"3 Cultists","floor":25,"turns":7},{"damage":15,"enemies":"Centurion and Healer","floor":27,"turns":4},{"damage":12,"enemies":"Snake Plant","floor":28,"turns":4},{"damage":8,"enemies":"Cultist and Chosen","floor":31,"turns":7},{"damage":66,"enemies":"Collector","floor":33,"turns":7}],"seed_played":"-8020476282940255938","potions_obtained":[{"floor":1,"key":"GhostInAJar"},{"floor":10,"key":"EssenceOfSteel"},{"floor":11,"key":"AttackPotion"},{"floor":16,"key":"Weak Potion"},{"floor":24,"key":"EssenceOfSteel"},{"floor":27,"key":"Poison Potion"},{"floor":31,"key":"Block Potion"}],"is_trial":false,"path_per_floor":["M","?","?","M","M","R","M","M","T","M","M","R","$","M","R","B",null,"M","?","T","?","M","R","M","M","T","M","M","R","$","M","R"],"character_chosen":"THE_SILENT","items_purchased":["Deflect+1","Bandage Up+1","PiercingWail+1","Magnetism","Dash"],"campfire_rested":3,"item_purchase_floors":[13,13,13,30,30],"current_hp_per_floor":[67,60,60,59,59,70,68,66,66,66,66,66,66,70,70,41,70,58,49,49,49,43,43,43,29,29,25,17,31,31,39,49,0],"gold":46,"neow_bonus":"RANDOM_COMMON_RELIC","is_prod":false,"is_daily":false,"chose_seed":false,"campfire_upgraded":3,"win_rate":0.0,"timestamp":1529874470,"path_taken":["M","?","?","M","M","R","M","M","T","M","M","R","$","M","R","BOSS","M","?","?","?","M","R","M","M","T","M","M","R","$","M","R","BOSS"],"build_version":"2018-06-21v2","purchased_purges":0,"victory":false,"max_hp_per_floor":[70,70,70,70,70,70,70,70,70,70,70,70,70,70,70,70,70,70,49,49,49,49,49,49,49,49,49,49,49,49,49,49,49],"card_choices":[{"not_picked":["Reflex","Dagger Spray"],"picked":"Poisoned Stab","floor":1},{"not_picked":["Dagger Throw","Deadly Poison"],"picked":"Backstab","floor":4},{"not_picked":["Infinite Blades","Slice"],"picked":"Choke","floor":5},{"not_picked":["Slice","Flying Knee"],"picked":"Underhanded Strike","floor":7},{"not_picked":["Prepared","Expertise"],"picked":"Deflect","floor":8},{"not_picked":["Backflip+1","Bane"],"picked":"Tactician+1","floor":10},{"not_picked":["Eviscerate","Deadly Poison+1"],"picked":"Dash","floor":11},{"not_picked":["Skewer","Endless Agony"],"picked":"Blade Dance+1","floor":14},{"not_picked":["Unload","Night Terror+1"],"picked":"Die Die Die","floor":16},{"not_picked":["Prepared+1","Acrobatics+1"],"picked":"Terror+1","floor":18},{"not_picked":["Calculated Gamble+1","Dagger Spray"],"picked":"Bane","floor":22},{"not_picked":["Well Laid Plans","Skewer+1"],"picked":"All Out Attack","floor":24},{"not_picked":["Riddle With Holes","Flying Knee"],"picked":"Dodge and Roll+1","floor":25},{"not_picked":["Outmaneuver+1","Slice"],"picked":"Bouncing Flask+1","floor":27},{"not_picked":["Deflect+1","Backflip+1"],"picked":"Blur+1","floor":28},{"not_picked":["Acrobatics+1","Prepared+1"],"picked":"Slice","floor":31}],"player_experience":24797,"relics_obtained":[{"floor":9,"key":"Toxic Egg 2"},{"floor":20,"key":"Happy Flower"},{"floor":26,"key":"Blood Vial"}],"event_choices":[{"event_name":"Scrap Ooze","player_choice":"success","floor":2,"damage_taken":7},{"event_name":"Golden Wing","player_choice":"Ignored","floor":3,"damage_taken":0},{"event_name":"Vampires","player_choice":"Became a vampire","floor":19,"damage_taken":0},{"event_name":"The Joust","player_choice":"Bet on Murderer","floor":21,"damage_taken":0}],"boss_relics":[{"not_picked":["Velvet Choker","Calling Bell"],"picked":"Astrolabe"}],"items_purged_floors":[],"is_endless":false,"potions_floor_spawned":[1,10,11,16,24,27,31],"killed_by":"Collector","ascension_level":0}