{"path_per_floor":["M","$","?","M","M","R","M","?","T","E","?","M","M","$","R"],"character_chosen":"DEFECT","items_purchased":["Gash","Blood Vial","Scrape","Molten Egg 2"],"gold_per_floor":[369,62,237,255,265,265,285,285,285,318,318,331,344,66,66,66],"floor_reached":16,"campfire_rested":0,"playtime":651,"current_hp_per_floor":[74,74,74,70,69,69,47,47,47,33,51,41,38,38,38,0],"items_purged":["Injury"],"gold":66,"score":102,"play_id":"e275baa9-b1c0-4a8a-8768-3f1ef3564a1c","local_time":"20180502111003","is_prod":false,"is_daily":false,"chose_seed":false,"is_ascension_mode":false,"campfire_upgraded":2,"timestamp":1525252203,"path_taken":["M","$","?","?","M","R","?","?","T","E","?","M","?","$","R","BOSS"],"build_version":"2018-05-01v2","seed_source_timestamp":2211228120526,"purchased_purges":1,"victory":false,"master_deck":["Strike_B","Strike_B","Strike_B","Strike_B","Defend_B","Defend_B","Defend_B","Defend_B","Zap","Dualcast","White Noise","Gash","Recycle+1","Axe Kick","Leap","Parasite","Ball Lightning","Hologram+1","Scrape"],"max_hp_per_floor":[75,75,75,75,75,75,75,75,75,75,75,75,75,75,75,75],"relics":["Cracked Core","Blood Vial","Vajra","Bottled Flame","Molten Egg 2"],"card_choices":[{"not_picked":["Go for the Eyes","Force Field"],"picked":"White Noise","floor":1},{"not_picked":["Axe Kick","Impulse"],"picked":"Recycle","floor":4},{"not_picked":["Leap","Heatsinks"],"picked":"Axe Kick","floor":5},{"not_picked":["Impulse","Amplify"],"picked":"Leap","floor":7},{"not_picked":["Conserve Battery","Turbo"],"picked":"Ball Lightning","floor":12},{"not_picked":["Sunder","Auto Shields"],"picked":"Hologram","floor":13}],"player_experience":32077,"potions_floor_usage":[10,16],"damage_taken":[{"damage":1,"enemies":"2 Louse","floor":1,"turns":2},{"damage":5,"enemies":"Small Slimes","floor":4,"turns":4},{"damage":3,"enemies":"Cultist","floor":5,"turns":5},{"damage":31,"enemies":"Gremlin Gang","floor":7,"turns":6},{"damage":23,"enemies":"Gremlin Nob","floor":10,"turns":4},{"damage":12,"enemies":"Blue Slaver","floor":12,"turns":2},{"damage":12,"enemies":"2 Fungi Beasts","floor":13,"turns":3},{"damage":44,"enemies":"The Guardian","floor":16,"turns":9}],"event_choices":[{"event_name":"Liars Game","player_choice":"agreed","floor":3,"damage_taken":0},{"event_name":"Purifier","player_choice":"One Purge","floor":8,"damage_taken":0},{"event_name":"Mushrooms","player_choice":"Healed and dodged fight","floor":11,"damage_taken":0}],"boss_relics":[],"potions_floor_spawned":[4,5,10,12],"seed_played":"-2935412210579959327","killed_by":"The Guardian","ascension_level":0,"is_trial":false}