{"gold_per_floor":[118,43,62,78,92,92,119,119,145,156,156],"floor_reached":11,"playtime":328,"items_purged":["Normality"],"score":120,"play_id":"6018a240-53c0-4c3a-8884-91bd3a78f18e","local_time":"20190206220138","is_ascension_mode":true,"campfire_choices":[{"data":"Fission","floor":6,"key":"SMITH"}],"neow_cost":"CURSE","seed_source_timestamp":1665374724249758,"circlet_count":0,"master_deck":["AscendersBane","Strike_B","Strike_B","Strike_B","Strike_B","Defend_B","Defend_B","Defend_B","Defend_B","Zap","Dualcast","Fission+1","Tempest","Coolheaded","Capacitor","Coolheaded"],"relics":["Cracked Core","Omamori","PreservedInsect"],"potions_floor_usage":[7,7],"damage_taken":[{"damage":6,"enemies":"Jaw Worm","floor":1,"turns":4},{"damage":0,"enemies":"2 Louse","floor":3,"turns":4},{"damage":0,"enemies":"Cultist","floor":4,"turns":3},{"damage":7,"enemies":"Looter","floor":5,"turns":3},{"damage":36,"enemies":"Gremlin Nob","floor":7,"turns":4},{"damage":10,"enemies":"Large Slime","floor":10,"turns":5},{"damage":9,"enemies":"3 Louse","floor":11,"turns":1}],"seed_played":"761718578021061164","potions_obtained":[{"floor":3,"key":"FearPotion"},{"floor":4,"key":"EssenceOfSteel"}],"is_trial":false,"path_per_floor":["M","$","M","M","M","R","E","?","T","M","M"],"character_chosen":"DEFECT","items_purchased":[],"campfire_rested":0,"item_purchase_floors":[],"current_hp_per_floor":[62,62,62,62,55,55,19,19,19,9,0],"gold":156,"neow_bonus":"THREE_RARE_CARDS","is_prod":false,"is_daily":false,"chose_seed":false,"campfire_upgraded":1,"win_rate":0,"timestamp":1549519298,"path_taken":["M","$","M","M","M","R","E","?","T","M","M"],"build_version":"2019-01-23","purchased_purges":1,"victory":false,"max_hp_per_floor":[75,75,75,75,75,75,75,75,75,75,75],"card_choices":[{"not_picked":["Rainbow","Creative AI"],"picked":"Fission","floor":0},{"not_picked":["Turbo","Leap","Sunder"],"picked":"SKIP","floor":1},{"not_picked":["Undo","Redo"],"picked":"Tempest","floor":3},{"not_picked":["Rip and Tear","Genetic Algorithm"],"picked":"Coolheaded","floor":4},{"not_picked":["Go for the Eyes","Steam"],"picked":"Capacitor","floor":5},{"not_picked":["Redo","Lockon","Streamline"],"picked":"SKIP","floor":7},{"not_picked":["Conserve Battery","Beam Cell"],"picked":"Coolheaded","floor":10}],"player_experience":626554,"relics_obtained":[{"floor":7,"key":"Omamori"},{"floor":9,"key":"PreservedInsect"}],"event_choices":[{"damage_healed":0,"gold_gain":0,"player_choice":"Ignored","damage_taken":0,"max_hp_gain":0,"max_hp_loss":0,"event_name":"Liars Game","floor":8,"gold_loss":0}],"is_beta":false,"boss_relics":[],"items_purged_floors":[2],"is_endless":false,"potions_floor_spawned":[3,4,5],"killed_by":"3 Louse","ascension_level":12}