{"gold_per_floor":[112,122,122,25,25,66,66,85,85,106,175,195,195,220,220,339,339,363,363,288,303,327,327,358,358,411,426,426,451,475,475,475,475],"floor_reached":33,"playtime":1172,"items_purged":["Injury"],"score":319,"play_id":"4518d42c-b3cc-4dcf-8957-f5843713b3ca","local_time":"20190221210757","is_ascension_mode":false,"campfire_choices":[{"data":"Disarm","floor":7,"key":"SMITH"},{"floor":13,"key":"REST"},{"data":"Uppercut","floor":15,"key":"SMITH"},{"floor":23,"key":"REST"},{"data":"Rampage","floor":25,"key":"SMITH"},{"floor":28,"key":"REST"},{"floor":32,"key":"RECALL"}],"neow_cost":"NONE","seed_source_timestamp":15999575670435,"circlet_count":0,"master_deck":["Strike_R","Strike_R","Strike_R","Strike_R","Strike_R","Defend_R","Defend_R","Defend_R","Bash","Disarm+1","Uppercut+1","Perfected Strike","Perfected Strike","Perfected Strike","Dark Embrace","Bludgeon","Rampage+1","Perfected Strike+1","Perfected Strike"],"relics":["Burning Blood","NeowsBlessing","Golden Idol","Sundial","Juzu Bracelet","Red Skull","Sozu","Vajra","Happy Flower","Du-Vu Doll"],"potions_floor_usage":[11,12,24],"damage_taken":[{"damage":0,"enemies":"Cultist","floor":1,"turns":1},{"damage":0,"enemies":"Small Slimes","floor":2,"turns":1},{"damage":0,"enemies":"3 Sentries","floor":6,"turns":2},{"damage":1,"enemies":"2 Louse","floor":8,"turns":2},{"damage":14,"enemies":"Looter","floor":10,"turns":3},{"damage":40,"enemies":"3 Sentries","floor":11,"turns":6},{"damage":17,"enemies":"2 Fungi Beasts","floor":12,"turns":4},{"damage":5,"enemies":"3 Louse","floor":14,"turns":3},{"damage":41,"enemies":"Hexaghost","floor":16,"turns":12},{"damage":33,"enemies":"Shell Parasite","floor":18,"turns":6},{"damage":10,"enemies":"Spheric Guardian","floor":21,"turns":3},{"damage":23,"enemies":"Snecko","floor":22,"turns":4},{"damage":19,"enemies":"Book of Stabbing","floor":24,"turns":4},{"damage":3,"enemies":"Snake Plant","floor":27,"turns":3},{"damage":25,"enemies":"Sentry and Sphere","floor":29,"turns":4},{"damage":10,"enemies":"Cultist and Chosen","floor":30,"turns":4},{"damage":92,"enemies":"Champ","floor":33,"turns":7}],"seed_played":"8121233826319722613","potions_obtained":[{"floor":1,"key":"FairyPotion"},{"floor":8,"key":"SkillPotion"},{"floor":11,"key":"Regen Potion"},{"floor":16,"key":"SneckoOil"}],"is_trial":false,"path_per_floor":["M","M","?","$","?","E","R","M","T","M","?","M","R","M","R","B",null,"M","?","?","M","M","R","E","R","T","M","R","M","M","?","R","B"],"character_chosen":"IRONCLAD","items_purchased":["Perfected Strike"],"campfire_rested":3,"item_purchase_floors":[4],"current_hp_per_floor":[80,80,80,80,80,80,80,80,80,72,38,39,63,64,64,29,80,53,53,53,49,32,56,43,43,43,46,70,51,47,47,47,0],"gold":475,"neow_bonus":"THREE_ENEMY_KILL","is_prod":false,"is_daily":false,"chose_seed":false,"campfire_upgraded":3,"win_rate":0,"timestamp":1550801277,"path_taken":["M","?","?","$","?","E","R","M","T","M","?","M","R","M","R","BOSS","M","?","?","M","M","R","E","R","T","M","R","M","M","?","R","BOSS"],"build_version":"2019-01-23","purchased_purges":1,"victory":false,"max_hp_per_floor":[80,80,80,80,80,80,80,80,80,80,80,80,80,80,80,80,80,80,80,80,80,80,80,80,80,80,80,80,80,80,80,80,80],"card_choices":[{"not_picked":["Dual Wield","Shrug It Off"],"picked":"Disarm","floor":1},{"not_picked":["Iron Wave","Flex"],"picked":"Uppercut","floor":2},{"not_picked":["Thunderclap","Iron Wave","Offering"],"picked":"SKIP","floor":6},{"not_picked":["Body Slam","Disarm"],"picked":"Perfected Strike","floor":8},{"not_picked":["Second Wind","Shrug It Off","Dual Wield"],"picked":"SKIP","floor":10},{"not_picked":["Corruption","Pommel Strike"],"picked":"Perfected Strike","floor":12},{"not_picked":["Armaments","Evolve","Havoc"],"picked":"SKIP","floor":14},{"not_picked":["Berserk","Juggernaut"],"picked":"Dark Embrace","floor":16},{"not_picked":["Shrug It Off+1","Shockwave","Pommel Strike"],"picked":"SKIP","floor":18},{"not_picked":["Shrug It Off","Iron Wave","True Grit"],"picked":"SKIP","floor":21},{"not_picked":["True Grit","Thunderclap+1"],"picked":"Bludgeon","floor":22},{"not_picked":["Body Slam","Clash"],"picked":"Rampage","floor":24},{"not_picked":["Rage+1","Flex"],"picked":"Perfected Strike+1","floor":27},{"not_picked":["Whirlwind","Burning Pact+1","Warcry"],"picked":"SKIP","floor":29},{"not_picked":["Whirlwind","Burning Pact+1","Warcry"],"picked":"SKIP","floor":29},{"not_picked":["Twin Strike","Corruption"],"picked":"Perfected Strike","floor":30}],"player_experience":717141,"relics_obtained":[{"floor":6,"key":"Sundial"},{"floor":9,"key":"Juzu Bracelet"},{"floor":11,"key":"Red Skull"},{"floor":24,"key":"Vajra"},{"floor":26,"key":"Happy Flower"}],"event_choices":[{"damage_healed":0,"gold_gain":0,"player_choice":"Take Wound","damage_taken":0,"relics_obtained":["Golden Idol"],"max_hp_gain":0,"max_hp_loss":0,"event_name":"Golden Idol","floor":3,"gold_loss":0,"cards_obtained":["Injury"]},{"damage_healed":0,"gold_gain":0,"player_choice":"Leave","damage_taken":0,"max_hp_gain":0,"max_hp_loss":0,"event_name":"The Cleric","floor":5,"gold_loss":0},{"damage_healed":0,"gold_gain":0,"player_choice":"Searched \u00271\u0027 times","damage_taken":0,"max_hp_gain":0,"max_hp_loss":0,"event_name":"Dead Adventurer","floor":11,"gold_loss":0},{"damage_healed":0,"gold_gain":0,"player_choice":"Ignored","damage_taken":0,"max_hp_gain":0,"max_hp_loss":0,"event_name":"Vampires","floor":19,"gold_loss":0},{"cards_removed":["Defend_R"],"damage_healed":0,"gold_gain":0,"player_choice":"Gave Gold","damage_taken":0,"max_hp_gain":0,"max_hp_loss":0,"event_name":"Beggar","floor":20,"gold_loss":75},{"damage_healed":0,"gold_gain":0,"player_choice":"Opened","damage_taken":0,"relics_obtained":["Du-Vu Doll"],"max_hp_gain":0,"max_hp_loss":0,"event_name":"The Mausoleum","floor":31,"gold_loss":0}],"is_beta":false,"boss_relics":[{"not_picked":["Snecko Eye","Runic Cube"],"picked":"Sozu"}],"items_purged_floors":[4],"is_endless":false,"potions_floor_spawned":[1,8,11,16,18,21],"killed_by":"Champ","ascension_level":0}