{"path_per_floor":["M","M","?","?","?","E","R","$","T","R","M","M","?","E","R","B",null,"M","?","M","M","$","E","R","E","T","R","M","M","?","?","R","B",null,"M","$","M","M","?","R","E","R","T","E","R","?","E","M","R","B"],"character_chosen":"THE_SILENT","items_purchased":["Backflip","Thread and Needle","War Paint","Crippling Poison"],"gold_per_floor":[20,34,34,34,34,68,68,44,123,123,140,157,157,189,189,288,288,304,304,319,330,30,64,64,92,92,92,112,131,131,131,131,229,229,246,21,36,49,0,0,33,33,83,113,113,113,141,155,155,155],"floor_reached":51,"campfire_rested":1,"playtime":3126,"current_hp_per_floor":[61,61,66,59,59,30,30,30,30,30,30,23,45,54,54,52,87,79,79,67,67,67,58,58,58,58,58,58,57,41,41,41,13,75,75,75,75,73,73,73,73,73,73,73,73,68,67,67,96,96],"items_purged":[],"gold":155,"score":1402,"play_id":"cd6a4811-68fc-4424-afbc-a20d6ad706d4","local_time":"20180418121741","is_prod":false,"is_daily":false,"chose_seed":false,"is_ascension_mode":true,"campfire_upgraded":9,"timestamp":1524046661,"path_taken":["M","M","?","?","?","E","R","$","T","R","M","M","?","E","R","BOSS","M","?","M","M","$","E","R","E","T","R","M","?","?","?","R","BOSS","M","$","M","M","?","R","E","R","T","E","R","?","E","M","R","BOSS"],"build_version":"2018-04-12","seed_source_timestamp":1180235124972,"purchased_purges":2,"victory":true,"master_deck":["Defend_G","Defend_G+1","Defend_G","Defend_G+1","Strike_G","Strike_G","Strike_G","Strike_G","Survivor","Neutralize+1","AscendersBane","Noxious Fumes+1","Bullet Time","Well Laid Plans+1","Sucker Punch","After Image+1","Backflip+1","Cloak And Dagger+1","Bane+1","Backstab+1","Storm of Steel+1","Endless Agony+1","Dagger Spray+1","Leg Sweep+1","Predator+1","Flying Knee+1","Cloak And Dagger+1","Choke+1","Necronomicurse","After Image+1","Backflip+1","Crippling Poison+1","Blur+1","Cloak And Dagger+1","Accuracy+1","Dark Shackles+1"],"max_hp_per_floor":[70,70,75,75,75,89,89,89,89,89,89,89,89,99,99,99,99,99,96,96,96,96,96,96,96,96,96,96,96,96,96,96,96,96,96,96,96,96,96,96,96,96,96,96,96,96,96,96,96,96],"relics":["Ring of the Snake","Ancient Tea Set","Mango","Molten Egg 2","Pear","Sozu","Thread and Needle","Mummified Hand","Pen Nib","Toxic Egg 2","Necronomicon","Oddly Smooth Stone","Snecko Eye","War Paint","Red Mask","Dream Catcher","Anchor","Frozen Egg 2","Regal Pillow"],"card_choices":[{"not_picked":["Quick Slash","Outmaneuver"],"picked":"Well Laid Plans","floor":1},{"not_picked":["Acrobatics","Deadly Poison"],"picked":"Sucker Punch","floor":2},{"not_picked":["Reflex","Acrobatics"],"picked":"After Image","floor":6},{"not_picked":["Slice","Deadly Poison"],"picked":"Cloak And Dagger","floor":11},{"not_picked":["Backstab","PiercingWail"],"picked":"Bane","floor":12},{"not_picked":["Escape Plan","Flechettes"],"picked":"Backstab","floor":14},{"not_picked":["A Thousand Cuts","Burst"],"picked":"Storm of Steel","floor":16},{"not_picked":["All Out Attack","Slice"],"picked":"Endless Agony","floor":18},{"not_picked":["Poisoned Stab","Dodge and Roll"],"picked":"Dagger Spray","floor":20},{"not_picked":["Backflip","Finisher"],"picked":"Leg Sweep","floor":21},{"not_picked":["Leg Sweep","Setup"],"picked":"Predator","floor":23},{"not_picked":["PiercingWail","Slice"],"picked":"Flying Knee","floor":25},{"not_picked":["Deadly Poison","Bouncing Flask"],"picked":"Cloak And Dagger","floor":28},{"not_picked":["Slice","Sucker Punch"],"picked":"Choke","floor":29},{"not_picked":["Tools of the Trade","Night Terror"],"picked":"After Image","floor":33},{"not_picked":["Footwork","PiercingWail"],"picked":"Backflip","floor":35},{"not_picked":["Deadly Poison","Riddle With Holes"],"picked":"Blur","floor":38},{"not_picked":["Die Die Die","Finisher"],"picked":"Cloak And Dagger","floor":41},{"not_picked":["Flying Knee","Backflip"],"picked":"Accuracy","floor":44},{"not_picked":["Thinking Ahead","Master of Strategy"],"picked":"Dark Shackles","floor":46}],"player_experience":312614,"potions_floor_usage":[14,23,50],"damage_taken":[{"damage":2,"enemies":"Jaw Worm","floor":1,"turns":4},{"damage":0,"enemies":"2 Louse","floor":2,"turns":2},{"damage":43,"enemies":"Lagavulin","floor":6,"turns":10},{"damage":0,"enemies":"Cultist","floor":11,"turns":4},{"damage":7,"enemies":"Exordium Wildlife","floor":12,"turns":5},{"damage":1,"enemies":"3 Sentries","floor":14,"turns":7},{"damage":2,"enemies":"The Guardian","floor":16,"turns":11},{"damage":8,"enemies":"3 Byrds","floor":18,"turns":5},{"damage":12,"enemies":"Chosen","floor":20,"turns":5},{"damage":0,"enemies":"3 Cultists","floor":21,"turns":5},{"damage":9,"enemies":"Book of Stabbing","floor":23,"turns":8},{"damage":0,"enemies":"Gremlin Leader","floor":25,"turns":6},{"damage":0,"enemies":"Sentry and Sphere","floor":28,"turns":3},{"damage":1,"enemies":"Slaver and Parasite","floor":29,"turns":5},{"damage":28,"enemies":"Collector","floor":33,"turns":10},{"damage":0,"enemies":"Orb Walker","floor":35,"turns":2},{"damage":0,"enemies":"3 Darklings","floor":37,"turns":3},{"damage":2,"enemies":"Maw","floor":38,"turns":6},{"damage":0,"enemies":"Nemesis","floor":41,"turns":7},{"damage":0,"enemies":"Giant Head","floor":44,"turns":6},{"damage":1,"enemies":"2 Orb Walkers","floor":47,"turns":5},{"damage":0,"enemies":"4 Shapes","floor":48,"turns":4},{"damage":0,"enemies":"Donu and Deca","floor":50,"turns":9}],"event_choices":[{"event_name":"Big Fish","player_choice":"Donut","floor":3,"damage_taken":0},{"event_name":"Scrap Ooze","player_choice":"success","floor":4,"damage_taken":7},{"event_name":"The Cleric","player_choice":"Leave","floor":5,"damage_taken":0},{"event_name":"Mushrooms","player_choice":"Healed and dodged fight","floor":13,"damage_taken":0},{"event_name":"Fountain of Cleansing","player_choice":"Removed Curse","floor":19,"damage_taken":0},{"event_name":"Cursed Tome","player_choice":"Obtained Book","floor":30,"damage_taken":0},{"event_name":"The Mausoleum","player_choice":"Yes","floor":31,"damage_taken":0},{"event_name":"Tomb of Lord Red Mask","player_choice":"Paid","floor":39,"damage_taken":0},{"event_name":"SensoryStone","player_choice":"Memory 2","floor":46,"damage_taken":0}],"boss_relics":[{"not_picked":["White Beast Statue","Philosopher\u0027s Stone"],"picked":"Sozu"},{"not_picked":["Tiny House","Lizard Tail"],"picked":"Snecko Eye"}],"potions_floor_spawned":[2,14,16,18,21,23,37,44],"seed_played":"-952325343571130457","ascension_level":11,"is_trial":false}