{"gold_per_floor":[119,139,152,152,152,152,171,171,207,221,16,30,41,57,57,252,252,270,285,298,308,320,355,355,368,394,2,2,30,30,55,55,161,161,190,224,263,300,300,306],"floor_reached":40,"playtime":2654,"items_purged":[],"score":510,"play_id":"ea4f04f3-4687-42a5-a4ba-c3d0586c1ae7","local_time":"20190323195355","is_ascension_mode":false,"campfire_choices":[{"data":"Slimebound:Split","floor":6,"key":"SMITH"},{"data":"DoctorFetus","floor":8,"key":"SMITH"},{"data":"Slimebound:DouseInSlime","floor":15,"key":"SMITH"},{"data":"Slimebound:CorrosiveSpit","floor":24,"key":"SMITH"},{"data":"Slimebound:Equalize","floor":30,"key":"SMITH"},{"data":"Slimebound:StudyTheSpire","floor":32,"key":"SMITH"}],"neow_cost":"NONE","seed_source_timestamp":103540751355088,"circlet_count":0,"master_deck":["Slimebound:Strike_Slimebound","Slimebound:Strike_Slimebound","Slimebound:Strike_Slimebound","Slimebound:Defend_Slimebound","Slimebound:Defend_Slimebound","Slimebound:Defend_Slimebound","Slimebound:Defend_Slimebound","Slimebound:Split+1","Slimebound:CorrosiveSpit+1","DoctorFetus+1","Slimebound:DouseInSlime+1","Slimebound:StudyTheSpire+1","Slimebound:SamplingLick+1","Slimebound:Prepare+1","Slimebound:MegaLick+1","Slimebound:SpikyOuterGoop+1","Slimebound:Equalize+1","Slimebound:OozeBath","Slimebound:LeechEnergy+1"],"relics":["Sizzling Blood","HushsDoor","KeepersGift","Unceasing Top","infinitespire:Cubic Diamond","RollingBoulder","Sling","Astrolabe","GuppysHairball","Anchor","Potion Belt","Bandana","OrangePellets","infinitespire:EvilPickle","Cursed Key"],"potions_floor_usage":[16,16,19,19,20,22,29,31,33,36,36,40,40],"damage_taken":[{"damage":11,"enemies":"Cultist","floor":1,"turns":4},{"damage":11,"enemies":"2 Louse","floor":2,"turns":4},{"damage":9,"enemies":"Small Slimes","floor":3,"turns":4},{"damage":14,"enemies":"Blue Slaver","floor":7,"turns":6},{"damage":7,"enemies":"Looter","floor":9,"turns":5},{"damage":13,"enemies":"Looter","floor":10,"turns":4},{"damage":10,"enemies":"Large Slime","floor":12,"turns":5},{"damage":12,"enemies":"Blue Slaver","floor":13,"turns":4},{"damage":18,"enemies":"Looter","floor":14,"turns":3},{"damage":23,"enemies":"Monstro","floor":16,"turns":7},{"damage":0,"enemies":"2 Thieves","floor":18,"turns":2},{"damage":13,"enemies":"Spheric Guardian","floor":19,"turns":5},{"damage":27,"enemies":"Snake Plant","floor":20,"turns":5},{"damage":9,"enemies":"Centurion and Healer","floor":21,"turns":6},{"damage":9,"enemies":"Chosen and Byrds","floor":22,"turns":5},{"damage":41,"enemies":"Slavers","floor":23,"turns":7},{"damage":21,"enemies":"Snake Plant","floor":25,"turns":3},{"damage":25,"enemies":"Cultist and Chosen","floor":29,"turns":6},{"damage":21,"enemies":"Snecko","floor":31,"turns":4},{"damage":24,"enemies":"Pondfish","floor":33,"turns":9},{"damage":3,"enemies":"3 Shapes","floor":35,"turns":4},{"damage":3,"enemies":"Orb Walker","floor":36,"turns":3},{"damage":13,"enemies":"Jaw Worm Horde","floor":37,"turns":5},{"damage":11,"enemies":"3 Darklings","floor":38,"turns":4},{"damage":84,"enemies":"Reptomancer","floor":40,"turns":5}],"seed_played":"-5263249651613107923","potions_obtained":[{"floor":1,"key":"Elixir"},{"floor":12,"key":"Energy Potion"},{"floor":13,"key":"Regen Potion"},{"floor":14,"key":"Explosive Potion"},{"floor":16,"key":"Poison Potion"},{"floor":19,"key":"Venom Potion"},{"floor":21,"key":"EssenceOfSteel"},{"floor":29,"key":"Swift Potion"},{"floor":31,"key":"AttackPotion"},{"floor":33,"key":"Dexterity Potion"},{"floor":35,"key":"Poison Potion"},{"floor":36,"key":"Death Potion"},{"floor":38,"key":"AttackPotion"}],"is_trial":false,"path_per_floor":["M","M","M","T","?","R","M","R","MIM","M","$","M","M","M","R","B",null,"M","M","M","M","M","E","R","M","T","$","?","M","R","M","R","B",null,"M","M","M","M","?","E"],"character_chosen":"SLIMEBOUND","items_purchased":["Sling","GuppysHairball","Bandana","OrangePellets","Poison Potion"],"campfire_rested":0,"item_purchase_floors":[11,17,27,27,27],"current_hp_per_floor":[68,63,66,66,66,66,59,59,62,64,64,69,70,67,67,70,60,60,57,43,60,60,60,60,49,49,49,39,37,37,41,41,54,65,65,65,65,65,65,0],"gold":306,"neow_bonus":"REMOVE_CARD","is_prod":false,"is_daily":false,"chose_seed":false,"campfire_upgraded":6,"win_rate":0,"timestamp":1553385235,"path_taken":["M","M","M","?","?","R","M","R","MIM","M","$","M","M","M","R","BOSS","M","M","M","M","M","E","R","M","T","$","?","M","R","M","R","BOSS","M","M","M","M","?","E"],"build_version":"2019-01-23","purchased_purges":0,"victory":false,"max_hp_per_floor":[70,70,70,70,70,70,70,70,70,70,70,70,70,70,70,70,60,60,60,60,60,60,60,60,60,60,60,65,65,65,65,65,65,65,65,65,65,65,65,65],"card_choices":[{"not_picked":[],"picked":"DoctorFetus","floor":0},{"not_picked":["Slimebound:ItLooksTasty","Slimebound:ViciousTackle","Slimebound:SplitMire"],"picked":"SKIP","floor":1},{"not_picked":["Slimebound:RollThrough","Slimebound:PoisonLick","Slimebound:SplitLeeching"],"picked":"SKIP","floor":2},{"not_picked":["Slimebound:ViciousTackle","Slimebound:SamplingLick"],"picked":"Slimebound:ItLooksTasty","floor":3},{"not_picked":["Slimebound:HauntingLick","Slimebound:PressTheAttack"],"picked":"Slimebound:DouseInSlime","floor":7},{"not_picked":["Slimebound:SlimeSpikes","Slimebound:GoopTackle"],"picked":"Slimebound:AcidGelatin","floor":10},{"not_picked":["Slimebound:SamplingLick","Slimebound:SoulSicken","Slimebound:SlimeTap"],"picked":"SKIP","floor":12},{"not_picked":["Slimebound:HauntingLick","Slimebound:VenomTackle"],"picked":"Slimebound:TongueLash","floor":13},{"not_picked":["Slimebound:ServeAndProtect","Slimebound:LivingWall"],"picked":"Bomb","floor":14},{"not_picked":["Slimebound:OozeBath","Slimebound:AcidTongue"],"picked":"Slimebound:StudyTheSpire","floor":16},{"not_picked":["Slimebound:ComboTackle","Slimebound:HauntingLick","Slimebound:PoisonLick+1"],"picked":"SKIP","floor":18},{"not_picked":["Slimebound:LeadByExample","Slimebound:TendrilStrike","Slimebound:ComboTackle"],"picked":"SKIP","floor":19},{"not_picked":["Slimebound:GoopTackle+1","Slimebound:RollThrough","Slimebound:FirmFortitude+1"],"picked":"SKIP","floor":20},{"not_picked":["Slimebound:LeechingTouch","Slimebound:GoopSpray"],"picked":"Slimebound:SpikyOuterGoop+1","floor":21},{"not_picked":["Slimebound:ProtectTheBoss","Slimebound:LeechingTouch","Slimebound:SlimeSpikes"],"picked":"SKIP","floor":22},{"not_picked":["Slimebound:SlimeBrawl","Slimebound:GrowthPunch"],"picked":"Slimebound:Equalize","floor":23},{"not_picked":["Slimebound:SamplingLick","Slimebound:Gluttony","Slimebound:LeadByExample"],"picked":"SKIP","floor":25},{"not_picked":["Slimebound:PressTheAttack","Slimebound:ViciousTackle+1","Slimebound:Grow+1"],"picked":"SKIP","floor":29},{"not_picked":["Slimebound:QuickStudy","Slimebound:TendrilStrike+1","Slimebound:TongueLash+1"],"picked":"SKIP","floor":31},{"not_picked":["Slimebound:Teamwork","Slimebound:SlimeBrawl"],"picked":"Slimebound:OozeBath","floor":33},{"not_picked":["Slimebound:SplitAcid","Slimebound:RejuvenatingLick"],"picked":"Slimebound:LeechEnergy+1","floor":35},{"not_picked":["Slimebound:LeadByExample+1","Slimebound:SlimeSpikes+1","Slimebound:TongueLash"],"picked":"SKIP","floor":36},{"not_picked":["Slimebound:RollThrough","Slimebound:Replication+1","Slimebound:GoopTackle+1"],"picked":"SKIP","floor":37},{"not_picked":["Slimebound:SpikyOuterGoop","Slimebound:SlimeSpikes+1","Slimebound:FormOfPuddle+1"],"picked":"SKIP","floor":38}],"player_experience":805201,"relics_obtained":[{"floor":4,"key":"Unceasing Top"},{"floor":9,"key":"RollingBoulder"},{"floor":23,"key":"Anchor"},{"floor":26,"key":"Potion Belt"}],"event_choices":[{"damage_healed":0,"gold_gain":0,"player_choice":"Shed Blood","damage_taken":15,"max_hp_gain":5,"max_hp_loss":0,"event_name":"Forgotten Altar","floor":28,"gold_loss":0},{"damage_healed":0,"gold_gain":0,"player_choice":"Ignored","damage_taken":0,"max_hp_gain":0,"max_hp_loss":0,"event_name":"Tomb of Lord Red Mask","floor":39,"gold_loss":0}],"is_beta":false,"boss_relics":[{"not_picked":["Ectoplasm","CosmicIsotope"],"picked":"Astrolabe"},{"not_picked":[]},{"not_picked":["Snecko Eye","hubris:CrackedHourglass"],"picked":"Cursed Key"},{"not_picked":[]}],"items_purged_floors":[],"is_endless":false,"potions_floor_spawned":[1,12,13,14,16,19,21,29,31,33,35,36,38],"killed_by":"Reptomancer","ascension_level":0}