{"path_per_floor":["M","?","?","M","?","E","?","R","T","E","$","M","R","M","R","B",null,"M","M","$","M","M"],"character_chosen":"IRONCLAD","items_purchased":["Red Skull","Flash of Steel"],"gold_per_floor":[116,116,116,127,127,162,162,162,189,223,223,235,235,247,247,350,380,393,408,22,40,52],"floor_reached":23,"campfire_rested":1,"playtime":1333,"current_hp_per_floor":[80,80,55,61,53,59,59,59,59,26,26,24,48,54,54,40,85,84,63,63,26,27],"items_purged":[],"gold":52,"play_id":"abe60b9e-f5a4-4ced-8610-6066cc8e4949","is_prod":false,"is_daily":false,"campfire_rituals":0,"campfire_upgraded":2,"is_hardmode":false,"path_taken":["M","?","?","M","?","E","?","R","T","E","$","M","R","M","R","BOSS","M","M","$","M","M","E"],"build_version":"2018-01-18-PROD4","purchased_purges":0,"victory":false,"master_deck":["Strike_R","Strike_R","Strike_R","Strike_R","Strike_R","Defend_R","Defend_R","Defend_R","Defend_R","Bash","Metallicize","Demon Form","Headbutt","Iron Wave","Pommel Strike","Rampage","Juggernaut","Heavy Blade","Cleave","Flash of Steel"],"max_hp_per_floor":[80,80,80,80,80,80,80,80,80,80,80,80,80,80,80,80,85,85,85,85,85,85],"relics":["Burning Blood","NeowsBlessing","Bag of Marbles","Dodecahedron","Dream Catcher","Ice Cream","Tiny House","Red Skull"],"campfire_meditates":0,"card_choices":[{"not_picked":["Dual Wield","Twin Strike"],"picked":"Cleave"},{"not_picked":["True Grit","Pommel Strike"],"picked":"Metallicize"},{"not_picked":["Berserk","True Grit"],"picked":"Demon Form"},{"not_picked":["Rupture","Dual Wield"],"picked":"Headbutt"},{"not_picked":["True Grit","Wild Strike"],"picked":"Iron Wave"},{"not_picked":["Shrug It Off","Anger"],"picked":"Pommel Strike"},{"not_picked":["Whirlwind","Armaments"],"picked":"Rampage"},{"not_picked":["Immolate","Barricade"],"picked":"Juggernaut"},{"not_picked":["Shrug It Off","Power Through"],"picked":"Heavy Blade"},{"not_picked":["Twin Strike","Perfected Strike"],"picked":"Cleave"}],"player_experience":116102,"potions_floor_usage":[10,14,16,18,21,23,23],"damage_taken":[{"damage":0,"enemies":"Small Slimes","floor":1,"turns":1},{"damage":0,"enemies":"Blue Slaver","floor":4,"turns":1},{"damage":0,"enemies":"Lagavulin","floor":6,"turns":1},{"damage":39,"enemies":"3 Sentries","floor":10,"turns":6},{"damage":8,"enemies":"Jaw Worm","floor":12,"turns":3},{"damage":0,"enemies":"3 Louse","floor":14,"turns":1},{"damage":20,"enemies":"The Guardian","floor":16,"turns":8},{"damage":7,"enemies":"3 Byrds","floor":18,"turns":6},{"damage":27,"enemies":"Shell Parasite","floor":19,"turns":5},{"damage":43,"enemies":"Snake Plant","floor":21,"turns":6},{"damage":5,"enemies":"Chosen and Byrds","floor":22,"turns":6},{"damage":36,"enemies":"Book of Stabbing","floor":23,"turns":3}],"event_choices":[{"event_name":"Bonfire Elementals","player_choice":"COMMON","floor":2,"damage_taken":0},{"event_name":"Scrap Ooze","player_choice":"success","floor":3,"damage_taken":25},{"event_name":"Wheel of Change","player_choice":"Damage","floor":5,"damage_taken":0},{"event_name":"The Woman in Blue","player_choice":"Bought 0 Potions","floor":7,"damage_taken":0}],"boss_relics":[{"not_picked":["Pandora\u0027s Box","Runic Pyramid"],"picked":"Tiny House"}],"potions_floor_spawned":[1,10,14,19,21,22],"seed_played":"2467526789050688252","killed_by":"Book of Stabbing","is_trial":false}