{"gold_per_floor":[219,237,249,199,169,200,49,49,117,117,117,117],"floor_reached":12,"playtime":610,"items_purged":["Strike_R"],"score":114,"play_id":"f84adf02-bbed-4f85-9d9a-5bf28ab20574","local_time":"20190102000343","is_ascension_mode":true,"campfire_choices":[{"data":"Limit Break","floor":8,"key":"SMITH"},{"floor":10,"key":"REST"}],"neow_cost":"NONE","seed_source_timestamp":786360529749187,"circlet_count":0,"master_deck":["AscendersBane","Strike_R","Strike_R","Defend_R+1","Defend_R","Defend_R+1","Defend_R","Bash","Armaments","Burning Pact","Body Slam","Limit Break+1","Feed"],"relics":["Burning Blood","War Paint","Shuriken"],"potions_floor_usage":[5,12],"damage_taken":[{"damage":7,"enemies":"Small Slimes","floor":1,"turns":4},{"damage":8,"enemies":"Jaw Worm","floor":2,"turns":5},{"damage":9,"enemies":"2 Louse","floor":3,"turns":5},{"damage":7,"enemies":"Looter","floor":5,"turns":4},{"damage":54,"enemies":"Lagavulin","floor":6,"turns":8},{"damage":71,"enemies":"Lagavulin Event","floor":12,"turns":8}],"seed_played":"8643108514206986032","potions_obtained":[{"floor":3,"key":"Regen Potion"},{"floor":6,"key":"Poison Potion"}],"is_trial":false,"path_per_floor":["M","M","M","?","M","E","$","R","T","R","?","?"],"character_chosen":"IRONCLAD","items_purchased":["Limit Break"],"campfire_rested":1,"item_purchase_floors":[7],"current_hp_per_floor":[71,69,66,66,79,31,31,31,31,55,55,0],"gold":117,"neow_bonus":"HUNDRED_GOLD","is_prod":false,"is_daily":false,"chose_seed":false,"campfire_upgraded":1,"win_rate":0,"timestamp":1546409023,"path_taken":["M","M","M","?","M","E","?","R","T","R","?","?"],"build_version":"2018-12-20","purchased_purges":1,"victory":false,"max_hp_per_floor":[80,80,80,80,80,80,80,80,80,80,80,80],"card_choices":[{"not_picked":["Sword Boomerang","Iron Wave"],"picked":"Armaments","floor":1},{"not_picked":["Sword Boomerang","Anger"],"picked":"Burning Pact","floor":2},{"not_picked":["Fire Breathing","Reckless Charge"],"picked":"Body Slam","floor":3},{"not_picked":["Armaments","Heavy Blade","Burning Pact"],"picked":"SKIP","floor":5},{"not_picked":["Wild Strike","Fire Breathing","Dual Wield"],"picked":"SKIP","floor":6}],"player_experience":366711,"relics_obtained":[{"floor":6,"key":"War Paint"},{"floor":9,"key":"Shuriken"}],"event_choices":[{"cards_removed":["Strike_R"],"damage_healed":0,"gold_gain":0,"player_choice":"Card Removal","damage_taken":0,"max_hp_gain":0,"max_hp_loss":0,"event_name":"The Cleric","floor":4,"gold_loss":50},{"damage_healed":0,"gold_gain":0,"cards_transformed":["Strike_R"],"player_choice":"Change","damage_taken":0,"max_hp_gain":0,"max_hp_loss":0,"event_name":"Living Wall","floor":11,"gold_loss":0,"cards_obtained":["Feed"]},{"damage_healed":0,"gold_gain":0,"player_choice":"Searched \u00272\u0027 times","damage_taken":0,"max_hp_gain":0,"max_hp_loss":0,"event_name":"Dead Adventurer","floor":12,"gold_loss":0}],"is_beta":false,"boss_relics":[],"items_purged_floors":[7],"is_endless":false,"potions_floor_spawned":[3,6],"killed_by":"Lagavulin Event","ascension_level":10}