{"gold_per_floor":[19,31,41,100,111,144,144,154,208,208,236,236,411,431,431,531,531,546,645,343,343,343,343,362,362],"floor_reached":25,"playtime":595,"items_purged":["Doubt"],"score":274,"play_id":"e5160e57-ee60-4cca-b3e1-385d1ac3f6db","local_time":"20181209233437","is_ascension_mode":true,"campfire_choices":[{"floor":7,"key":"REST"},{"floor":10,"key":"REST"},{"floor":15,"key":"REST"},{"data":"Zap","floor":23,"key":"SMITH"}],"neow_cost":"NO_GOLD","seed_source_timestamp":2014310948447850,"circlet_count":0,"master_deck":["Strike_B","Strike_B","Strike_B","Strike_B","Defend_B","Defend_B","Defend_B","Defend_B","Zap+1","Dualcast","Rainbow","Loop","Static Discharge","Melter","Rip and Tear","Biased Cognition","Compile Driver","Double Energy+1","Auto Shields","Creative AI+1","Loop","Redo","Cold Snap","Conserve Battery","Turbo","Multi-Cast","Storm","Redo+1"],"relics":["Cracked Core","Symbiotic Virus","Bronze Scales","Bottled Tornado","Orrery","Anchor"],"potions_floor_usage":[11,11,18,24,25],"damage_taken":[{"damage":0,"enemies":"Cultist","floor":1,"turns":3},{"damage":6,"enemies":"2 Louse","floor":2,"turns":2},{"damage":0,"enemies":"Small Slimes","floor":3,"turns":2},{"damage":25,"enemies":"Exordium Wildlife","floor":5,"turns":3},{"damage":33,"enemies":"3 Sentries","floor":6,"turns":4},{"damage":6,"enemies":"2 Fungi Beasts","floor":8,"turns":2},{"damage":1,"enemies":"Lagavulin","floor":11,"turns":6},{"damage":13,"enemies":"Lots of Slimes","floor":14,"turns":2},{"damage":15,"enemies":"Slime Boss","floor":16,"turns":8},{"damage":8,"enemies":"Chosen","floor":18,"turns":3},{"damage":2,"enemies":"Shell Parasite","floor":24,"turns":3},{"damage":80,"enemies":"Gremlin Leader","floor":25,"turns":6}],"seed_played":"3358450579127193094","potions_obtained":[{"floor":5,"key":"Weak Potion"},{"floor":6,"key":"Weak Potion"},{"floor":8,"key":"EssenceOfSteel"},{"floor":16,"key":"Energy Potion"},{"floor":24,"key":"Regen Potion"}],"is_trial":false,"path_per_floor":["M","M","M","?","M","E","R","M","T","R","E","?","?","M","R","B",null,"M","?","$","?","?","R","M","E"],"character_chosen":"DEFECT","items_purchased":["Storm","Anchor"],"campfire_rested":3,"item_purchase_floors":[20,20],"current_hp_per_floor":[68,62,62,62,37,4,26,20,20,42,41,41,41,28,50,35,65,57,57,57,57,57,57,55,0],"gold":362,"neow_bonus":"THREE_RARE_CARDS","is_prod":false,"is_daily":false,"chose_seed":false,"campfire_upgraded":1,"win_rate":0,"timestamp":1544394877,"path_taken":["M","M","M","?","M","E","R","M","T","R","E","?","?","M","R","BOSS","M","?","$","?","?","R","M","E"],"build_version":"2018-12-06","purchased_purges":1,"victory":false,"max_hp_per_floor":[75,75,75,75,75,75,75,75,75,75,75,75,75,75,75,75,75,75,75,75,75,75,75,75,75],"card_choices":[{"not_picked":["Meteor Strike","Fission"],"picked":"Rainbow","floor":0},{"not_picked":["Hologram","Gash"],"picked":"Loop","floor":1},{"not_picked":["Compile Driver","Leap"],"picked":"Static Discharge","floor":2},{"not_picked":["Undo","Glacier"],"picked":"Melter","floor":3},{"not_picked":["Barrage","Hologram"],"picked":"Rip and Tear","floor":5},{"not_picked":["Skim","Chaos"],"picked":"Biased Cognition","floor":6},{"not_picked":["Go for the Eyes","Beam Cell"],"picked":"Compile Driver","floor":8},{"not_picked":["Beam Cell","Streamline"],"picked":"Double Energy","floor":11},{"not_picked":["Cold Snap","Compile Driver"],"picked":"Auto Shields","floor":14},{"not_picked":["Meteor Strike","All For One"],"picked":"Creative AI","floor":16},{"not_picked":["Self Repair","Coolheaded"],"picked":"Loop","floor":17},{"not_picked":["Leap","Hologram"],"picked":"Redo","floor":17},{"not_picked":["Go for the Eyes","Melter"],"picked":"Cold Snap","floor":17},{"not_picked":["Undo","Compile Driver"],"picked":"Conserve Battery","floor":17},{"not_picked":["Steam Power","Gash"],"picked":"Turbo","floor":17},{"not_picked":["Compile Driver","Cold Snap"],"picked":"Multi-Cast","floor":18},{"not_picked":["Beam Cell","Turbo"],"picked":"Redo+1","floor":24}],"player_experience":416071,"relics_obtained":[{"floor":6,"key":"Symbiotic Virus"},{"floor":9,"key":"Bronze Scales"},{"floor":11,"key":"Bottled Tornado"}],"event_choices":[{"damage_healed":0,"gold_gain":59,"player_choice":"Gained Gold","damage_taken":0,"max_hp_gain":0,"max_hp_loss":0,"event_name":"Golden Wing","floor":4,"gold_loss":0},{"damage_healed":0,"gold_gain":0,"player_choice":"Grow","damage_taken":0,"max_hp_gain":0,"max_hp_loss":0,"event_name":"Living Wall","floor":12,"gold_loss":0,"cards_upgraded":["Double Energy"]},{"damage_healed":0,"gold_gain":175,"player_choice":"AGREE","damage_taken":0,"max_hp_gain":0,"max_hp_loss":0,"event_name":"Liars Game","floor":13,"gold_loss":0,"cards_obtained":["Doubt"]},{"damage_healed":0,"gold_gain":99,"player_choice":"Stole From Cult","damage_taken":0,"max_hp_gain":0,"max_hp_loss":0,"event_name":"Nest","floor":19,"gold_loss":0},{"damage_healed":0,"gold_gain":0,"player_choice":"Ignored","damage_taken":0,"max_hp_gain":0,"max_hp_loss":0,"event_name":"Beggar","floor":21,"gold_loss":0},{"damage_healed":0,"gold_gain":0,"player_choice":"Upgraded","damage_taken":0,"max_hp_gain":0,"max_hp_loss":0,"event_name":"Upgrade Shrine","floor":22,"gold_loss":0,"cards_upgraded":["Creative AI"]}],"is_beta":false,"boss_relics":[{"not_picked":["Ectoplasm","Nuclear Battery"],"picked":"Orrery"}],"items_purged_floors":[20],"is_endless":false,"potions_floor_spawned":[5,6,8,16,24],"killed_by":"Gremlin Leader","ascension_level":6}