{"gold_per_floor":[213,233,65,29,29,56,56,84,84,84,49,65,65,92,92,92],"floor_reached":16,"playtime":568,"items_purged":["Strike_B"],"score":207,"play_id":"33c08fb0-f0f4-491a-90ce-fcf2b8861413","local_time":"20180926104022","is_ascension_mode":true,"campfire_choices":[{"floor":7,"key":"REST"},{"floor":10,"key":"REST"},{"floor":15,"key":"REST"}],"neow_cost":"NONE","seed_source_timestamp":942973680109734,"circlet_count":0,"master_deck":["Strike_B","Strike_B","Strike_B","Defend_B","Defend_B","Defend_B","Defend_B","Zap","Dualcast","AscendersBane","Ball Lightning","Sunder","Defragment","Cold Snap","Melter"],"relics":["Cracked Core","Art of War","Sundial","Ornamental Fan","Regal Pillow"],"potions_floor_usage":[8,8],"damage_taken":[{"damage":4,"enemies":"2 Louse","floor":1,"turns":2},{"damage":8,"enemies":"Small Slimes","floor":2,"turns":3},{"damage":40,"enemies":"Lagavulin","floor":6,"turns":5},{"damage":26,"enemies":"Gremlin Nob","floor":8,"turns":4},{"damage":4,"enemies":"Cultist","floor":12,"turns":3},{"damage":74,"enemies":"Hexaghost","floor":16,"turns":9}],"seed_played":"-3967200856730485518","potions_obtained":[{"floor":2,"key":"GamblersBrew"},{"floor":6,"key":"Explosive Potion"},{"floor":12,"key":"SkillPotion"}],"is_trial":false,"path_per_floor":["M","M","$","?","$","E","R","E","T","R","?","M","$","T","R"],"character_chosen":"DEFECT","items_purchased":["Defragment"],"campfire_rested":3,"item_purchase_floors":[3],"current_hp_per_floor":[60,52,52,52,52,12,33,7,7,28,45,41,41,41,71,0],"gold":92,"neow_bonus":"HUNDRED_GOLD","is_prod":false,"is_daily":false,"chose_seed":false,"campfire_upgraded":0,"win_rate":0,"timestamp":1537951222,"path_taken":["M","M","$","?","$","E","R","E","T","R","?","M","$","?","R","BOSS"],"build_version":"2018-09-20","purchased_purges":1,"victory":false,"max_hp_per_floor":[71,71,71,71,71,71,71,71,71,71,71,71,71,71,71,71],"card_choices":[{"not_picked":["Coolheaded","Conserve Battery"],"picked":"Ball Lightning","floor":1},{"not_picked":["Cold Snap","Rebound"],"picked":"Sunder","floor":2},{"not_picked":["Double Energy","Redo"],"picked":"Cold Snap","floor":6},{"not_picked":["Skim","Chaos","Fusion"],"picked":"SKIP","floor":8},{"not_picked":["Stack","Sweeping Beam"],"picked":"Melter","floor":12}],"player_experience":691676,"relics_obtained":[{"floor":6,"key":"Art of War"},{"floor":8,"key":"Sundial"},{"floor":9,"key":"Ornamental Fan"},{"floor":14,"key":"Regal Pillow"}],"event_choices":[{"event_name":"World of Goop","player_choice":"Left","floor":4,"damage_taken":0},{"event_name":"The Cleric","player_choice":"Healed","floor":11,"damage_taken":0}],"is_beta":false,"boss_relics":[],"items_purged_floors":[3],"is_endless":false,"potions_floor_spawned":[2,6,12],"killed_by":"Hexaghost","ascension_level":19}