{"gold_per_floor":[111,130,130,144,156,156,231,241,241,321,339,339,353,372,372,472,472,397],"floor_reached":18,"playtime":742,"items_purged":[],"score":156,"play_id":"0f2c28bd-7dec-4e21-a82b-e5afb50e6912","local_time":"20190121202626","is_ascension_mode":false,"campfire_choices":[{"data":"Streamline","floor":6,"key":"SMITH"},{"floor":12,"key":"REST"},{"data":"Sweeping Beam","floor":15,"key":"SMITH"}],"neow_cost":"NONE","seed_source_timestamp":65039921321993,"circlet_count":0,"master_deck":["Strike_B","Strike_B","Strike_B","Strike_B","Defend_B","Defend_B","Defend_B","Defend_B","Zap","Dualcast","Hologram","Streamline+1","Cold Snap","Sweeping Beam+1","Go for the Eyes"],"relics":["Cracked Core","Dream Catcher","Anchor","Snecko Eye"],"potions_floor_usage":[8,14,16,16],"damage_taken":[{"damage":3,"enemies":"Jaw Worm","floor":1,"turns":3},{"damage":2,"enemies":"2 Louse","floor":2,"turns":3},{"damage":2,"enemies":"Small Slimes","floor":4,"turns":3},{"damage":12,"enemies":"2 Fungi Beasts","floor":5,"turns":3},{"damage":5,"enemies":"3 Louse","floor":8,"turns":2},{"damage":1,"enemies":"Exordium Wildlife","floor":11,"turns":3},{"damage":5,"enemies":"Blue Slaver","floor":13,"turns":3},{"damage":10,"enemies":"Exordium Thugs","floor":14,"turns":4},{"damage":13,"enemies":"Slime Boss","floor":16,"turns":13},{"damage":17,"enemies":"2 Thieves","floor":18,"turns":4}],"seed_played":"1977799902845880509","potions_obtained":[{"floor":2,"key":"Weak Potion"},{"floor":5,"key":"Explosive Potion"},{"floor":8,"key":"SkillPotion"},{"floor":11,"key":"Regen Potion"}],"is_trial":false,"path_per_floor":["M","M","?","M","M","R","?","M","T","?","M","R","M","M","R","B",null,"M"],"character_chosen":"DEFECT","items_purchased":[],"campfire_rested":1,"item_purchase_floors":[],"current_hp_per_floor":[79,77,59,57,45,45,34,29,29,29,28,52,47,49,49,36,82,65],"gold":397,"neow_bonus":"TEN_PERCENT_HP_BONUS","is_prod":false,"is_daily":false,"chose_seed":false,"campfire_upgraded":2,"win_rate":0,"timestamp":1548120386,"path_taken":["M","M","?","M","M","R","?","M","T","?","M","R","M","M","R","BOSS","M"],"build_version":"2019-01-17v2","purchased_purges":0,"victory":false,"max_hp_per_floor":[82,82,82,82,82,82,82,82,82,82,82,82,82,82,82,82,82,82],"card_choices":[{"not_picked":["Ball Lightning","Stack"],"picked":"Hologram","floor":1},{"not_picked":["Rebound","Sunder","Ball Lightning"],"picked":"SKIP","floor":2},{"not_picked":["Capacitor","Ball Lightning"],"picked":"Streamline","floor":4},{"not_picked":["Steam","Stack"],"picked":"Cold Snap","floor":5},{"not_picked":["Beam Cell","Recycle","Redo"],"picked":"SKIP","floor":8},{"not_picked":["Turbo","Undo","Static Discharge"],"picked":"SKIP","floor":11},{"not_picked":["Rebound","Compile Driver"],"picked":"Sweeping Beam","floor":12},{"not_picked":["Seek","Turbo"],"picked":"Go for the Eyes","floor":13},{"not_picked":["Genetic Algorithm","Double Energy","Rebound"],"picked":"SKIP","floor":14}],"player_experience":555968,"relics_obtained":[{"floor":9,"key":"Anchor"}],"event_choices":[{"damage_healed":0,"gold_gain":0,"player_choice":"Success","damage_taken":18,"relics_obtained":["Dream Catcher"],"max_hp_gain":0,"max_hp_loss":0,"event_name":"Scrap Ooze","floor":3,"gold_loss":0},{"damage_healed":0,"gold_gain":75,"player_choice":"Gather Gold","damage_taken":11,"max_hp_gain":0,"max_hp_loss":0,"event_name":"World of Goop","floor":7,"gold_loss":0},{"damage_healed":0,"gold_gain":80,"player_choice":"Gained Gold","damage_taken":0,"max_hp_gain":0,"max_hp_loss":0,"event_name":"Golden Wing","floor":10,"gold_loss":0}],"is_beta":false,"boss_relics":[{"not_picked":["Coffee Dripper","Fusion Hammer"],"picked":"Snecko Eye"}],"items_purged_floors":[],"is_endless":false,"potions_floor_spawned":[2,5,8,11],"killed_by":"2 Thieves","ascension_level":0}