{"gold_per_floor":[110,110,122,138,150,178,178,209,290,305,320,320,336,348,348,449,449,467,480,480],"floor_reached":20,"playtime":1319,"items_purged":[],"score":190,"play_id":"76ec8e24-32f2-464b-beb6-5e1cedbc7b57","local_time":"20190325222410","is_ascension_mode":false,"campfire_choices":[{"floor":7,"key":"REST"},{"floor":15,"key":"REST"}],"neow_cost":"NONE","seed_source_timestamp":40447241002700,"circlet_count":0,"master_deck":["Strike_R","Strike_R","Strike_R","Strike_R","Strike_R","Defend_R","Defend_R","Defend_R","Defend_R","Bash","True Grit","Armaments","Spot Weakness","Heavy Blade","Ghostly Armor","Anger","Thunderclap","Flex","Barricade","Heavy Blade","Juggernaut","Cleave","Second Wind"],"relics":["Black Blood","Ornamental Fan","Ginger","Gremlin Horn","CultistMask"],"potions_floor_usage":[6,16],"damage_taken":[{"damage":5,"enemies":"Cultist","floor":1,"turns":4},{"damage":15,"enemies":"Jaw Worm","floor":3,"turns":4},{"damage":1,"enemies":"2 Louse","floor":4,"turns":3},{"damage":39,"enemies":"Exordium Thugs","floor":5,"turns":6},{"damage":26,"enemies":"Lagavulin","floor":6,"turns":5},{"damage":37,"enemies":"Gremlin Nob","floor":8,"turns":5},{"damage":4,"enemies":"Exordium Wildlife","floor":10,"turns":4},{"damage":1,"enemies":"2 Fungi Beasts","floor":11,"turns":3},{"damage":4,"enemies":"Blue Slaver","floor":13,"turns":3},{"damage":11,"enemies":"Gremlin Gang","floor":14,"turns":3},{"damage":40,"enemies":"Slime Boss","floor":16,"turns":9},{"damage":41,"enemies":"2 Thieves","floor":18,"turns":4},{"damage":41,"enemies":"Shell Parasite","floor":19,"turns":7},{"damage":20,"enemies":"Snake Plant","floor":20,"turns":2}],"seed_played":"-2793495421726066770","potions_obtained":[{"floor":0,"key":"Weak Potion"},{"floor":0,"key":"AttackPotion"},{"floor":0,"key":"SteroidPotion"},{"floor":8,"key":"Dexterity Potion"},{"floor":16,"key":"SpeedPotion"}],"is_trial":false,"path_per_floor":["M","?","M","M","M","E","R","E","T","M","M","?","M","M","R","B",null,"M","M","M"],"character_chosen":"IRONCLAD","items_purchased":[],"campfire_rested":2,"item_purchase_floors":[],"current_hp_per_floor":[80,80,71,76,43,23,47,16,16,18,23,23,25,20,44,10,80,49,18,0],"gold":480,"neow_bonus":"THREE_SMALL_POTIONS","is_prod":false,"is_daily":false,"chose_seed":false,"campfire_upgraded":0,"win_rate":0.0,"timestamp":1553567050,"path_taken":["M","?","M","M","M","E","R","E","T","M","M","?","M","?","R","BOSS","M","M","M"],"build_version":"2019-01-23","purchased_purges":0,"victory":false,"max_hp_per_floor":[80,80,80,80,80,80,80,80,80,80,80,80,80,80,80,80,80,80,80,80],"card_choices":[{"not_picked":["Warcry","Twin Strike"],"picked":"True Grit","floor":1},{"not_picked":["Combust","Sever Soul"],"picked":"Armaments","floor":3},{"not_picked":["True Grit","Corruption"],"picked":"Spot Weakness","floor":4},{"not_picked":["Iron Wave","Brutality"],"picked":"Heavy Blade","floor":5},{"not_picked":["Clash","Clothesline"],"picked":"Ghostly Armor","floor":6},{"not_picked":["Iron Wave","Power Through"],"picked":"Anger","floor":8},{"not_picked":["Iron Wave","Feel No Pain"],"picked":"Thunderclap","floor":10},{"not_picked":["Rupture","Clothesline"],"picked":"Flex","floor":11},{"not_picked":["Clash","Body Slam"],"picked":"Barricade","floor":13},{"not_picked":["Entrench","Warcry"],"picked":"Heavy Blade","floor":14},{"not_picked":["Immolate","Impervious"],"picked":"Juggernaut","floor":16},{"not_picked":["Clash","Iron Wave"],"picked":"Cleave","floor":18},{"not_picked":["Anger","Shockwave"],"picked":"Second Wind","floor":19}],"player_experience":33145,"relics_obtained":[{"floor":6,"key":"Ornamental Fan"},{"floor":8,"key":"Ginger"},{"floor":9,"key":"Gremlin Horn"}],"event_choices":[{"damage_healed":0,"gold_gain":0,"player_choice":"Ignored","damage_taken":0,"max_hp_gain":0,"max_hp_loss":0,"event_name":"Golden Wing","floor":2,"gold_loss":0},{"damage_healed":0,"gold_gain":0,"player_choice":"Trade","damage_taken":0,"relics_obtained":["CultistMask"],"max_hp_gain":0,"max_hp_loss":0,"event_name":"FaceTrader","floor":12,"gold_loss":0}],"is_beta":false,"boss_relics":[{"not_picked":["Fusion Hammer","Calling Bell"],"picked":"Black Blood"}],"items_purged_floors":[],"is_endless":false,"potions_floor_spawned":[3,4,5,8,16,19],"killed_by":"Snake Plant","ascension_level":0}