{"gold_per_floor":[114,114,127,140,151,151,151,163,186,203,203,45,65,83,83,186,186,199,199,199,211,230,230,180,180,180,210,210,210],"floor_reached":29,"playtime":1008,"items_purged":[],"score":237,"play_id":"e51a9ba5-c000-4722-9bc1-e18e58aa72be","local_time":"20180906184242","is_ascension_mode":false,"campfire_choices":[{"data":"Lockon","floor":6,"key":"SMITH"},{"floor":11,"key":"REST"},{"data":"Defragment","floor":15,"key":"SMITH"},{"floor":23,"key":"REST"},{"floor":25,"key":"REST"}],"neow_cost":"NONE","seed_source_timestamp":33535779304956,"circlet_count":0,"master_deck":["Strike_B","Strike_B","Strike_B","Strike_B","Defend_B","Defend_B","Defend_B","Defend_B","Zap","Dualcast","Genetic Algorithm","Zap","Redo","Lockon+1","Steam","BootSequence","Sweeping Beam","Electrodynamics","Defragment+1","Defragment","Thunder Strike","Static Discharge","Redo+1","Redo","Defragment+1"],"relics":["Cracked Core","NeowsBlessing","Dream Catcher","Fusion Hammer","Matryoshka","Oddly Smooth Stone"],"potions_floor_usage":[],"damage_taken":[{"damage":0,"enemies":"Small Slimes","floor":1,"turns":1},{"damage":0,"enemies":"Cultist","floor":3,"turns":1},{"damage":0,"enemies":"Jaw Worm","floor":4,"turns":1},{"damage":8,"enemies":"Red Slaver","floor":5,"turns":2},{"damage":2,"enemies":"3 Louse","floor":8,"turns":3},{"damage":12,"enemies":"2 Fungi Beasts","floor":10,"turns":3},{"damage":9,"enemies":"Exordium Thugs","floor":13,"turns":3},{"damage":7,"enemies":"Blue Slaver","floor":14,"turns":3},{"damage":5,"enemies":"Slime Boss","floor":16,"turns":6},{"damage":22,"enemies":"3 Byrds","floor":18,"turns":4},{"damage":15,"enemies":"Shell Parasite","floor":21,"turns":5},{"damage":9,"enemies":"Centurion and Healer","floor":22,"turns":5},{"damage":50,"enemies":"Gremlin Leader","floor":27,"turns":5},{"damage":8,"enemies":"Colosseum Slavers","floor":29,"turns":1}],"seed_played":"-6284003513474497460","potions_obtained":[{"floor":3,"key":"Strength Potion"},{"floor":4,"key":"Swift Potion"},{"floor":13,"key":"FearPotion"}],"is_trial":false,"path_per_floor":["M","?","M","M","M","R","?","M","T","M","R","$","M","M","R","B",null,"M","?","$","M","M","R","?","R","T","E","$"],"character_chosen":"DEFECT","items_purchased":["Electrodynamics"],"campfire_rested":3,"item_purchase_floors":[12],"current_hp_per_floor":[75,75,75,75,67,67,60,58,58,46,68,68,59,52,52,47,75,53,37,37,22,13,35,35,57,57,7,7,0],"gold":210,"neow_bonus":"THREE_ENEMY_KILL","is_prod":false,"is_daily":false,"chose_seed":false,"campfire_upgraded":2,"win_rate":0.0,"timestamp":1536255762,"path_taken":["M","?","?","M","M","R","?","?","T","M","R","$","M","?","R","BOSS","M","?","$","M","M","R","?","R","T","E","$","?"],"build_version":"2018-08-30","purchased_purges":0,"victory":false,"max_hp_per_floor":[75,75,75,75,75,75,75,75,75,75,75,75,75,75,75,75,75,75,75,75,75,75,75,75,75,75,75,75,75],"card_choices":[{"not_picked":["Coolheaded","Recycle"],"picked":"Genetic Algorithm","floor":1},{"not_picked":["Barrage","Sweeping Beam"],"picked":"Redo","floor":3},{"not_picked":["Stack","Aggregate"],"picked":"Lockon","floor":4},{"not_picked":["Rebound","Gash"],"picked":"Steam","floor":5},{"not_picked":["Gash","Steam"],"picked":"BootSequence","floor":8},{"not_picked":["Genetic Algorithm","Barrage"],"picked":"Sweeping Beam","floor":10},{"not_picked":["Storm","Ball Lightning"],"picked":"Defragment","floor":13},{"not_picked":["Streamline","Thunder Strike"],"picked":"Defragment","floor":14},{"not_picked":["Meteor Strike","Reboot"],"picked":"Thunder Strike","floor":16},{"not_picked":["Conserve Battery+1","Fusion","Coolheaded"],"picked":"SKIP","floor":18},{"not_picked":["Force Field","Gash"],"picked":"Static Discharge","floor":21},{"not_picked":["Hologram","Coolheaded"],"picked":"Redo+1","floor":22},{"not_picked":["Coolheaded","Streamline"],"picked":"Redo","floor":25},{"not_picked":["Rip and Tear+1","Hologram"],"picked":"Defragment+1","floor":27}],"player_experience":136623,"relics_obtained":[{"floor":9,"key":"Dream Catcher"},{"floor":26,"key":"Matryoshka"},{"floor":27,"key":"Oddly Smooth Stone"}],"event_choices":[{"event_name":"Match and Keep!","player_choice":"1 cards matched","floor":2,"damage_taken":0},{"event_name":"Wheel of Change","player_choice":"Damage","floor":7,"damage_taken":0},{"event_name":"Cursed Tome","player_choice":"Obtained Book","floor":19,"damage_taken":0},{"event_name":"The Joust","player_choice":"Bet on Owner","floor":24,"damage_taken":0},{"event_name":"Colosseum","player_choice":"Fight","floor":29,"damage_taken":0}],"is_beta":false,"boss_relics":[{"not_picked":["Calling Bell","Orrery"],"picked":"Fusion Hammer"}],"items_purged_floors":[],"is_endless":false,"potions_floor_spawned":[3,4,13,16,18,27],"killed_by":"Colosseum Slavers","ascension_level":0}