{"path_per_floor":["M","M","M","M","M","E","?","?","T","M","R","$","E","$","R","B",null,"M","?","?","M","?","R","$","R","T","M","E","M","M","M","R","B",null,"M","?","M","M","$","R","M","R","T","R","E","R","M","?","R","B"],"character_chosen":"DEFECT","items_purchased":["Apotheosis","Cold Snap","Capacitor","Capacitor","Blizzard"],"gold_per_floor":[213,233,244,254,272,298,263,263,309,322,322,55,89,44,44,145,145,158,158,158,174,174,174,30,30,77,94,127,146,160,174,174,277,277,290,290,310,325,225,225,239,239,239,239,274,274,285,285,285,285],"floor_reached":51,"campfire_rested":1,"playtime":6115,"item_purchase_floors":[],"current_hp_per_floor":[70,69,69,61,52,42,60,45,45,48,48,48,33,33,33,29,75,61,61,61,46,46,46,46,46,46,44,44,51,48,48,48,48,75,62,52,53,29,29,51,51,51,51,51,54,54,62,62,62,35],"items_purged":["Injury","Strike_B"],"gold":285,"score":784,"play_id":"affeccf6-1093-4134-b6bc-d1687219dd25","local_time":"20180520034007","is_prod":false,"is_daily":false,"chose_seed":false,"is_ascension_mode":false,"campfire_upgraded":9,"timestamp":1526780407,"campfire_choices":[{"data":"Defragment","floor":11.0,"key":"SMITH"},{"data":"Apotheosis","floor":15.0,"key":"SMITH"},{"data":"White Noise","floor":23.0,"key":"SMITH"},{"data":"Blizzard","floor":25.0,"key":"SMITH"},{"data":"Zap","floor":32.0,"key":"SMITH"},{"floor":40,"key":"REST"},{"data":"Apotheosis","floor":42,"key":"SMITH"},{"data":"Consume","floor":44,"key":"SMITH"},{"data":"Amplify","floor":46,"key":"SMITH"},{"data":"Dualcast","floor":49,"key":"SMITH"}],"path_taken":["M","M","M","M","M","E","?","?","T","M","R","$","E","?","R","BOSS","M","?","?","?","?","R","$","R","T","M","E","?","M","M","R","BOSS","M","?","?","M","$","R","M","R","T","R","E","R","M","?","R","BOSS"],"build_version":"2018-05-18","seed_source_timestamp":0,"purchased_purges":2,"victory":true,"master_deck":["Strike_B+1","Strike_B","Strike_B+1","Defend_B+1","Defend_B+1","Defend_B","Zap+1","Dualcast+1","Coolheaded","Defragment+1","Capacitor","Loop+1","White Noise+1","Apotheosis+1","Cold Snap","Capacitor","Cold Snap","Capacitor","Seek","Consume+1","Cold Snap+1","Blizzard+1","Chill+1","Capacitor+1","Storm+1","Coolheaded","Amplify+1","Consume+1","Apotheosis+1","Cold Snap+1","Coolheaded+1","White Noise+1"],"max_hp_per_floor":[75,75,75,75,75,75,75,75,75,75,75,75,75,75,75,75,75,75,75,75,75,75,75,75,75,75,75,75,75,75,75,75,75,75,75,75,75,75,75,75,75,75,75,75,75,75,75,75,75,75],"relics":["Cracked Core","Whetstone","Oddly Smooth Stone","Centennial Puzzle","Nuclear Battery","Orichalcum","Bag of Preparation","Runic Dome","Bottled Tornado","Art of War"],"card_choices":[{"not_picked":["Axe Kick","Hologram","Skim"],"picked":"SKIP","floor":1.0},{"not_picked":["Ball Lightning","Beam Cell"],"picked":"Coolheaded","floor":2.0},{"not_picked":["Blizzard","Streamline"],"picked":"Defragment","floor":3.0},{"not_picked":["Echo Form","Genetic Algorithm"],"picked":"Capacitor","floor":4.0},{"not_picked":["Coolheaded","Self Repair"],"picked":"Loop","floor":5.0},{"not_picked":["Conserve Battery","Hologram","Ball Lightning"],"picked":"SKIP","floor":6.0},{"not_picked":["Self Repair","Leap"],"picked":"White Noise","floor":10.0},{"not_picked":["Darkness","Gash"],"picked":"Cold Snap","floor":13.0},{"not_picked":["Hyperbeam","Reboot"],"picked":"Seek","floor":16.0},{"not_picked":["Static Discharge+1","Rip and Tear+1"],"picked":"Consume","floor":18.0},{"not_picked":["Static Discharge","Skim"],"picked":"Cold Snap+1","floor":21.0},{"not_picked":["Beam Cell+1","Fusion"],"picked":"Chill+1","floor":27.0},{"not_picked":["Go for the Eyes+1","Stack"],"picked":"Capacitor+1","floor":28.0},{"not_picked":["Lockon+1","Skim"],"picked":"Storm+1","floor":29.0},{"not_picked":["Seek","Barrage","Streamline"],"picked":"SKIP","floor":30.0},{"not_picked":["Streamline+1","Turbo"],"picked":"Coolheaded","floor":31.0},{"not_picked":["Creative AI","Multi-Cast"],"picked":"Amplify","floor":33.0},{"not_picked":["Coolheaded+1","Cold Snap+1"],"picked":"Consume","floor":35},{"not_picked":["Panache","Good Instincts"],"picked":"Apotheosis","floor":36},{"not_picked":["Rip and Tear+1","Stack+1","Go for the Eyes"],"picked":"SKIP","floor":37},{"not_picked":["Barrage","Loop"],"picked":"Cold Snap+1","floor":38},{"not_picked":["BootSequence","FTL"],"picked":"Coolheaded+1","floor":41},{"not_picked":["Steam","Conserve Battery+1","FTL"],"picked":"SKIP","floor":45},{"not_picked":["Leap+1","Loop"],"picked":"White Noise+1","floor":47}],"player_experience":111323,"potions_floor_usage":[37,45,50,50,50],"damage_taken":[{"damage":5.0,"enemies":"Small Slimes","floor":1.0,"turns":3.0},{"damage":1.0,"enemies":"Jaw Worm","floor":2.0,"turns":4.0},{"damage":0.0,"enemies":"2 Louse","floor":3.0,"turns":4.0},{"damage":8.0,"enemies":"Looter","floor":4.0,"turns":4.0},{"damage":9.0,"enemies":"Exordium Wildlife","floor":5.0,"turns":4.0},{"damage":10.0,"enemies":"3 Sentries","floor":6.0,"turns":10.0},{"damage":9.0,"enemies":"Blue Slaver","floor":10.0,"turns":4.0},{"damage":15.0,"enemies":"Lagavulin","floor":13.0,"turns":6.0},{"damage":4.0,"enemies":"Hexaghost","floor":16.0,"turns":9.0},{"damage":14.0,"enemies":"Spheric Guardian","floor":18.0,"turns":4.0},{"damage":15.0,"enemies":"Shell Parasite","floor":21.0,"turns":4.0},{"damage":2.0,"enemies":"Snecko","floor":27.0,"turns":6.0},{"damage":0.0,"enemies":"Gremlin Leader","floor":28.0,"turns":9.0},{"damage":0.0,"enemies":"Centurion and Healer","floor":29.0,"turns":8.0},{"damage":3.0,"enemies":"Snake Plant","floor":30.0,"turns":3.0},{"damage":0.0,"enemies":"Chosen and Byrds","floor":31.0,"turns":5.0},{"damage":0.0,"enemies":"Automaton","floor":33.0,"turns":9.0},{"damage":13,"enemies":"3 Darklings","floor":35,"turns":5},{"damage":8,"enemies":"Flame Bruiser 1 Orb","floor":37,"turns":4},{"damage":24,"enemies":"3 Darklings","floor":38,"turns":4},{"damage":0,"enemies":"Sphere and 2 Shapes","floor":41,"turns":3},{"damage":12,"enemies":"Nemesis","floor":45,"turns":6},{"damage":6,"enemies":"Spire Growth","floor":47,"turns":3},{"damage":27,"enemies":"Awakened One","floor":50,"turns":9}],"relics_obtained":[{"floor":6.0,"key":"Whetstone"},{"floor":9.0,"key":"Oddly Smooth Stone"},{"floor":13.0,"key":"Centennial Puzzle"},{"floor":26.0,"key":"Orichalcum"},{"floor":28.0,"key":"Bag of Preparation"},{"floor":43,"key":"Bottled Tornado"},{"floor":45,"key":"Art of War"}],"event_choices":[{"event_name":"The Cleric","player_choice":"Healed","floor":7.0,"damage_taken":0.0},{"event_name":"Shining Light","player_choice":"Entered Light","floor":8.0,"damage_taken":0.0},{"event_name":"Upgrade Shrine","player_choice":"Upgraded","floor":19.0,"damage_taken":0.0},{"event_name":"Bonfire Elementals","player_choice":"BASIC","floor":20.0,"damage_taken":0.0},{"event_name":"Accursed Blacksmith","player_choice":"Forge","floor":22.0,"damage_taken":0.0},{"event_name":"SensoryStone","player_choice":"Memory 3","floor":36,"damage_taken":0},{"event_name":"The Lab","player_choice":"Got Potions","floor":48,"damage_taken":0}],"boss_relics":[{"not_picked":["Sozu","Orrery"],"picked":"Runic Dome"}],"items_purged_floors":[],"potions_floor_spawned":[6,10,13,16,18,21,28,30,35,37,41],"seed_played":"-2264484207491174814","ascension_level":0,"potions_obtained":[{"floor":6.0,"key":"Regen Potion"},{"floor":10.0,"key":"FocusPotion"},{"floor":13.0,"key":"EssenceOfSteel"},{"floor":16.0,"key":"PowerPotion"},{"floor":18.0,"key":"SteroidPotion"},{"floor":21.0,"key":"SteroidPotion"},{"floor":28.0,"key":"Energy Potion"},{"floor":30.0,"key":"Regen Potion"},{"floor":35,"key":"SteroidPotion"},{"floor":37,"key":"SteroidPotion"},{"floor":41,"key":"Regen Potion"},{"floor":48,"key":"PowerPotion"},{"floor":48,"key":"PowerPotion"},{"floor":48,"key":"FocusPotion"}],"is_trial":false}