{"gold_per_floor":[109,109,128,128,151,151,176,176,199,238,218,242,145,145,145,275,275,300,300,300,5,5,48,48,48,73,73,86,127,127,127,127,258,296,312,325,325,341,674,674,694,722,799,799,799,799,799,42,42,42],"floor_reached":51,"playtime":2294,"items_purged":["Injury","Clumsy"],"score":913,"play_id":"26eb57cb-20bd-40d3-b9f2-1e8d4ac81371","local_time":"20180624193441","is_ascension_mode":true,"campfire_choices":[{"floor":6.0,"key":"REST"},{"data":"Defragment","floor":8.0,"key":"SMITH"},{"floor":15.0,"key":"REST"},{"data":"Machine Learning","floor":27.0,"key":"SMITH"},{"floor":30.0,"key":"REST"},{"floor":32.0,"key":"REST"},{"floor":40,"key":"REST"},{"floor":44,"key":"REST"},{"floor":46,"key":"REST"},{"floor":49,"key":"REST"}],"neow_cost":"","seed_source_timestamp":0,"circlet_count":0,"master_deck":["Strike_B+1","Strike_B+1","Strike_B+1","Strike_B+1","Defend_B+1","Defend_B+1","Defend_B+1","Zap","Dualcast","Machine Learning+1","Defragment+1","Melter+1","Sweeping Beam","Cold Snap","Electrodynamics","Cold Snap","Leap","Loop","Chill","Machine Learning","Go for the Eyes","Capacitor+1","Zap","Buffer"],"special_seed":0,"relics":["Cracked Core","Bag of Marbles","Juzu Bracelet","Pen Nib","Nuclear Battery","Nilry\u0027s Codex","Emotion Chip","Kunai","Blood Vial","Singing Bowl","Tiny House","Bronze Scales","Cables","Ice Cream","Lantern","Blue Candle","Potion Belt"],"potions_floor_usage":[50,50],"damage_taken":[{"damage":7.0,"enemies":"Jaw Worm","floor":1.0,"turns":3.0},{"damage":1.0,"enemies":"Cultist","floor":3.0,"turns":4.0},{"damage":0.0,"enemies":"Small Slimes","floor":5.0,"turns":2.0},{"damage":1.0,"enemies":"2 Fungi Beasts","floor":7.0,"turns":2.0},{"damage":7.0,"enemies":"3 Sentries","floor":10.0,"turns":7.0},{"damage":7.0,"enemies":"Looter","floor":12.0,"turns":3.0},{"damage":18.0,"enemies":"The Guardian","floor":16.0,"turns":10.0},{"damage":0.0,"enemies":"Spheric Guardian","floor":18.0,"turns":2.0},{"damage":12.0,"enemies":"Book of Stabbing","floor":23.0,"turns":4.0},{"damage":30.0,"enemies":"2 Thieves","floor":28.0,"turns":3.0},{"damage":5.0,"enemies":"Slavers","floor":29.0,"turns":5.0},{"damage":55.0,"enemies":"Collector","floor":33.0,"turns":10.0},{"damage":31,"enemies":"3 Darklings","floor":35,"turns":3},{"damage":20,"enemies":"3 Shapes","floor":36,"turns":4},{"damage":22,"enemies":"Maw","floor":38,"turns":10},{"damage":3,"enemies":"Sphere and 2 Shapes","floor":41,"turns":2},{"damage":52,"enemies":"Nemesis","floor":42,"turns":7},{"damage":43,"enemies":"Awakened One","floor":50,"turns":13}],"seed_played":"-4698880126026355002","potions_obtained":[{"floor":1.0,"key":"PowerPotion"},{"floor":3.0,"key":"Block Potion"},{"floor":7.0,"key":"PowerPotion"},{"floor":11.0,"key":"FocusPotion"},{"floor":12.0,"key":"FocusPotion"},{"floor":16.0,"key":"Weak Potion"},{"floor":23.0,"key":"Explosive Potion"},{"floor":34,"key":"GamblersBrew"},{"floor":35,"key":"FocusPotion"}],"is_trial":false,"path_per_floor":["M","?","M","?","M","R","M","R","T","E","?","M","$","?","R","B",null,"M","?","?","$","?","E","?","?","T","R","M","E","R","$","R","B",null,"M","M","?","M","?","R","M","E","T","R","T","R","?","$","R","B"],"character_chosen":"DEFECT","items_purchased":["Leap","Emotion Chip","Lantern","Dexterity Potion","Blue Candle","Potion Belt","Energy Potion"],"campfire_rested":8,"item_purchase_floors":[],"current_hp_per_floor":[31,31,30,18,18,40,39,39,39,32,32,25,25,25,47,29,75,75,59,59,59,59,47,47,47,47,47,19,18,41,41,64,11,82,53,37,37,26,26,52,51,3,3,30,30,57,57,57,84,43],"gold":42,"neow_bonus":"","is_prod":false,"is_daily":false,"chose_seed":false,"campfire_upgraded":2,"win_rate":0,"timestamp":1529894081,"path_taken":["M","?","M","?","?","R","M","R","T","E","?","M","?","?","R","BOSS","M","?","?","$","?","E","?","?","T","R","M","E","R","$","R","BOSS","M","M","?","M","?","R","M","E","T","R","?","R","?","$","R","BOSS"],"build_version":"2018-06-21v2","purchased_purges":2,"victory":true,"max_hp_per_floor":[75,75,75,75,75,75,75,75,75,75,75,75,75,75,75,75,75,75,75,75,75,75,75,75,75,75,75,75,77,77,77,77,77,82,84,86,86,88,88,88,88,90,90,90,90,90,90,90,90,90],"card_choices":[{"not_picked":["Seek","Echo Form"],"picked":"Machine Learning","floor":0.0},{"not_picked":["Gash","Reprogram"],"picked":"Defragment","floor":1.0},{"not_picked":["Steam","Beam Cell"],"picked":"Melter","floor":3.0},{"not_picked":["Steam","Stack"],"picked":"Sweeping Beam","floor":5.0},{"not_picked":["Storm","Stack"],"picked":"Cold Snap","floor":7.0},{"not_picked":["Steam Power","Gash"],"picked":"Electrodynamics","floor":10.0},{"not_picked":["Melter","Undo"],"picked":"Cold Snap","floor":12.0},{"not_picked":["Turbo","Leap+1"],"picked":"Loop","floor":18.0},{"not_picked":["Sweeping Beam","Compile Driver","Auto Shields"],"picked":"SKIP","floor":23.0},{"not_picked":["Barrage","Stack"],"picked":"Chill","floor":28.0},{"not_picked":["Aggregate","Beam Cell+1","Heatsinks"],"picked":"Singing Bowl","floor":29.0},{"not_picked":["Thunder Strike","Seek"],"picked":"Machine Learning","floor":33.0},{"not_picked":["Ball Lightning+1","Rip and Tear"],"picked":"Go for the Eyes","floor":34},{"not_picked":["Stack","Consume+1","Rebound+1"],"picked":"Singing Bowl","floor":35},{"not_picked":["Tempest","Compile Driver","Reprogram+1"],"picked":"Singing Bowl","floor":36},{"not_picked":["Force Field","Rebound","Hologram+1"],"picked":"Singing Bowl","floor":38},{"not_picked":["Ball Lightning+1","Undo"],"picked":"Capacitor+1","floor":41},{"not_picked":["Ball Lightning","Go for the Eyes+1","Glacier"],"picked":"Singing Bowl","floor":42}],"player_experience":323627,"relics_obtained":[{"floor":9.0,"key":"Juzu Bracelet"},{"floor":10.0,"key":"Pen Nib"},{"floor":19.0,"key":"Nilry\u0027s Codex"},{"floor":23.0,"key":"Kunai"},{"floor":26.0,"key":"Blood Vial"},{"floor":29.0,"key":"Singing Bowl"},{"floor":42,"key":"Bronze Scales"},{"floor":43,"key":"Cables"},{"floor":45,"key":"Ice Cream"}],"event_choices":[{"event_name":"Golden Idol","player_choice":"Take Wound","floor":2.0,"damage_taken":0.0},{"event_name":"Scrap Ooze","player_choice":"success","floor":4.0,"damage_taken":12.0},{"event_name":"The Woman in Blue","player_choice":"Bought 1 Potion","floor":11.0,"damage_taken":0.0},{"event_name":"Transmorgrifier","player_choice":"Transform","floor":14.0,"damage_taken":0.0},{"event_name":"Cursed Tome","player_choice":"Obtained Book","floor":19.0,"damage_taken":0.0},{"event_name":"Vampires","player_choice":"Ignored","floor":20.0,"damage_taken":0.0},{"event_name":"Drug Dealer","player_choice":"Ignored","floor":22.0,"damage_taken":0.0},{"event_name":"Beggar","player_choice":"Ignored","floor":24.0,"damage_taken":0.0},{"event_name":"Back to Basics","player_choice":"Simplicity","floor":25.0,"damage_taken":0.0},{"event_name":"Falling","player_choice":"Removed Attack","floor":37,"damage_taken":0},{"event_name":"The Moai Head","player_choice":"Gave Idol","floor":39,"damage_taken":0},{"event_name":"Match and Keep!","player_choice":"3 cards matched","floor":47,"damage_taken":0}],"boss_relics":[{"not_picked":["Ectoplasm","Snecko Eye"],"picked":"Nuclear Battery"},{"not_picked":["Philosopher\u0027s Stone","Runic Dome"],"picked":"Tiny House"}],"items_purged_floors":[],"is_endless":false,"potions_floor_spawned":[1,3,7,12,16,23,28,35],"ascension_level":4}