{"gold_per_floor":[109,27,27,42,60,89,89,99,179,179,179,192,225,240,240,336,336,348,363,382,68,87,87],"floor_reached":23,"playtime":2767,"items_purged":[],"score":253,"play_id":"225809a1-5953-47fe-8ee1-b98baa5ca9eb","local_time":"20190317151539","is_ascension_mode":true,"campfire_choices":[{"data":"1","floor":7,"key":"LIFT"},{"data":"2","floor":11,"key":"LIFT"},{"data":"3","floor":15,"key":"LIFT"}],"neow_cost":"NONE","seed_source_timestamp":109798822424558,"circlet_count":0,"master_deck":["Strike_B","Strike_B","Strike_B","Strike_B","Defend_B","Defend_B","Defend_B","Defend_B","Zap+1","Dualcast","Reprogram","Dramatic Entrance","Melter","Recycle","Buffer+1","Rip and Tear","Loop","Consume","Conserve Battery","Machine Learning","Cold Snap","Beam Cell","All For One","Swift Strike","Self Repair"],"relics":["Cracked Core","Girya","Pen Nib","Mummified Hand","Kunai","Coffee Dripper"],"potions_floor_usage":[6,16,16,22,23],"damage_taken":[{"damage":1,"enemies":"2 Louse","floor":1,"turns":3},{"damage":12,"enemies":"Small Slimes","floor":4,"turns":2},{"damage":1,"enemies":"Cultist","floor":5,"turns":3},{"damage":30,"enemies":"3 Sentries","floor":6,"turns":9},{"damage":0,"enemies":"Large Slime","floor":8,"turns":3},{"damage":0,"enemies":"3 Louse","floor":12,"turns":2},{"damage":0,"enemies":"Gremlin Nob","floor":13,"turns":4},{"damage":0,"enemies":"Exordium Thugs","floor":14,"turns":3},{"damage":14,"enemies":"Hexaghost","floor":16,"turns":8},{"damage":1,"enemies":"Spheric Guardian","floor":18,"turns":4},{"damage":0,"enemies":"Chosen","floor":19,"turns":3},{"damage":6,"enemies":"3 Cultists","floor":20,"turns":5},{"damage":27,"enemies":"Shelled Parasite and Fungi","floor":22,"turns":4},{"damage":58,"enemies":"Gremlin Leader","floor":23,"turns":7}],"seed_played":"-8830867479871406896","potions_obtained":[{"floor":4,"key":"Dexterity Potion"},{"floor":5,"key":"Energy Potion"},{"floor":8,"key":"SpeedPotion"},{"floor":14,"key":"Weak Potion"},{"floor":19,"key":"Swift Potion"}],"is_trial":false,"path_per_floor":["M","$","?","M","M","E","R","M","T","?","R","M","E","M","R","B",null,"M","M","M","$","M","E"],"character_chosen":"DEFECT","items_purchased":["Dramatic Entrance","All For One","Swift Strike","Self Repair"],"campfire_rested":0,"item_purchase_floors":[2,21,21,21],"current_hp_per_floor":[74,74,71,59,58,28,28,28,28,28,28,28,28,28,28,14,75,74,74,68,68,48,0],"gold":87,"neow_bonus":"UPGRADE_CARD","is_prod":false,"is_daily":false,"chose_seed":false,"campfire_upgraded":0,"win_rate":0,"timestamp":1552860939,"path_taken":["M","$","?","M","M","E","R","M","T","?","R","M","E","M","R","BOSS","M","M","M","$","M","E"],"build_version":"2019-01-23","purchased_purges":0,"victory":false,"max_hp_per_floor":[75,75,75,75,75,75,75,75,75,75,75,75,75,75,75,75,75,75,75,75,75,75,75],"card_choices":[{"not_picked":["Compile Driver","Ball Lightning"],"picked":"Reprogram","floor":1},{"not_picked":["Ball Lightning","Redo"],"picked":"Melter","floor":4},{"not_picked":["Stack","Auto Shields"],"picked":"Recycle","floor":5},{"not_picked":["Turbo","Chaos"],"picked":"Buffer","floor":6},{"not_picked":["Aggregate","Self Repair"],"picked":"Rip and Tear","floor":8},{"not_picked":["Self Repair","BootSequence"],"picked":"Loop","floor":12},{"not_picked":["Ball Lightning","Coolheaded"],"picked":"Consume","floor":13},{"not_picked":["Streamline","Coolheaded"],"picked":"Conserve Battery","floor":14},{"not_picked":["Meteor Strike","Reboot"],"picked":"Machine Learning","floor":16},{"not_picked":["Double Energy","Rebound+1"],"picked":"Cold Snap","floor":18},{"not_picked":["Undo","Conserve Battery"],"picked":"Beam Cell","floor":19},{"not_picked":["Go for the Eyes","Turbo","Redo"],"picked":"SKIP","floor":20},{"not_picked":["Rip and Tear","Cold Snap+1","Genetic Algorithm"],"picked":"SKIP","floor":22}],"player_experience":189737,"relics_obtained":[{"floor":6,"key":"Pen Nib"},{"floor":9,"key":"Mummified Hand"},{"floor":13,"key":"Kunai"}],"event_choices":[{"damage_healed":0,"gold_gain":0,"player_choice":"Success","damage_taken":3,"relics_obtained":["Girya"],"max_hp_gain":0,"max_hp_loss":0,"event_name":"Scrap Ooze","floor":3,"gold_loss":0},{"damage_healed":0,"gold_gain":0,"player_choice":"Grow","damage_taken":0,"max_hp_gain":0,"max_hp_loss":0,"event_name":"Living Wall","floor":10,"gold_loss":0,"cards_upgraded":["Buffer"]}],"is_beta":false,"boss_relics":[{"not_picked":["Empty Cage","Tiny House"],"picked":"Coffee Dripper"}],"items_purged_floors":[],"is_endless":false,"potions_floor_spawned":[4,5,8,14,19],"killed_by":"Gremlin Leader","ascension_level":2}