{"path_per_floor":["M","?","?","?","M","E","R","M","T","?","E","M","R","M","R","B",null,"M","M","$","?","M","R","M","R","T","R","M","E","M","$","R","B",null,"M","M","M","?","$","E","R","?","T","M","E","R","$","M","R"],"character_chosen":"THE_SILENT","items_purchased":["War Paint","Caltrops","Footwork","Infinite Blades","Apotheosis","PiercingWail"],"gold_per_floor":[110,110,60,60,78,108,108,123,123,123,151,167,167,182,182,281,281,293,309,127,127,147,147,165,165,165,165,185,218,232,49,49,150,150,166,180,198,198,118,147,147,147,174,192,221,221,23,38,38,38],"floor_reached":50,"campfire_rested":4,"playtime":3879,"item_purchase_floors":[20,31,31,31,47,47],"current_hp_per_floor":[63,68,68,68,68,68,68,60,60,60,55,55,55,55,55,36,65,64,51,51,51,38,60,56,56,56,56,56,46,39,39,61,3,57,57,49,32,66,66,52,52,52,52,52,16,35,35,3,22,0],"items_purged":["Defend_G","Regret"],"gold":38,"score":916,"play_id":"e249b2cd-3035-4747-9cc8-f5fca3407a9e","local_time":"20180601195537","is_prod":false,"is_daily":false,"chose_seed":false,"is_ascension_mode":true,"campfire_upgraded":5,"win_rate":0,"timestamp":1527908137,"campfire_choices":[{"data":"Bouncing Flask","floor":7,"key":"SMITH"},{"data":"Malaise","floor":13,"key":"SMITH"},{"data":"Mind Blast","floor":15,"key":"SMITH"},{"floor":23,"key":"REST"},{"data":"Noxious Fumes","floor":25,"key":"SMITH"},{"data":"1","floor":27,"key":"LIFT"},{"floor":32,"key":"REST"},{"data":"A Thousand Cuts","floor":41,"key":"SMITH"},{"floor":46,"key":"REST"},{"floor":49,"key":"REST"}],"path_taken":["M","?","?","?","M","E","R","M","T","?","E","M","R","M","R","BOSS","M","M","$","?","M","R","M","R","T","R","M","E","M","$","R","BOSS","M","M","M","?","$","E","R","?","T","M","E","R","?","M","R","BOSS"],"build_version":"2018-05-31","seed_source_timestamp":350391586631284,"purchased_purges":2,"victory":false,"master_deck":["Defend_G","Defend_G+1","Defend_G","Defend_G+1","Strike_G","Strike_G","Strike_G","Survivor","Neutralize","AscendersBane","Dagger Spray","Bouncing Flask+1","Malaise+1","Cloak And Dagger","Mind Blast+1","Cloak And Dagger","Prepared","Dodge and Roll","Die Die Die","Blade Dance","Deadly Poison+1","PiercingWail","Noxious Fumes+1","Catalyst","Cloak And Dagger","Caltrops","Footwork","Infinite Blades","A Thousand Cuts+1","Writhe","Injury","PiercingWail+1","Malaise","Backflip","Apotheosis","PiercingWail"],"max_hp_per_floor":[70,75,75,75,75,75,75,75,75,75,75,75,75,75,75,75,75,75,75,75,75,75,75,75,75,75,75,75,75,75,75,75,75,75,75,75,75,66,66,66,66,66,66,66,66,66,66,66,66,66],"relics":["Ring of the Snake","NeowsBlessing","The Courier","Letter Opener","Mummified Hand","Tough Bandages","Sozu","War Paint","Girya","Oddly Smooth Stone","Calling Bell","Anchor","Gremlin Horn","Sundial","Bronze Scales","Happy Flower","Smiling Mask"],"card_choices":[{"not_picked":["Underhanded Strike","Slice"],"picked":"Dagger Spray","floor":1},{"not_picked":["Deadly Poison","Cloak And Dagger"],"picked":"Bouncing Flask","floor":5},{"not_picked":["Cloak And Dagger","Burst"],"picked":"Malaise","floor":6},{"not_picked":["Outmaneuver","Underhanded Strike"],"picked":"Cloak And Dagger","floor":8},{"not_picked":["Poisoned Stab","Choke"],"picked":"Cloak And Dagger","floor":11},{"not_picked":["Dagger Throw","Slice"],"picked":"Prepared","floor":12},{"not_picked":["Deadly Poison","Outmaneuver"],"picked":"Dodge and Roll","floor":14},{"not_picked":["Venomology","Burst"],"picked":"Die Die Die","floor":16},{"not_picked":["PiercingWail","Finisher"],"picked":"Blade Dance","floor":18},{"not_picked":["Outmaneuver","Crippling Poison"],"picked":"Deadly Poison+1","floor":19},{"not_picked":["Dagger Spray","Concentrate"],"picked":"PiercingWail","floor":22},{"not_picked":["Dagger Spray","Predator"],"picked":"Noxious Fumes","floor":24},{"not_picked":["Finisher","Glass Knife"],"picked":"Catalyst","floor":28},{"not_picked":["Poisoned Stab","Concentrate","Dagger Spray"],"picked":"SKIP","floor":29},{"not_picked":["Heel Hook","Slice"],"picked":"Cloak And Dagger","floor":30},{"not_picked":["Unload","Tools of the Trade"],"picked":"A Thousand Cuts","floor":33},{"not_picked":["Underhanded Strike+1","Acrobatics","Deadly Poison"],"picked":"SKIP","floor":35},{"not_picked":["Bane","Poisoned Stab"],"picked":"PiercingWail+1","floor":36},{"not_picked":["Eviscerate+1","Blur","Underhanded Strike+1"],"picked":"SKIP","floor":37},{"not_picked":["Setup","Venomology"],"picked":"Malaise","floor":40},{"not_picked":["Finisher+1","Deflect","Deadly Poison+1"],"picked":"SKIP","floor":44},{"not_picked":["Quick Slash","Deflect"],"picked":"Backflip","floor":45},{"not_picked":["Crippling Poison","Well Laid Plans","Bane"],"picked":"SKIP","floor":48}],"player_experience":289673,"potions_floor_usage":[16,29],"damage_taken":[{"damage":0,"enemies":"Small Slimes","floor":1,"turns":1},{"damage":0,"enemies":"2 Louse","floor":5,"turns":1},{"damage":0,"enemies":"Gremlin Nob","floor":6,"turns":1},{"damage":8,"enemies":"Jaw Worm","floor":8,"turns":2},{"damage":5,"enemies":"Lagavulin","floor":11,"turns":6},{"damage":0,"enemies":"2 Fungi Beasts","floor":12,"turns":4},{"damage":0,"enemies":"Gremlin Gang","floor":14,"turns":4},{"damage":19,"enemies":"Slime Boss","floor":16,"turns":12},{"damage":1,"enemies":"Chosen","floor":18,"turns":5},{"damage":13,"enemies":"Spheric Guardian","floor":19,"turns":4},{"damage":13,"enemies":"Centurion and Healer","floor":22,"turns":5},{"damage":4,"enemies":"Snecko","floor":24,"turns":5},{"damage":0,"enemies":"Snake Plant","floor":28,"turns":5},{"damage":10,"enemies":"Slavers","floor":29,"turns":5},{"damage":7,"enemies":"Centurion and Healer","floor":30,"turns":6},{"damage":58,"enemies":"Collector","floor":33,"turns":9},{"damage":0,"enemies":"Orb Walker","floor":35,"turns":3},{"damage":8,"enemies":"3 Shapes","floor":36,"turns":3},{"damage":17,"enemies":"Maw","floor":37,"turns":8},{"damage":14,"enemies":"Nemesis","floor":40,"turns":7},{"damage":0,"enemies":"4 Shapes","floor":44,"turns":4},{"damage":36,"enemies":"Giant Head","floor":45,"turns":8},{"damage":32,"enemies":"Sphere and 2 Shapes","floor":48,"turns":5},{"damage":22,"enemies":"Donu and Deca","floor":50,"turns":3}],"relics_obtained":[{"floor":6,"key":"Letter Opener"},{"floor":9,"key":"Mummified Hand"},{"floor":11,"key":"Tough Bandages"},{"floor":26,"key":"Girya"},{"floor":29,"key":"Oddly Smooth Stone"},{"floor":34,"key":"Anchor"},{"floor":34,"key":"Gremlin Horn"},{"floor":34,"key":"Sundial"},{"floor":40,"key":"Bronze Scales"},{"floor":43,"key":"Happy Flower"},{"floor":45,"key":"Smiling Mask"}],"event_choices":[{"event_name":"Big Fish","player_choice":"Donut","floor":2,"damage_taken":0},{"event_name":"The Cleric","player_choice":"Card Removal","floor":3,"damage_taken":0},{"event_name":"Accursed Blacksmith","player_choice":"Rummage","floor":4,"damage_taken":0},{"event_name":"Match and Keep!","player_choice":"1 cards matched","floor":10,"damage_taken":0},{"event_name":"Bonfire Elementals","player_choice":"BASIC","floor":21,"damage_taken":0},{"event_name":"The Moai Head","player_choice":"Heal","floor":38,"damage_taken":0},{"event_name":"The Lab","player_choice":"Got Potions","floor":42,"damage_taken":0}],"boss_relics":[{"not_picked":["Philosopher\u0027s Stone","Snecko Eye"],"picked":"Sozu"},{"not_picked":["Astrolabe","Eternal Feather"],"picked":"Calling Bell"}],"items_purged_floors":[20,39],"potions_floor_spawned":[5,11,22,24,28,44],"seed_played":"390621014696219333","killed_by":"Donu and Deca","ascension_level":12,"potions_obtained":[{"floor":5,"key":"GhostInAJar"},{"floor":11,"key":"PowerPotion"}],"is_trial":false}