{"gold_per_floor":[115,40,40,40,54,80,32,32,32,32,59,59,9,9,9,9],"floor_reached":16,"playtime":441,"items_purged":["Strike_B"],"score":206,"play_id":"f7f090cc-59d7-4a93-9a7e-96717c3579e2","local_time":"20180919135757","is_ascension_mode":true,"campfire_choices":[{"data":"Zap","floor":8,"key":"SMITH"},{"floor":12,"key":"REST"},{"floor":15,"key":"REST"}],"neow_cost":"NONE","seed_source_timestamp":350145775400385,"circlet_count":0,"master_deck":["Strike_B","Strike_B","Defend_B","Defend_B","Defend_B","Defend_B","Zap+1","Dualcast+1","AscendersBane","Auto Shields","Hologram","Steam","Go for the Eyes+1"],"relics":["Cracked Core","NeowsBlessing","Pen Nib","Strawberry","Molten Egg 2","Juzu Bracelet"],"potions_floor_usage":[11,11],"damage_taken":[{"damage":0,"enemies":"Jaw Worm","floor":1,"turns":1},{"damage":0,"enemies":"2 Louse","floor":5,"turns":1},{"damage":0,"enemies":"Lagavulin","floor":6,"turns":1},{"damage":48,"enemies":"Gremlin Nob","floor":11,"turns":5},{"damage":84,"enemies":"Hexaghost","floor":16,"turns":14}],"seed_played":"-4318053702137716082","potions_obtained":[{"floor":1,"key":"FearPotion"},{"floor":5,"key":"Block Potion"}],"is_trial":false,"path_per_floor":["M","$","?","?","M","E","?","R","T","?","E","R","?","$","R"],"character_chosen":"DEFECT","items_purchased":[],"campfire_rested":2,"item_purchase_floors":[],"current_hp_per_floor":[68,68,68,65,65,72,72,72,72,77,29,55,55,55,81,0],"gold":9,"neow_bonus":"THREE_ENEMY_KILL","is_prod":false,"is_daily":false,"chose_seed":false,"campfire_upgraded":1,"win_rate":0,"timestamp":1537358277,"path_taken":["M","$","?","?","M","E","?","R","T","?","E","R","?","$","R","BOSS"],"build_version":"2018-09-06","purchased_purges":1,"victory":false,"max_hp_per_floor":[75,75,75,75,75,82,82,82,82,87,87,87,87,87,87,87],"card_choices":[{"not_picked":["Compile Driver","Rebound"],"picked":"Auto Shields","floor":1},{"not_picked":["Coolheaded","Barrage"],"picked":"Hologram","floor":5},{"not_picked":["Go for the Eyes","Reprogram"],"picked":"Steam","floor":6},{"not_picked":["Storm","Coolheaded"],"picked":"Go for the Eyes+1","floor":11}],"player_experience":404831,"relics_obtained":[{"floor":6,"key":"Strawberry"},{"floor":9,"key":"Molten Egg 2"},{"floor":11,"key":"Juzu Bracelet"}],"event_choices":[{"event_name":"Living Wall","player_choice":"Grow","floor":3,"damage_taken":0},{"event_name":"Scrap Ooze","player_choice":"success","floor":4,"damage_taken":3},{"event_name":"World of Goop","player_choice":"Left","floor":7,"damage_taken":0},{"event_name":"Big Fish","player_choice":"Donut","floor":10,"damage_taken":0},{"event_name":"The Cleric","player_choice":"Card Removal","floor":13,"damage_taken":0}],"is_beta":false,"boss_relics":[],"items_purged_floors":[2],"is_endless":false,"potions_floor_spawned":[1,5,6],"killed_by":"Hexaghost","ascension_level":12}