{"path_per_floor":["M","?","M","M","M","E","R","E","T","$","R","M","M","M","R","B",null,"M","$","M","M","M","R","E","R","T","?","R","M","T","M","R","B",null,"M"],"character_chosen":"DEFECT","items_purchased":["Defragment","Bottled Tornado"],"gold_per_floor":[119,119,138,153,172,197,197,224,224,77,77,93,112,130,130,229,229,245,3,21,34,47,47,81,81,81,81,81,93,93,111,111,208,208,226,226],"floor_reached":36,"campfire_rested":3,"playtime":1586,"item_purchase_floors":[10,19],"current_hp_per_floor":[61,61,61,61,43,43,43,43,43,43,43,43,23,12,51,13,65,53,53,48,26,5,44,33,33,33,33,33,26,26,6,46,13,66,13,0],"items_purged":["Defend_B"],"gold":226,"score":571,"play_id":"6d84306a-8f49-4bbd-9abb-1a5f66435cfb","local_time":"20180603214548","is_prod":false,"is_daily":false,"chose_seed":false,"is_ascension_mode":true,"campfire_upgraded":4,"win_rate":0,"timestamp":1528076748,"campfire_choices":[{"data":"Sunder","floor":7,"key":"SMITH"},{"data":"Defragment","floor":11,"key":"SMITH"},{"floor":15,"key":"REST"},{"floor":23,"key":"REST"},{"data":"Defragment","floor":25,"key":"SMITH"},{"data":"Genetic Algorithm","floor":28,"key":"SMITH"},{"floor":32,"key":"REST"}],"path_taken":["M","?","M","M","M","E","R","E","T","$","R","M","M","M","R","BOSS","M","$","M","M","?","R","E","R","T","?","R","M","?","M","R","BOSS","M","M"],"build_version":"2018-05-30v2","seed_source_timestamp":127698415510379,"purchased_purges":1,"victory":false,"master_deck":["Strike_B","Strike_B","Strike_B","Strike_B","Defend_B","Defend_B","Defend_B","Zap+1","Dualcast","Double Energy","Sunder+1","FTL","Capacitor","Go for the Eyes","Leap","Defragment+1","Echo Form","Defragment+1","Steam Power","Core Surge","Genetic Algorithm+1","Static Discharge","Force Field","Go for the Eyes+1","Leap","Pain","Amplify"],"max_hp_per_floor":[75,75,75,75,75,82,82,82,82,82,82,82,82,82,82,82,82,82,82,82,82,82,82,82,82,82,82,82,82,82,84,84,84,84,86,86],"relics":["Cracked Core","DataDisk","Strawberry","Regal Pillow","Anchor","Cursed Key","Bottled Tornado","Smiling Mask","Question Card","Singing Bowl","Nuclear Battery"],"card_choices":[{"not_picked":["Heatsinks","Coolheaded"],"picked":"Double Energy","floor":1},{"not_picked":["Doom and Gloom","Streamline"],"picked":"Sunder","floor":3},{"not_picked":["Coolheaded","Streamline"],"picked":"FTL","floor":4},{"not_picked":["Force Field","Streamline"],"picked":"Capacitor","floor":5},{"not_picked":["Ball Lightning","Steam Power"],"picked":"Go for the Eyes","floor":6},{"not_picked":["Stack","Turbo"],"picked":"Leap","floor":8},{"not_picked":["Streamline","Sweeping Beam"],"picked":"Echo Form","floor":12},{"not_picked":["Go for the Eyes","Barrage"],"picked":"Defragment","floor":13},{"not_picked":["Aggregate","Barrage"],"picked":"Steam Power","floor":14},{"not_picked":["Rainbow","Electrodynamics"],"picked":"Core Surge","floor":16},{"not_picked":["Conserve Battery","Aggregate"],"picked":"Genetic Algorithm","floor":18},{"not_picked":["Gash","Fusion"],"picked":"Static Discharge","floor":20},{"not_picked":["Darkness","Gash+1"],"picked":"Force Field","floor":21},{"not_picked":["Steam","Scrape"],"picked":"Go for the Eyes+1","floor":22},{"not_picked":["All For One","Sweeping Beam+1","Hologram"],"picked":"SKIP","floor":24},{"not_picked":["Genetic Algorithm+1","Turbo","Gash"],"picked":"Leap","floor":29},{"not_picked":["Ball Lightning","Gash","Conserve Battery+1","Sweeping Beam"],"picked":"Singing Bowl","floor":31},{"not_picked":["Seek","Machine Learning","Buffer"],"picked":"Amplify","floor":33},{"not_picked":["Leap","Ball Lightning","Rebound+1","Consume"],"picked":"Singing Bowl","floor":35}],"player_experience":281173,"potions_floor_usage":[6,8,8,14,24,33],"damage_taken":[{"damage":7,"enemies":"Small Slimes","floor":1,"turns":3},{"damage":0,"enemies":"Cultist","floor":3,"turns":3},{"damage":0,"enemies":"2 Louse","floor":4,"turns":2},{"damage":18,"enemies":"Lots of Slimes","floor":5,"turns":3},{"damage":22,"enemies":"3 Sentries","floor":6,"turns":6},{"damage":0,"enemies":"Gremlin Nob","floor":8,"turns":2},{"damage":0,"enemies":"Exordium Wildlife","floor":12,"turns":2},{"damage":20,"enemies":"Gremlin Gang","floor":13,"turns":3},{"damage":11,"enemies":"Exordium Thugs","floor":14,"turns":3},{"damage":38,"enemies":"Hexaghost","floor":16,"turns":6},{"damage":12,"enemies":"2 Thieves","floor":18,"turns":4},{"damage":5,"enemies":"3 Byrds","floor":20,"turns":4},{"damage":22,"enemies":"Slaver and Parasite","floor":21,"turns":5},{"damage":21,"enemies":"Sentry and Sphere","floor":22,"turns":5},{"damage":11,"enemies":"Book of Stabbing","floor":24,"turns":6},{"damage":7,"enemies":"3 Cultists","floor":29,"turns":5},{"damage":22,"enemies":"Snecko","floor":31,"turns":5},{"damage":33,"enemies":"Champ","floor":33,"turns":10},{"damage":55,"enemies":"3 Darklings","floor":35,"turns":6},{"damage":14,"enemies":"Orb Walker","floor":36,"turns":3}],"relics_obtained":[{"floor":6,"key":"Strawberry"},{"floor":8,"key":"Regal Pillow"},{"floor":9,"key":"Anchor"},{"floor":24,"key":"Smiling Mask"},{"floor":26,"key":"Question Card"},{"floor":30,"key":"Singing Bowl"}],"event_choices":[{"event_name":"Upgrade Shrine","player_choice":"Upgraded","floor":2,"damage_taken":0},{"event_name":"Purifier","player_choice":"One Purge","floor":27,"damage_taken":0}],"boss_relics":[{"not_picked":["Tiny House","Inserter"],"picked":"Cursed Key"},{"not_picked":["Calling Bell","Black Star"],"picked":"Nuclear Battery"}],"items_purged_floors":[10],"potions_floor_spawned":[1,4,5,12,18,24,33],"seed_played":"-7924642482796635449","killed_by":"Orb Walker","ascension_level":7,"potions_obtained":[{"floor":1,"key":"Regen Potion"},{"floor":4,"key":"FearPotion"},{"floor":5,"key":"Block Potion"},{"floor":12,"key":"Swift Potion"},{"floor":18,"key":"EssenceOfSteel"},{"floor":24,"key":"Fire Potion"},{"floor":33,"key":"SpeedPotion"}],"is_trial":false}