{"gold_per_floor":[117,71,71,81,96,96,114,141,164,164,178,178,208,228,228,329,329,348,367,383,383,393,393,393],"floor_reached":24,"playtime":2246,"items_purged":[],"score":235,"play_id":"3968c86c-f5c2-4ae0-9ad9-ec0f305ae7a8","local_time":"20180624173707","is_ascension_mode":false,"campfire_choices":[{"data":"Inflame","floor":6,"key":"SMITH"},{"data":"Pummel","floor":10,"key":"SMITH"},{"floor":12,"key":"REST"},{"floor":15,"key":"REST"},{"data":"Pummel","floor":23,"key":"SMITH"}],"neow_cost":"","seed_source_timestamp":765454959658714,"circlet_count":0,"master_deck":["Defend_R","Defend_R","Defend_R","Bash","Inflame+1","Flex","Flex","Rage","Pummel+1","Thunderclap","Twin Strike","Pummel+1","Impervious","Bludgeon","Intimidate+1","Burning Pact+1","Burning Pact+1","Twin Strike","Anger+1","Iron Wave","Bite","Bite","Bite","Bite","Bite"],"relics":["Burning Blood","Orichalcum","Vajra","Pen Nib","Astrolabe"],"potions_floor_usage":[],"damage_taken":[{"damage":4,"enemies":"Small Slimes","floor":1,"turns":4},{"damage":6,"enemies":"Cultist","floor":4,"turns":3},{"damage":0,"enemies":"2 Louse","floor":5,"turns":4},{"damage":8,"enemies":"2 Fungi Beasts","floor":7,"turns":3},{"damage":38,"enemies":"3 Sentries","floor":8,"turns":9},{"damage":9,"enemies":"Red Slaver","floor":11,"turns":3},{"damage":17,"enemies":"Lagavulin","floor":13,"turns":4},{"damage":4,"enemies":"Looter","floor":14,"turns":2},{"damage":51,"enemies":"The Guardian","floor":16,"turns":6},{"damage":18,"enemies":"Spheric Guardian","floor":18,"turns":4},{"damage":10,"enemies":"Shell Parasite","floor":19,"turns":3},{"damage":4,"enemies":"Centurion and Healer","floor":20,"turns":3},{"damage":9,"enemies":"Snake Plant","floor":22,"turns":4},{"damage":69,"enemies":"Gremlin Leader","floor":24,"turns":5}],"seed_played":"-7762213437937985750","potions_obtained":[{"floor":1,"key":"Ancient Potion"},{"floor":11,"key":"Regen Potion"},{"floor":14,"key":"Ancient Potion"},{"floor":20,"key":"Block Potion"},{"floor":22,"key":"SteroidPotion"}],"is_trial":false,"path_per_floor":["M","$","?","M","M","R","M","E","T","R","M","R","E","M","R","B",null,"M","M","M","?","M","R"],"character_chosen":"IRONCLAD","items_purchased":["Flex"],"campfire_rested":2,"item_purchase_floors":[2],"current_hp_per_floor":[80,80,80,80,80,80,78,46,46,46,43,67,56,58,80,35,80,68,64,66,56,55,55,0],"gold":393,"neow_bonus":"","is_prod":false,"is_daily":false,"chose_seed":false,"campfire_upgraded":3,"win_rate":0.0,"timestamp":1529876227,"path_taken":["M","$","?","?","M","R","M","E","T","R","M","R","E","M","R","BOSS","M","M","M","?","M","R","E"],"build_version":"2018-06-21v2","purchased_purges":0,"victory":false,"max_hp_per_floor":[80,80,80,80,80,80,80,80,80,80,80,80,80,80,80,80,80,80,80,80,56,56,56,56],"card_choices":[{"not_picked":["Twin Strike","Body Slam"],"picked":"Inflame","floor":1},{"not_picked":["Sword Boomerang","Body Slam"],"picked":"Flex","floor":4},{"not_picked":["Flame Barrier","Corruption"],"picked":"Rage","floor":5},{"not_picked":["Iron Wave","Carnage"],"picked":"Pummel","floor":7},{"not_picked":["Clothesline","Twin Strike"],"picked":"Thunderclap","floor":8},{"not_picked":["Warcry","Rupture"],"picked":"Twin Strike","floor":11},{"not_picked":["Anger","Shrug It Off"],"picked":"Pummel","floor":13},{"not_picked":["Second Wind","Combust"],"picked":"Impervious","floor":14},{"not_picked":["Dark Embrace","Impervious"],"picked":"Bludgeon","floor":16},{"not_picked":["Clothesline","Power Through"],"picked":"Twin Strike","floor":18},{"not_picked":["Warcry+1","Infernal Blade"],"picked":"Anger+1","floor":19},{"not_picked":["True Grit+1","Entrench+1"],"picked":"Iron Wave","floor":20},{"not_picked":["Anger","Uppercut+1","Blood for Blood+1"],"picked":"SKIP","floor":22}],"player_experience":0,"relics_obtained":[{"floor":8,"key":"Orichalcum"},{"floor":9,"key":"Vajra"},{"floor":13,"key":"Pen Nib"}],"event_choices":[{"event_name":"The Cleric","player_choice":"Leave","floor":3,"damage_taken":0},{"event_name":"Vampires","player_choice":"Became a vampire","floor":21,"damage_taken":0}],"boss_relics":[{"not_picked":["Fusion Hammer","Eternal Feather"],"picked":"Astrolabe"}],"items_purged_floors":[],"is_endless":false,"potions_floor_spawned":[1,11,14,20,22],"killed_by":"Gremlin Leader","ascension_level":0}