{"gold_per_floor":[114,114,134,149,149,190,190,229,282,320,320,45,64,77,77,203,203,217,241,277,277,20,20,20,20,92,105,105,143,143,177,177,307,307,322,346,369,393,393,393,426,426,426,439,439,457,457,478,478,478],"floor_reached":51,"playtime":2690,"items_purged":[],"score":966,"play_id":"7cbc8fa9-ccaf-47c1-a10f-ad72fd9ee16c","local_time":"20180906175958","is_ascension_mode":true,"campfire_choices":[{"data":"Biased Cognition","floor":7,"key":"SMITH"},{"floor":15,"key":"REST"},{"data":"Panache","floor":23,"key":"SMITH"},{"data":"Defragment","floor":30,"key":"SMITH"},{"data":"Defragment","floor":32,"key":"SMITH"},{"floor":40,"key":"REST"},{"floor":42,"key":"REST"},{"data":"Normality","floor":49,"key":"PURGE"}],"neow_cost":"","seed_source_timestamp":526004041226058,"circlet_count":0,"master_deck":["Strike_B+1","Strike_B+1","Strike_B+1","Strike_B+1","Defend_B+1","Defend_B+1","Defend_B+1","Defend_B+1","Zap","Dualcast+1","Go for the Eyes","Doom and Gloom","Glacier","Injury","Biased Cognition+1","Steam","Self Repair","Panache+1","Loop","Beam Cell","Defragment+1","Machine Learning","Defragment","Go for the Eyes","Defragment+1","Redo+1","Storm","Sweeping Beam+1","Heatsinks","Redo","Darkness+1","Storm"],"relics":["Cracked Core","Golden Idol","Bottled Lightning","Juzu Bracelet","Bag of Preparation","Art of War","Thread and Needle","Velvet Choker","Red Mask","Tiny Chest","Vajra","Gremlin Horn","Singing Bowl","Bronze Scales","Darkstone Periapt","Shuriken","Lizard Tail","Happy Flower","The Courier","Peace Pipe"],"potions_floor_usage":[6,8,16,16,20,27,31,41,41,44,47],"damage_taken":[{"damage":0,"enemies":"Small Slimes","floor":1,"turns":3},{"damage":4,"enemies":"Jaw Worm","floor":3,"turns":4},{"damage":0,"enemies":"Cultist","floor":4,"turns":3},{"damage":11,"enemies":"Lagavulin","floor":6,"turns":8},{"damage":20,"enemies":"3 Sentries","floor":8,"turns":8},{"damage":0,"enemies":"Gremlin Nob","floor":10,"turns":5},{"damage":9,"enemies":"Exordium Wildlife","floor":13,"turns":6},{"damage":6,"enemies":"Looter","floor":14,"turns":3},{"damage":0,"enemies":"Slime Boss","floor":16,"turns":11},{"damage":1,"enemies":"2 Thieves","floor":18,"turns":4},{"damage":2,"enemies":"Spheric Guardian","floor":19,"turns":6},{"damage":12,"enemies":"Masked Bandits","floor":20,"turns":5},{"damage":0,"enemies":"Centurion and Healer","floor":27,"turns":6},{"damage":20,"enemies":"Gremlin Leader","floor":29,"turns":5},{"damage":3,"enemies":"Book of Stabbing","floor":31,"turns":5},{"damage":0,"enemies":"Champ","floor":33,"turns":9},{"damage":3,"enemies":"3 Shapes","floor":35,"turns":5},{"damage":18,"enemies":"3 Darklings","floor":36,"turns":6},{"damage":8,"enemies":"4 Shapes","floor":37,"turns":3},{"damage":31,"enemies":"Maw","floor":38,"turns":7},{"damage":38,"enemies":"2 Orb Walkers","floor":41,"turns":4},{"damage":36,"enemies":"3 Darklings","floor":44,"turns":5},{"damage":27,"enemies":"4 Shapes","floor":46,"turns":5},{"damage":0,"enemies":"Mind Bloom Boss Battle","floor":47,"turns":5},{"damage":2,"enemies":"Maw","floor":48,"turns":5},{"damage":84,"enemies":"Donu and Deca","floor":50,"turns":7}],"seed_played":"-3482725870123435762","potions_obtained":[{"floor":3,"key":"AttackPotion"},{"floor":6,"key":"SkillPotion"},{"floor":13,"key":"AttackPotion"},{"floor":14,"key":"SteroidPotion"},{"floor":16,"key":"EssenceOfSteel"},{"floor":18,"key":"GamblersBrew"},{"floor":20,"key":"FocusPotion"},{"floor":35,"key":"Strength Potion"},{"floor":38,"key":"SpeedPotion"},{"floor":41,"key":"PowerPotion"},{"floor":46,"key":"Regen Potion"}],"is_trial":false,"path_per_floor":["M","?","M","M","?","E","R","E","T","E","?","$","M","M","R","B",null,"M","M","?","?","$","R","$","T","T","M","?","E","R","E","R","B",null,"M","M","M","M","?","R","E","R","T","M","?","M","?","M","R","B"],"character_chosen":"DEFECT","items_purchased":["Panache","Loop","Tiny Chest","Vajra"],"campfire_rested":3,"item_purchase_floors":[12,12,22,22],"current_hp_per_floor":[75,60,56,56,56,45,45,25,25,25,25,25,23,24,46,46,75,75,75,70,70,70,70,70,70,70,77,77,64,64,68,68,77,79,79,70,62,40,46,72,43,70,70,48,48,21,42,47,47,14],"gold":478,"neow_bonus":"","is_prod":false,"is_daily":false,"chose_seed":false,"campfire_upgraded":4,"win_rate":0,"timestamp":1536249598,"path_taken":["M","?","?","M","?","E","R","E","T","E","?","$","M","M","R","BOSS","M","M","?","?","$","R","$","?","T","M","?","E","R","E","R","BOSS","M","M","M","M","?","R","E","R","T","M","?","M","?","M","R","BOSS"],"build_version":"2018-08-30","purchased_purges":0,"victory":true,"max_hp_per_floor":[75,75,75,75,75,75,75,75,75,75,75,75,75,75,75,75,75,75,75,75,75,75,75,75,75,75,77,77,77,77,77,77,79,79,79,81,81,83,89,89,91,91,91,91,86,86,86,86,86,86],"card_choices":[{"not_picked":["Turbo","Steam"],"picked":"Go for the Eyes","floor":1},{"not_picked":["Scrape","Barrage"],"picked":"Doom and Gloom","floor":3},{"not_picked":["Go for the Eyes","Gash"],"picked":"Glacier","floor":4},{"not_picked":["Barrage","Go for the Eyes"],"picked":"Biased Cognition","floor":6},{"not_picked":["Aggregate","Force Field"],"picked":"Steam","floor":8},{"not_picked":["Streamline","Ball Lightning"],"picked":"Self Repair","floor":10},{"not_picked":["Compile Driver","Stack"],"picked":"Beam Cell","floor":13},{"not_picked":["Hologram","Meteor Strike"],"picked":"Defragment","floor":14},{"not_picked":["Core Surge","Multi-Cast"],"picked":"Machine Learning","floor":16},{"not_picked":["Ball Lightning+1","Heatsinks"],"picked":"Defragment","floor":18},{"not_picked":["Scrape","Stack","Streamline"],"picked":"SKIP","floor":19},{"not_picked":["Stack","Lockon"],"picked":"Go for the Eyes","floor":20},{"not_picked":["Sunder+1","Hologram","Turbo+1"],"picked":"Singing Bowl","floor":27},{"not_picked":["Compile Driver","Tempest+1"],"picked":"Defragment","floor":29},{"not_picked":["Force Field","Gash+1"],"picked":"Redo+1","floor":31},{"not_picked":["Machine Learning","Multi-Cast","Core Surge"],"picked":"Singing Bowl","floor":33},{"not_picked":["Go for the Eyes+1","Sunder+1"],"picked":"Storm","floor":35},{"not_picked":["Steam Power","Barrage+1","Undo"],"picked":"Singing Bowl","floor":36},{"not_picked":["Steam","Conserve Battery+1"],"picked":"Sweeping Beam+1","floor":37},{"not_picked":["Fusion","Recycle+1","Beam Cell"],"picked":"Singing Bowl","floor":38},{"not_picked":["Blizzard+1","Sunder+1","Turbo"],"picked":"Singing Bowl","floor":41},{"not_picked":["Melter+1","Hologram+1"],"picked":"Heatsinks","floor":44},{"not_picked":["Barrage","Streamline"],"picked":"Redo","floor":46},{"not_picked":["Fission","Streamline"],"picked":"Darkness+1","floor":47},{"not_picked":["Turbo","Blizzard"],"picked":"Storm","floor":48}],"player_experience":128538,"relics_obtained":[{"floor":6,"key":"Bottled Lightning"},{"floor":8,"key":"Juzu Bracelet"},{"floor":9,"key":"Bag of Preparation"},{"floor":10,"key":"Art of War"},{"floor":20,"key":"Red Mask"},{"floor":25,"key":"Gremlin Horn"},{"floor":26,"key":"Singing Bowl"},{"floor":29,"key":"Darkstone Periapt"},{"floor":31,"key":"Shuriken"},{"floor":41,"key":"Happy Flower"},{"floor":43,"key":"The Courier"},{"floor":47,"key":"Peace Pipe"}],"event_choices":[{"event_name":"Shining Light","player_choice":"Entered Light","floor":2,"damage_taken":0},{"event_name":"Golden Idol","player_choice":"Take Wound","floor":5,"damage_taken":0},{"event_name":"Dead Adventurer","player_choice":"Searched \u00271\u0027 times","floor":11,"damage_taken":0},{"event_name":"Masked Bandits","player_choice":"Fought Bandits","floor":20,"damage_taken":0},{"event_name":"Back to Basics","player_choice":"Simplicity","floor":21,"damage_taken":0},{"event_name":"The Mausoleum","player_choice":"Yes","floor":28,"damage_taken":0},{"event_name":"Transmorgrifier","player_choice":"Transform","floor":39,"damage_taken":0},{"event_name":"Winding Halls","player_choice":"Max HP","floor":45,"damage_taken":0},{"event_name":"MindBloom","player_choice":"Fight","floor":47,"damage_taken":0}],"is_beta":false,"boss_relics":[{"not_picked":["Runic Dome","Snecko Eye"],"picked":"Velvet Choker"},{"not_picked":["Inserter","Eternal Feather"],"picked":"Lizard Tail"}],"items_purged_floors":[],"is_endless":false,"potions_floor_spawned":[3,6,13,14,16,18,20,35,38,41,46],"ascension_level":2}