{"path_per_floor":["M","?","M","$","M","R","?","R","T","E","R","E","$","?","R","B",null,"M","M","M","?","?","R","E","R","T","$","E","M","?","M","R","B",null,"M","M","?","$","M","R","M","M","T","M","R","M","$","M","R","B"],"character_chosen":"IRONCLAD","items_purchased":["Offering","Flex","Spot Weakness","Master of Strategy","Dark Shackles"],"gold_per_floor":[360,360,371,98,116,116,191,191,267,297,297,326,147,171,171,269,269,281,295,309,234,234,234,262,262,343,11,38,48,48,63,63,158,158,170,183,183,33,45,45,59,79,106,119,119,135,40,58,58,58],"floor_reached":51,"campfire_rested":0,"playtime":4585,"current_hp_per_floor":[80,64,69,69,75,75,64,64,64,56,56,56,56,62,62,48,64,61,59,50,50,50,50,42,42,42,42,47,56,56,61,61,41,64,43,47,47,47,51,51,56,61,61,51,51,42,42,47,47,49],"items_purged":["Decay","Strike_R","Bash","Writhe"],"gold":58,"play_id":"2c656ca5-5ba0-4636-92f3-ed99d2b44a3b","is_prod":false,"is_daily":false,"campfire_rituals":0,"campfire_upgraded":10,"is_hardmode":false,"path_taken":["M","?","M","$","?","R","?","R","T","E","R","E","$","?","R","BOSS","M","M","M","?","?","R","E","R","T","?","E","M","?","M","R","BOSS","M","M","?","?","M","R","M","M","T","M","R","M","$","M","R","BOSS"],"build_version":"2018-01-11-PROD2","purchased_purges":4,"victory":true,"master_deck":["Strike_R","Strike_R","Defend_R","Defend_R","Defend_R","Defend_R","Sword Boomerang","Flex","Offering","Flex","Whirlwind","Twin Strike","Spot Weakness","Spot Weakness","Heavy Blade","Offering","Heavy Blade","Demon Form","Reckless Charge","Master of Strategy","Pummel","Whirlwind","Limit Break","Pummel","Flex","Battle Trance","Dark Shackles","Seeing Red"],"max_hp_per_floor":[80,80,80,80,80,80,80,80,80,80,80,80,80,80,80,80,64,64,64,64,64,64,64,64,64,64,64,64,64,64,64,64,64,64,64,64,64,64,64,64,64,64,64,64,64,64,64,64,64,64],"relics":["Burning Blood","Meat on the Bone","Oddly Smooth Stone","War Paint","Odd Mushroom","Runic Cube","Magic Flower","Pantograph","Sundial","Bronze Scales","Sozu","Molten Egg"],"campfire_meditates":0,"card_choices":[{"not_picked":["Wild Strike","Disarm"],"picked":"Sword Boomerang"},{"not_picked":["Searing Blow","True Grit"],"picked":"Flex"},{"not_picked":["Wild Strike","Clothesline"],"picked":"Whirlwind"},{"not_picked":["Perfected Strike","Corruption"],"picked":"Twin Strike"},{"not_picked":["Infernal Blade","Barricade"],"picked":"Spot Weakness"},{"not_picked":["Bloodletting","Perfected Strike"],"picked":"Heavy Blade"},{"not_picked":["Reaper","Dark Embrace"],"picked":"Offering"},{"not_picked":["Combust","Cleave"],"picked":"Heavy Blade"},{"not_picked":["Heavy Blade","Armaments"],"picked":"Demon Form"},{"not_picked":["Cleave","Metallicize"],"picked":"Reckless Charge"},{"not_picked":["Rage","Armaments"],"picked":"Pummel"},{"not_picked":["Sword Boomerang","Anger"],"picked":"Whirlwind"},{"not_picked":["Clothesline","Sword Boomerang"],"picked":"Inflame"},{"not_picked":["Reaper","Juggernaut"],"picked":"Limit Break"},{"not_picked":["Feel No Pain","Dropkick"],"picked":"Pummel"},{"not_picked":["Clothesline","Flame Barrier"],"picked":"Flex"},{"not_picked":["Wild Strike","Perfected Strike"],"picked":"Battle Trance"},{"not_picked":["Cleave","Dual Wield"],"picked":"Seeing Red"}],"player_experience":53563,"potions_floor_usage":[10,14,20,24,29,33],"damage_taken":[{"damage":2,"enemies":"Small Slimes","floor":1,"turns":3},{"damage":1,"enemies":"Jaw Worm","floor":3,"turns":3},{"damage":0,"enemies":"Blue Slaver","floor":5,"turns":3},{"damage":14,"enemies":"3 Sentries","floor":10,"turns":3},{"damage":18,"enemies":"Gremlin Nob","floor":12,"turns":3},{"damage":0,"enemies":"The Mushroom Lair","floor":14,"turns":1},{"damage":20,"enemies":"The Guardian","floor":16,"turns":5},{"damage":9,"enemies":"Shell Parasite","floor":18,"turns":2},{"damage":8,"enemies":"2 Thieves","floor":19,"turns":2},{"damage":15,"enemies":"Snake Plant","floor":20,"turns":3},{"damage":14,"enemies":"Book of Stabbing","floor":24,"turns":3},{"damage":4,"enemies":"Gremlin Leader","floor":28,"turns":3},{"damage":0,"enemies":"Snecko","floor":29,"turns":3},{"damage":4,"enemies":"3 Cultists","floor":31,"turns":2},{"damage":50,"enemies":"Automaton","floor":33,"turns":5},{"damage":30,"enemies":"3 Shapes","floor":35,"turns":2},{"damage":5,"enemies":"Orb Walker","floor":36,"turns":2},{"damage":5,"enemies":"4 Shapes","floor":39,"turns":2},{"damage":4,"enemies":"Sphere and 2 Shapes","floor":41,"turns":2},{"damage":4,"enemies":"3 Darklings","floor":42,"turns":1},{"damage":19,"enemies":"Maw","floor":44,"turns":3},{"damage":18,"enemies":"4 Shapes","floor":46,"turns":1},{"damage":4,"enemies":"Sphere and 2 Shapes","floor":48,"turns":1},{"damage":42,"enemies":"Donu and Deca","floor":50,"turns":3}],"event_choices":[{"event_name":"Shining Light","player_choice":"Entered Light","floor":2,"damage_taken":0},{"event_name":"World of Goop","player_choice":"Gather Gold","floor":7,"damage_taken":0},{"event_name":"Mushrooms","player_choice":"Fought Mushrooms","floor":14,"damage_taken":0},{"event_name":"Beggar","player_choice":"Gave Gold","floor":21,"damage_taken":0},{"event_name":"Purifier","player_choice":"One Purge","floor":22,"damage_taken":0},{"event_name":"The Mausoleum","player_choice":"Yes","floor":30,"damage_taken":0}],"boss_relics":[{"not_picked":["Philosopher\u0027s Stone","Eternal Feather"],"picked":"Runic Cube"},{"not_picked":["Velvet Choker","Runic Dome"],"picked":"Sozu"}],"potions_floor_spawned":[3,5,10,12,14,19,24,28,31,39,41,42],"seed_played":"-7456578018357285274","is_trial":false}