{"gold_per_floor":[109,109,123,51,51,51,64,85,85,101,101,101],"floor_reached":12,"playtime":418,"items_purged":[],"score":105,"play_id":"0fe60e3e-b62e-4ad2-87f3-df53023dae54","local_time":"20180918033552","is_ascension_mode":true,"campfire_choices":[{"data":"Zap","floor":6,"key":"SMITH"},{"floor":11,"key":"REST"}],"neow_cost":"NONE","seed_source_timestamp":226442249675206,"circlet_count":0,"master_deck":["Strike_B","Strike_B","Strike_B","Defend_B","Defend_B","Defend_B","Defend_B","Zap+1","Dualcast","AscendersBane","Gash","Self Repair","Loop","Reinforced Body","Defragment"],"relics":["Cracked Core","Golden Idol","Anchor"],"potions_floor_usage":[10,10],"damage_taken":[{"damage":12,"enemies":"Small Slimes","floor":1,"turns":3},{"damage":0,"enemies":"Jaw Worm","floor":3,"turns":3},{"damage":7,"enemies":"2 Louse","floor":7,"turns":2},{"damage":31,"enemies":"Exordium Wildlife","floor":8,"turns":5},{"damage":23,"enemies":"Gremlin Gang","floor":10,"turns":5},{"damage":0,"enemies":"3 Louse","floor":12,"turns":2}],"seed_played":"5950153620391671095","potions_obtained":[{"floor":1,"key":"LiquidBronze"},{"floor":7,"key":"Weak Potion"}],"is_trial":false,"path_per_floor":["M","?","M","$","?","R","M","M","T","M","R"],"character_chosen":"DEFECT","items_purchased":["Loop"],"campfire_rested":1,"item_purchase_floors":[4],"current_hp_per_floor":[63,63,63,63,56,56,49,25,25,2,24,24],"gold":101,"neow_bonus":"TEN_PERCENT_HP_BONUS","is_prod":false,"is_daily":false,"chose_seed":false,"campfire_upgraded":1,"win_rate":0,"timestamp":1537234552,"path_taken":["M","?","M","$","?","R","M","M","T","M","R","M"],"build_version":"2018-09-06","purchased_purges":0,"victory":false,"max_hp_per_floor":[82,76,76,76,76,76,76,76,76,76,76,76],"card_choices":[{"not_picked":["Chill","Hologram"],"picked":"Gash","floor":1},{"not_picked":["Conserve Battery","Stack"],"picked":"Self Repair","floor":3},{"not_picked":["Hologram","Compile Driver"],"picked":"Reinforced Body","floor":7},{"not_picked":["Static Discharge","Cold Snap"],"picked":"Defragment","floor":8},{"not_picked":["Scrape","Heatsinks","Consume"],"picked":"SKIP","floor":10}],"player_experience":325821,"relics_obtained":[{"floor":9,"key":"Anchor"}],"event_choices":[{"event_name":"Golden Idol","player_choice":"Lose Max HP","floor":2,"damage_taken":0},{"event_name":"Golden Wing","player_choice":"Card Removal","floor":5,"damage_taken":0}],"is_beta":false,"boss_relics":[],"items_purged_floors":[],"is_endless":false,"potions_floor_spawned":[1,7],"killed_by":"3 Louse","ascension_level":10}