{"path_per_floor":["M","M","M","M","M","R","M","?","T","E","?","M","M"],"character_chosen":"DEFECT","items_purchased":[],"gold_per_floor":[116,134,145,156,174,174,184,149,228,255,255,265,284,284],"floor_reached":14,"campfire_rested":1,"playtime":764,"current_hp_per_floor":[64,56,51,46,15,37,29,47,47,25,25,17,3,0],"items_purged":[],"gold":284,"score":96,"play_id":"77eb4eb1-f1fb-41e8-b35c-3a3f419583f5","local_time":"20180519045838","is_prod":false,"is_daily":false,"chose_seed":false,"is_ascension_mode":false,"campfire_upgraded":0,"timestamp":1526698718,"campfire_choices":[{"floor":6,"key":"REST"}],"path_taken":["M","M","M","M","M","R","M","?","T","E","?","M","?","M"],"build_version":"2018-05-17","seed_source_timestamp":287560954360451,"purchased_purges":0,"victory":false,"master_deck":["Strike_B","Strike_B","Strike_B","Strike_B","Defend_B","Defend_B","Defend_B","Defend_B","Zap","White Noise","Capacitor","Ball Lightning","Defragment","Capacitor"],"max_hp_per_floor":[75,75,75,75,75,75,75,75,75,75,75,75,75,75],"relics":["Cracked Core","Bottled Tornado","Omamori"],"card_choices":[{"not_picked":["Go for the Eyes","Beam Cell","Sweeping Beam"],"picked":"SKIP","floor":1},{"not_picked":["Recycle","Go for the Eyes"],"picked":"White Noise","floor":2},{"not_picked":["Reinforced Body","Barrage","Meteor Strike"],"picked":"SKIP","floor":3},{"not_picked":["Hologram","Skim"],"picked":"Capacitor","floor":4},{"not_picked":["Stack","Aggregate"],"picked":"Ball Lightning","floor":5},{"not_picked":["Auto Shields","Hologram","Leap"],"picked":"SKIP","floor":7},{"not_picked":["Go for the Eyes","Axe Kick"],"picked":"Defragment","floor":10},{"not_picked":["Cold Snap","Turbo","Leap"],"picked":"SKIP","floor":12},{"not_picked":["Skim","Cold Snap"],"picked":"Capacitor","floor":13}],"player_experience":102998,"potions_floor_usage":[7,7,10,12,14],"damage_taken":[{"damage":11,"enemies":"2 Louse","floor":1,"turns":2},{"damage":8,"enemies":"Jaw Worm","floor":2,"turns":3},{"damage":5,"enemies":"Small Slimes","floor":3,"turns":4},{"damage":12,"enemies":"Red Slaver","floor":4,"turns":6},{"damage":31,"enemies":"Exordium Thugs","floor":5,"turns":4},{"damage":8,"enemies":"Large Slime","floor":7,"turns":4},{"damage":22,"enemies":"Gremlin Nob","floor":10,"turns":4},{"damage":8,"enemies":"3 Louse","floor":12,"turns":3},{"damage":14,"enemies":"Blue Slaver","floor":13,"turns":4},{"damage":12,"enemies":"2 Fungi Beasts","floor":14,"turns":2}],"relics_obtained":[{"floor":9,"key":"Bottled Tornado"},{"floor":10,"key":"Omamori"}],"event_choices":[{"event_name":"The Cleric","player_choice":"Healed","floor":8,"damage_taken":0},{"event_name":"Bonfire Elementals","player_choice":"BASIC","floor":11,"damage_taken":0}],"boss_relics":[],"potions_floor_spawned":[3,5,7,10,13],"seed_played":"7635534383912253315","killed_by":"2 Fungi Beasts","ascension_level":0,"potions_obtained":[{"floor":3,"key":"SkillPotion"},{"floor":5,"key":"FearPotion"},{"floor":7,"key":"SteroidPotion"},{"floor":10,"key":"Strength Potion"},{"floor":13,"key":"Regen Potion"}],"is_trial":false}