{"gold_per_floor":[109,109,109,126,45,45,4,30,30,30,40,40,13,42,42,137,137,157,168,168,35,114,146,146,146],"floor_reached":25,"playtime":471,"items_purged":["Clumsy"],"score":350,"play_id":"9c32df57-c10e-4200-8edd-1e09805de0b8","local_time":"20181229030642","is_ascension_mode":true,"campfire_choices":[{"data":"Defragment","floor":6,"key":"SMITH"},{"data":"Double Energy","floor":10,"key":"SMITH"},{"floor":12,"key":"REST"},{"floor":15,"key":"REST"},{"floor":24,"key":"REST"}],"neow_cost":"NONE","seed_source_timestamp":648406218377258,"circlet_count":0,"master_deck":["Strike_B","Strike_B","Strike_B","Defend_B+1","Defend_B","Defend_B","Zap+1","Dualcast","Ball Lightning","Doom and Gloom","Defragment+1","Double Energy+1","Echo Form","Melter","Genetic Algorithm","Buffer","Leap","Loop","White Noise","Zap","Enlightenment"],"relics":["Cracked Core","NeowsBlessing","Bottled Lightning","Ice Cream","The Courier","Empty Cage","Singing Bowl","Emotion Chip"],"potions_floor_usage":[14,18],"damage_taken":[{"damage":0,"enemies":"Small Slimes","floor":1,"turns":1},{"damage":0,"enemies":"2 Louse","floor":4,"turns":1},{"damage":0,"enemies":"Lagavulin","floor":8,"turns":1},{"damage":12,"enemies":"Jaw Worm","floor":11,"turns":2},{"damage":16,"enemies":"Gremlin Nob","floor":14,"turns":3},{"damage":29,"enemies":"Slime Boss","floor":16,"turns":7},{"damage":27,"enemies":"3 Byrds","floor":18,"turns":3},{"damage":0,"enemies":"Spheric Guardian","floor":19,"turns":3},{"damage":29,"enemies":"Gremlin Leader","floor":23,"turns":5},{"damage":50,"enemies":"Slavers","floor":25,"turns":2}],"seed_played":"-6742682963663623184","potions_obtained":[{"floor":8,"key":"SkillPotion"},{"floor":11,"key":"Explosive Potion"},{"floor":23,"key":"Energy Potion"}],"is_trial":false,"path_per_floor":["M","?","?","M","$","R","$","E","T","R","M","R","?","E","R","B",null,"M","M","?","$","T","E","R","E"],"character_chosen":"DEFECT","items_purchased":["Defragment","Double Energy","Enlightenment"],"campfire_rested":3,"item_purchase_floors":[5,7,21],"current_hp_per_floor":[68,73,57,57,57,57,57,57,57,57,45,69,69,53,77,48,72,45,45,45,45,45,18,42,0],"gold":146,"neow_bonus":"THREE_ENEMY_KILL","is_prod":false,"is_daily":false,"chose_seed":false,"campfire_upgraded":2,"win_rate":0,"timestamp":1546049202,"path_taken":["M","?","?","M","$","R","?","E","T","R","M","R","?","E","R","BOSS","M","M","?","?","?","E","R","E"],"build_version":"2018-12-20","purchased_purges":1,"victory":false,"max_hp_per_floor":[75,80,80,80,80,80,80,80,80,80,80,80,80,80,80,80,80,80,80,80,80,80,82,82,82],"card_choices":[{"not_picked":["Redo","Gash"],"picked":"Ball Lightning","floor":1},{"not_picked":["Coolheaded","Stack"],"picked":"Doom and Gloom","floor":4},{"not_picked":["Turbo","Stack"],"picked":"Echo Form","floor":8},{"not_picked":["White Noise","Chill"],"picked":"Melter","floor":11},{"not_picked":["Blizzard","Scrape"],"picked":"Genetic Algorithm","floor":14},{"not_picked":["Reboot","Meteor Strike"],"picked":"Buffer","floor":16},{"not_picked":["Compile Driver","Lockon"],"picked":"Leap","floor":18},{"not_picked":["Beam Cell+1","Streamline"],"picked":"Loop","floor":19},{"not_picked":["Barrage","Leap","Consume+1"],"picked":"Singing Bowl","floor":23}],"player_experience":479875,"relics_obtained":[{"floor":8,"key":"Bottled Lightning"},{"floor":9,"key":"Ice Cream"},{"floor":14,"key":"The Courier"},{"floor":22,"key":"Singing Bowl"},{"floor":23,"key":"Emotion Chip"}],"event_choices":[{"damage_healed":0,"gold_gain":0,"player_choice":"Donut","damage_taken":0,"max_hp_gain":5,"max_hp_loss":0,"event_name":"Big Fish","floor":2,"gold_loss":0},{"damage_healed":0,"gold_gain":0,"player_choice":"Entered Light","damage_taken":16,"max_hp_gain":0,"max_hp_loss":0,"event_name":"Shining Light","floor":3,"gold_loss":0,"cards_upgraded":["Zap","Defend_B"]},{"damage_healed":0,"gold_gain":0,"player_choice":"Left Gold","damage_taken":0,"max_hp_gain":0,"max_hp_loss":0,"event_name":"World of Goop","floor":13,"gold_loss":27},{"damage_healed":0,"gold_gain":0,"player_choice":"3 cards matched","damage_taken":0,"max_hp_gain":0,"max_hp_loss":0,"event_name":"Match and Keep!","floor":20,"gold_loss":0,"cards_obtained":["Clumsy","White Noise","Zap"]}],"is_beta":false,"boss_relics":[{"not_picked":["Snecko Eye","Cursed Key"],"picked":"Empty Cage"}],"items_purged_floors":[21],"is_endless":false,"potions_floor_spawned":[8,11,23],"killed_by":"Slavers","ascension_level":8}