{"path_per_floor":["M","M","?","?","M","R","E","R","T","E","M","T","$","M","R","B",null,"M","?","M","M","$","R","?","R","T","E","?","T","R","E","R","B",null,"M","$","M","$","M","R","E","R","T"],"character_chosen":"DEFECT","items_purchased":["Steam","Steam","Blind"],"gold_per_floor":[13,30,30,30,47,47,81,81,81,114,132,132,4,20,20,122,122,138,138,150,164,14,14,14,14,39,72,72,72,72,107,107,204,204,220,71,91,41,51,51,76,76,122,122],"floor_reached":44,"campfire_rested":1,"playtime":4227,"current_hp_per_floor":[66,58,63,63,61,61,52,52,52,48,49,49,49,51,51,53,73,63,48,44,19,19,44,95,95,95,86,86,86,86,70,70,46,83,85,85,68,68,61,61,41,41,41,0],"items_purged":["Strike_B","Strike_B","Strike_B","Strike_B"],"gold":122,"score":742,"play_id":"f920de94-c6d7-4e8d-bcfd-9ccb95d2a812","local_time":"20180515150902","is_prod":false,"is_daily":false,"chose_seed":false,"is_ascension_mode":true,"campfire_upgraded":8,"timestamp":1526389742,"path_taken":["M","M","?","?","M","R","E","R","T","E","M","?","$","M","R","BOSS","M","?","M","?","$","R","?","R","T","E","?","?","R","E","R","BOSS","M","$","M","$","M","R","E","R","T","E"],"build_version":"2018-05-14v2","seed_source_timestamp":447275199423366,"purchased_purges":5,"victory":false,"master_deck":["Defend_B","Defend_B","Defend_B","Defend_B","Zap+1","Dualcast+1","All For One","Go for the Eyes","Axe Kick","Steam+1","Skim","Electrodynamics+1","Steam","Seek+1","Reprogram","Skim","Hologram+1","Stack+1","Ball Lightning+1","Buffer+1","Steam","Undo","Fission+1","Conserve Battery+1","Blind+1","Steam+1","Reprogram+1"],"max_hp_per_floor":[75,75,80,80,80,80,80,80,80,80,80,80,80,80,80,80,80,80,85,85,85,85,85,95,95,95,95,95,95,95,95,95,95,95,95,95,95,95,95,95,95,95,95,95],"relics":["Cracked Core","Blood Vial","Letter Opener","Dodecahedron","Frozen Egg 2","Orrery","Orichalcum","Emotion Chip","Bottled Lightning","Smiling Mask","White Beast Statue","Ornamental Fan","Lantern"],"card_choices":[{"not_picked":["Multi-Cast","Fusion"],"picked":"All For One","floor":0},{"not_picked":["Streamline","Leap"],"picked":"Go for the Eyes","floor":1},{"not_picked":["Leap","Go for the Eyes"],"picked":"Axe Kick","floor":2},{"not_picked":["Turbo","Double Energy"],"picked":"Steam","floor":5},{"not_picked":["Tempest","Streamline"],"picked":"Skim","floor":7},{"not_picked":["Streamline","Go for the Eyes"],"picked":"Electrodynamics","floor":10},{"not_picked":["Axe Kick","White Noise","Doom and Gloom"],"picked":"SKIP","floor":11},{"not_picked":["Go for the Eyes","Force Field","Streamline"],"picked":"SKIP","floor":14},{"not_picked":["Biased Cognition+1","Echo Form+1"],"picked":"Seek","floor":16},{"not_picked":["Chill","Aggregate"],"picked":"Reprogram","floor":17},{"not_picked":["Sweeping Beam","Recycle"],"picked":"Skim","floor":17},{"not_picked":["Reinforced Body","Hello World+1"],"picked":"Hyperbeam","floor":17},{"not_picked":["Blizzard","Sweeping Beam"],"picked":"Hologram","floor":17},{"not_picked":["Rebound+1","Heatsinks+1"],"picked":"Stack+1","floor":18},{"not_picked":["Coolheaded","Sweeping Beam"],"picked":"Ball Lightning+1","floor":20},{"not_picked":["Cold Snap","Sweeping Beam"],"picked":"Buffer+1","floor":21},{"not_picked":["Doom and Gloom","Stack"],"picked":"Undo","floor":27},{"not_picked":["Cold Snap","Rip and Tear","Go for the Eyes"],"picked":"SKIP","floor":31},{"not_picked":["Fusion","Nova"],"picked":"Fission","floor":33},{"not_picked":["Chaos+1","Capacitor+1"],"picked":"Conserve Battery+1","floor":35},{"not_picked":["Ball Lightning+1","Genetic Algorithm"],"picked":"Steam+1","floor":37},{"not_picked":["Heatsinks+1","Ball Lightning"],"picked":"Reprogram+1","floor":39},{"not_picked":["Force Field+1","Ball Lightning","Sweeping Beam+1"],"picked":"SKIP","floor":41}],"player_experience":78290,"potions_floor_usage":[16,27,33,33,35,41,44,44],"damage_taken":[{"damage":2,"enemies":"2 Louse","floor":1,"turns":3},{"damage":8,"enemies":"Small Slimes","floor":2,"turns":3},{"damage":2,"enemies":"Jaw Worm","floor":5,"turns":3},{"damage":9,"enemies":"Lagavulin","floor":7,"turns":5},{"damage":6,"enemies":"Gremlin Nob","floor":10,"turns":3},{"damage":1,"enemies":"Exordium Thugs","floor":11,"turns":3},{"damage":0,"enemies":"Blue Slaver","floor":14,"turns":2},{"damage":0,"enemies":"Slime Boss","floor":16,"turns":7},{"damage":12,"enemies":"Chosen","floor":18,"turns":4},{"damage":6,"enemies":"3 Byrds","floor":20,"turns":2},{"damage":27,"enemies":"Snake Plant","floor":21,"turns":3},{"damage":9,"enemies":"Book of Stabbing","floor":27,"turns":3},{"damage":18,"enemies":"Slavers","floor":31,"turns":4},{"damage":26,"enemies":"Champ","floor":33,"turns":6},{"damage":0,"enemies":"Orb Walker","floor":35,"turns":3},{"damage":19,"enemies":"Flame Bruiser 1 Orb","floor":37,"turns":7},{"damage":9,"enemies":"Sphere and 2 Shapes","floor":39,"turns":3},{"damage":22,"enemies":"2 Orb Walkers","floor":41,"turns":4},{"damage":46,"enemies":"Nemesis","floor":44,"turns":9}],"relics_obtained":[{"floor":7,"key":"Blood Vial"},{"floor":9,"key":"Letter Opener"},{"floor":10,"key":"Dodecahedron"},{"floor":12,"key":"Frozen Egg 2"},{"floor":26,"key":"Orichalcum"},{"floor":27,"key":"Emotion Chip"},{"floor":29,"key":"Bottled Lightning"},{"floor":31,"key":"Smiling Mask"},{"floor":41,"key":"Ornamental Fan"},{"floor":43,"key":"Lantern"}],"event_choices":[{"event_name":"Big Fish","player_choice":"Donut","floor":3,"damage_taken":0},{"event_name":"Liars Game","player_choice":"disagreed","floor":4,"damage_taken":0},{"event_name":"Forgotten Altar","player_choice":"Shed Blood","floor":19,"damage_taken":0},{"event_name":"Bonfire Elementals","player_choice":"RARE","floor":24,"damage_taken":0},{"event_name":"Vampires","player_choice":"Ignored","floor":28,"damage_taken":0}],"boss_relics":[{"not_picked":["Snecko Eye","Nuclear Battery"],"picked":"Orrery"},{"not_picked":["Runic Pyramid","Runic Dome"],"picked":"White Beast Statue"}],"potions_floor_spawned":[7,14,16,21,31,33,35,37,39,41],"seed_played":"-5323478427036114185","killed_by":"Nemesis","ascension_level":6,"potions_obtained":[{"floor":7,"key":"SteroidPotion"},{"floor":14,"key":"PowerPotion"},{"floor":16,"key":"PowerPotion"},{"floor":21,"key":"Dexterity Potion"},{"floor":31,"key":"GamblersBrew"},{"floor":33,"key":"AttackPotion"},{"floor":35,"key":"Poison Potion"},{"floor":37,"key":"Strength Potion"},{"floor":41,"key":"EssenceOfSteel"}],"is_trial":false}