{"path_per_floor":["M","$","M","$","M","R","?","M","T","M","?","R","M","M","R","B",null,"M","M","$","?","?","R","E","R","T","M","?","?","M","?","R"],"character_chosen":"THE_SILENT","items_purchased":["Cloak And Dagger","Noxious Fumes"],"gold_per_floor":[109,34,46,46,64,64,88,103,103,117,97,97,109,125,125,229,229,245,256,65,65,65,65,93,93,119,138,38,38,52,52,52,52],"floor_reached":33,"campfire_rested":1,"playtime":1834,"current_hp_per_floor":[70,70,70,70,68,68,63,62,62,61,61,61,59,58,58,44,70,60,58,58,58,58,58,33,33,33,32,32,16,12,12,33,0],"items_purged":["Strike_G","Survivor"],"gold":52,"score":257,"play_id":"84ca583a-1b8c-4fae-b6f9-a55850af946f","local_time":"20180330132025","is_prod":false,"is_daily":false,"is_ascension_mode":false,"campfire_upgraded":4,"timestamp":1522408825,"path_taken":["M","?","M","$","M","R","?","?","T","M","?","R","M","M","R","BOSS","M","M","$","?","?","R","E","R","T","M","?","?","?","?","R","BOSS"],"build_version":"2018-03-29v2","purchased_purges":3,"victory":false,"master_deck":["Neutralize+1","Well Laid Plans","Well Laid Plans","Dagger Spray+1","Slice","Predator","Backflip","Sucker Punch+1","Bullet Time+1","Dagger Spray","Backflip","Endless Agony","Dagger Throw","Prepared","Deflect","Riddle With Holes","Cloak And Dagger","Noxious Fumes","Predator","Expertise+1","J.A.X.","Escape Plan+1"],"max_hp_per_floor":[70,70,70,70,70,70,70,70,70,70,70,70,70,70,70,70,70,70,70,70,70,70,70,70,70,70,70,70,70,70,70,70,70],"relics":["Ring of the Snake","Odd Mushroom","Torii","Pandora\u0027s Box","Peace Pipe","Vajra"],"card_choices":[{"not_picked":["Infinite Blades","Flechettes"],"picked":"Well Laid Plans","floor":1.0},{"not_picked":["Caltrops","Quick Slash"],"picked":"Well Laid Plans","floor":3.0},{"not_picked":["Cloak And Dagger","Footwork"],"picked":"Dagger Spray","floor":5.0},{"not_picked":["Catalyst","Noxious Fumes"],"picked":"Slice","floor":7.0},{"not_picked":["Accuracy","Endless Agony"],"picked":"Predator","floor":8.0},{"not_picked":["Deflect","Quick Slash"],"picked":"Backflip","floor":10.0},{"not_picked":["Eviscerate","Flechettes"],"picked":"Sucker Punch","floor":14.0},{"not_picked":["Unload","Tools of the Trade"],"picked":"Bullet Time","floor":16.0},{"not_picked":["Reflex","Underhanded Strike"],"picked":"Riddle With Holes","floor":19},{"not_picked":["Expertise","Tactician"],"picked":"Predator","floor":24},{"not_picked":["Quick Slash","Dodge and Roll"],"picked":"Expertise","floor":27},{"not_picked":["Caltrops","Underhanded Strike"],"picked":"Escape Plan","floor":30}],"player_experience":145775,"potions_floor_usage":[18,24,33],"damage_taken":[{"damage":0.0,"enemies":"Cultist","floor":1.0,"turns":4.0},{"damage":0.0,"enemies":"Jaw Worm","floor":3.0,"turns":4.0},{"damage":2.0,"enemies":"Small Slimes","floor":5.0,"turns":6.0},{"damage":5.0,"enemies":"The Mushroom Lair","floor":7.0,"turns":3.0},{"damage":1.0,"enemies":"2 Fungi Beasts","floor":8.0,"turns":3.0},{"damage":1.0,"enemies":"Red Slaver","floor":10.0,"turns":4.0},{"damage":2.0,"enemies":"Lots of Slimes","floor":13.0,"turns":4.0},{"damage":1.0,"enemies":"Exordium Wildlife","floor":14.0,"turns":4.0},{"damage":14.0,"enemies":"The Guardian","floor":16.0,"turns":15.0},{"damage":10,"enemies":"Spheric Guardian","floor":18,"turns":3},{"damage":2,"enemies":"Shell Parasite","floor":19,"turns":5},{"damage":25,"enemies":"Slavers","floor":24,"turns":4},{"damage":1,"enemies":"Centurion and Healer","floor":27,"turns":3},{"damage":4,"enemies":"Snake Plant","floor":30,"turns":4},{"damage":36,"enemies":"Collector","floor":33,"turns":5}],"event_choices":[{"event_name":"Mushrooms","player_choice":"Fought Mushrooms","floor":7.0,"damage_taken":0.0},{"event_name":"The Woman in Blue","player_choice":"Bought 1 Potion","floor":11.0,"damage_taken":0.0},{"event_name":"Vampires","player_choice":"Ignored","floor":21,"damage_taken":0},{"event_name":"Addict","player_choice":"Ignored","floor":22,"damage_taken":0},{"event_name":"Drug Dealer","player_choice":"Got JAXXED","floor":28,"damage_taken":0},{"event_name":"Cursed Tome","player_choice":"Obtained Book","floor":29,"damage_taken":0},{"event_name":"Back to Basics","player_choice":"Elegance","floor":31,"damage_taken":0}],"boss_relics":[{"not_picked":["Question Card","Eternal Feather"],"picked":"Pandora\u0027s Box"}],"potions_floor_spawned":[1,5,10,14,18,30],"seed_played":"-174849550979822834","killed_by":"Collector","ascension_level":0,"is_trial":false}