{"path_per_floor":["M","?","M","$","?","R","$","E","T","?","E","R","E","M","R","B",null,"M","?","M","$","M","R","?","M","T","R","E","M","R","M","R"],"character_chosen":"DEFECT","items_purchased":["All For One","Conserve Battery","Frozen Egg 2","Panache","FocusPotion"],"gold_per_floor":[212,212,223,1,1,1,1,31,31,31,358,358,393,410,410,512,542,558,558,575,45,58,58,58,69,69,69,94,105,105,122,122,122],"floor_reached":33,"campfire_rested":2,"playtime":2409,"item_purchase_floors":[4,21,21,21,21],"current_hp_per_floor":[66,66,62,62,47,47,47,41,41,41,30,52,42,44,44,36,70,67,67,60,60,54,54,54,53,53,53,27,30,69,48,48,0],"items_purged":["Strike_B"],"gold":122,"score":450,"play_id":"426660ab-7074-4465-b617-4c51bc01d658","local_time":"20180528102557","is_prod":false,"is_daily":false,"chose_seed":false,"is_ascension_mode":true,"campfire_upgraded":5,"win_rate":0,"timestamp":1527495957,"campfire_choices":[{"data":"Dualcast","floor":6,"key":"SMITH"},{"floor":12,"key":"REST"},{"data":"Streamline","floor":15,"key":"SMITH"},{"data":"Beam Cell","floor":23,"key":"SMITH"},{"data":"Buffer","floor":27,"key":"SMITH"},{"floor":30,"key":"REST"},{"data":"Hyperbeam","floor":32,"key":"SMITH"}],"path_taken":["M","?","?","$","?","R","$","E","T","?","E","R","E","M","R","BOSS","M","?","M","$","M","R","?","M","T","R","E","M","R","M","R","BOSS"],"build_version":"2018-05-25","seed_source_timestamp":91280453522385,"purchased_purges":1,"victory":false,"master_deck":["Defend_B+1","Defend_B+1","Defend_B","Defend_B+1","Zap+1","Dualcast+1","AscendersBane","Rip and Tear","Go for the Eyes+1","All For One+1","Steam","Skim","Streamline+1","Beam Cell+1","Ball Lightning+1","Bite","Bite","Bite","Bite","Bite","Buffer+1","Conserve Battery","Panache+1","Leap","Hyperbeam+1","Melter","Glacier+1"],"max_hp_per_floor":[75,75,75,75,75,75,75,75,75,75,75,75,75,75,75,75,80,80,80,80,80,80,80,80,80,80,80,80,80,80,80,80,80],"relics":["Cracked Core","War Paint","Dream Catcher","Old Coin","Tiny House","Frozen Egg 2","Anchor","Regal Pillow"],"card_choices":[{"not_picked":["Stack","Turbo"],"picked":"Rip and Tear","floor":1},{"not_picked":["Sweeping Beam","Cold Snap"],"picked":"Go for the Eyes","floor":3},{"not_picked":["Streamline","Darkness"],"picked":"Steam","floor":8},{"not_picked":["Leap","Reboot"],"picked":"Skim","floor":11},{"not_picked":["Go for the Eyes","Stack","Turbo"],"picked":"SKIP","floor":13},{"not_picked":["Go for the Eyes","Loop"],"picked":"Streamline","floor":14},{"not_picked":["Cold Snap","BootSequence"],"picked":"Beam Cell","floor":17},{"not_picked":["Sweeping Beam","Cold Snap"],"picked":"Ball Lightning+1","floor":18},{"not_picked":["Cold Snap","Sweeping Beam+1"],"picked":"Buffer","floor":20},{"not_picked":["Cold Snap","Barrage"],"picked":"Leap","floor":22},{"not_picked":["Rebound","Tempest","Go for the Eyes"],"picked":"SKIP","floor":25},{"not_picked":["Barrage","Heatsinks+1"],"picked":"Hyperbeam","floor":28},{"not_picked":["Turbo","Defragment+1","Streamline"],"picked":"SKIP","floor":29},{"not_picked":["Coolheaded","Genetic Algorithm+1"],"picked":"Melter","floor":30},{"not_picked":["Redo","Aggregate"],"picked":"Glacier+1","floor":31}],"player_experience":125157,"potions_floor_usage":[11,18,18,28],"damage_taken":[{"damage":2,"enemies":"Jaw Worm","floor":1,"turns":3},{"damage":4,"enemies":"2 Louse","floor":3,"turns":2},{"damage":6,"enemies":"Gremlin Nob","floor":8,"turns":3},{"damage":11,"enemies":"3 Sentries","floor":11,"turns":6},{"damage":10,"enemies":"Gremlin Nob","floor":13,"turns":3},{"damage":0,"enemies":"Small Slimes","floor":14,"turns":3},{"damage":10,"enemies":"Hexaghost","floor":16,"turns":8},{"damage":5,"enemies":"3 Byrds","floor":18,"turns":5},{"damage":15,"enemies":"Shell Parasite","floor":20,"turns":4},{"damage":16,"enemies":"Snecko","floor":22,"turns":6},{"damage":3,"enemies":"Centurion and Healer","floor":25,"turns":5},{"damage":36,"enemies":"Gremlin Leader","floor":28,"turns":9},{"damage":3,"enemies":"Chosen and Byrds","floor":29,"turns":5},{"damage":29,"enemies":"Slaver and Parasite","floor":31,"turns":6},{"damage":76,"enemies":"Automaton","floor":33,"turns":6}],"relics_obtained":[{"floor":8,"key":"War Paint"},{"floor":9,"key":"Dream Catcher"},{"floor":11,"key":"Old Coin"},{"floor":13,"key":"Blood Vial"},{"floor":26,"key":"Anchor"},{"floor":28,"key":"Regal Pillow"}],"event_choices":[{"event_name":"Living Wall","player_choice":"Grow","floor":2,"damage_taken":0},{"event_name":"Shining Light","player_choice":"Entered Light","floor":5,"damage_taken":0},{"event_name":"The Cleric","player_choice":"Leave","floor":10,"damage_taken":0},{"event_name":"Vampires","player_choice":"Became a vampire (Vial)","floor":19,"damage_taken":0},{"event_name":"Drug Dealer","player_choice":"Ignored","floor":24,"damage_taken":0}],"boss_relics":[{"not_picked":["Nuclear Battery","Snecko Eye"],"picked":"Tiny House"}],"items_purged_floors":[4],"potions_floor_spawned":[1,16,28,29],"seed_played":"5556612453785834770","killed_by":"Automaton","ascension_level":10,"potions_obtained":[{"floor":1,"key":"LiquidBronze"},{"floor":16,"key":"SkillPotion"},{"floor":17,"key":"Energy Potion"},{"floor":28,"key":"Poison Potion"},{"floor":29,"key":"Explosive Potion"}],"is_trial":false}