{"path_per_floor":["M","M","?","M","M","E","R","E","T","?","R","M","?","M","R","B",null,"M","M","$","?","?","E","R"],"character_chosen":"THE_SILENT","items_purchased":["Toxic Egg 2","Dodge and Roll","Footwork"],"gold_per_floor":[109,129,129,140,156,190,190,221,299,299,299,319,419,434,434,531,531,541,554,97,77,77,112,112,112],"floor_reached":25,"campfire_rested":2,"playtime":1638,"current_hp_per_floor":[63,62,62,62,62,38,38,27,27,27,48,48,48,44,44,44,64,64,53,53,53,53,22,43,0],"items_purged":["Strike_G"],"gold":112,"score":407,"play_id":"e44dd008-7f37-4aa1-9c3c-a164779763be","local_time":"20180410114637","is_prod":false,"is_daily":false,"is_ascension_mode":true,"campfire_upgraded":2,"timestamp":1523353597,"path_taken":["M","M","?","M","M","E","R","E","T","?","R","M","?","M","R","BOSS","M","?","$","?","?","E","R","M"],"build_version":"2018-04-05v2","purchased_purges":1,"victory":false,"master_deck":["Defend_G","Defend_G+1","Defend_G","Defend_G","Defend_G+1","Strike_G","Strike_G","Strike_G","Survivor","Neutralize+1","Dagger Spray","Choke","Crippling Poison","Blur","Leg Sweep+1","Blur","Envenom+1","Slice","Blur","Wraith Form","Caltrops","Bane+1","Dodge and Roll+1","Footwork","PiercingWail+1"],"max_hp_per_floor":[70,70,70,70,70,70,70,70,70,70,70,70,70,70,70,70,70,70,70,70,70,70,70,70,70],"relics":["Ring of the Snake","War Paint","Ornamental Fan","Bag of Preparation","Kunai","Velvet Choker","Toxic Egg 2","Bottled Lightning"],"card_choices":[{"not_picked":["Bane","Infinite Blades"],"picked":"Dagger Spray","floor":1},{"not_picked":["Reflex","Crippling Poison"],"picked":"Choke","floor":2},{"not_picked":["PiercingWail","Bane"],"picked":"Blur","floor":4},{"not_picked":["Deadly Poison","Outmaneuver"],"picked":"Leg Sweep","floor":5},{"not_picked":["Acrobatics","Sucker Punch"],"picked":"Blur","floor":6},{"not_picked":["A Thousand Cuts","Deadly Poison"],"picked":"Envenom","floor":8},{"not_picked":["Finisher","Concentrate"],"picked":"Slice","floor":12},{"not_picked":["Backflip","Reflex"],"picked":"Blur","floor":14},{"not_picked":["Corpse Explosion","A Thousand Cuts"],"picked":"Wraith Form","floor":16},{"not_picked":["Reflex","Deadly Poison"],"picked":"Caltrops","floor":18},{"not_picked":["Caltrops","PiercingWail"],"picked":"Bane","floor":19},{"not_picked":["Accuracy","Dagger Spray"],"picked":"PiercingWail","floor":23}],"player_experience":279029,"potions_floor_usage":[8,16,16,23,23,25],"damage_taken":[{"damage":0,"enemies":"2 Louse","floor":1,"turns":4},{"damage":1,"enemies":"Jaw Worm","floor":2,"turns":4},{"damage":0,"enemies":"Small Slimes","floor":4,"turns":3},{"damage":0,"enemies":"2 Fungi Beasts","floor":5,"turns":5},{"damage":24,"enemies":"3 Sentries","floor":6,"turns":14},{"damage":11,"enemies":"Gremlin Nob","floor":8,"turns":4},{"damage":0,"enemies":"Blue Slaver","floor":12,"turns":6},{"damage":4,"enemies":"Exordium Thugs","floor":14,"turns":6},{"damage":0,"enemies":"Slime Boss","floor":16,"turns":11},{"damage":0,"enemies":"3 Byrds","floor":18,"turns":6},{"damage":11,"enemies":"Shell Parasite","floor":19,"turns":9},{"damage":31,"enemies":"Slavers","floor":23,"turns":11},{"damage":70,"enemies":"Cultist and Chosen","floor":25,"turns":10}],"event_choices":[{"event_name":"Living Wall","player_choice":"Change","floor":3,"damage_taken":0},{"event_name":"Upgrade Shrine","player_choice":"Upgraded","floor":10,"damage_taken":0},{"event_name":"Golden Shrine","player_choice":"Pray","floor":13,"damage_taken":0},{"event_name":"The Woman in Blue","player_choice":"Bought 1 Potion","floor":21,"damage_taken":0},{"event_name":"The Lab","player_choice":"Got Potions","floor":22,"damage_taken":0}],"boss_relics":[{"not_picked":["Astrolabe","Tiny House"],"picked":"Velvet Choker"}],"potions_floor_spawned":[2,5,6,12,18],"seed_played":"8550548317341860715","killed_by":"Cultist and Chosen","ascension_level":9,"is_trial":false}