{"gold_per_floor":[128,140,152,164,188,200,18,18,75,75,87,104,129,144,144,246,246,259,274,10,30,30,30,46,60,86,86,103,103,116,146,146,146],"floor_reached":33,"playtime":1147,"items_purged":["Pain"],"score":311,"play_id":"20b6a73e-1976-4a9f-bddf-8033f75b2edd","local_time":"20180915010529","is_ascension_mode":true,"campfire_choices":[{"data":"Redo","floor":6,"key":"SMITH"},{"data":"Zap","floor":8,"key":"SMITH"},{"data":"Rip and Tear","floor":10,"key":"SMITH"},{"data":"Hyperbeam","floor":15,"key":"SMITH"},{"data":"Electrodynamics","floor":23,"key":"SMITH"},{"data":"Buffer","floor":27,"key":"SMITH"},{"floor":29,"key":"REST"},{"floor":32,"key":"REST"}],"neow_cost":"NONE","seed_source_timestamp":37825959645401,"circlet_count":0,"master_deck":["Strike_B","Strike_B","Strike_B","Strike_B","Defend_B","Defend_B","Defend_B","Defend_B","Zap+1","Dualcast+1","Conserve Battery","Redo+1","Conserve Battery","Rip and Tear+1","White Noise","Hyperbeam+1","Rip and Tear","Electrodynamics+1","Conserve Battery","Consume+1","Capacitor","Redo","Ball Lightning+1","Buffer+1","Gash+1","Gash+1"],"relics":["Cracked Core","MawBank","WarpedTongs","Tiny Chest","Strawberry","Nuclear Battery","PreservedInsect","Blood Vial","Molten Egg 2"],"potions_floor_usage":[16,16,18,19,21,28,30],"damage_taken":[{"damage":0,"enemies":"Cultist","floor":1,"turns":3},{"damage":10,"enemies":"2 Louse","floor":5,"turns":2},{"damage":6,"enemies":"Small Slimes","floor":11,"turns":3},{"damage":15,"enemies":"3 Louse","floor":12,"turns":3},{"damage":0,"enemies":"2 Fungi Beasts","floor":14,"turns":1},{"damage":36,"enemies":"The Guardian","floor":16,"turns":8},{"damage":7,"enemies":"2 Thieves","floor":18,"turns":2},{"damage":0,"enemies":"3 Byrds","floor":19,"turns":2},{"damage":16,"enemies":"Snecko","floor":21,"turns":5},{"damage":1,"enemies":"Sentry and Sphere","floor":24,"turns":3},{"damage":9,"enemies":"Centurion and Healer","floor":25,"turns":4},{"damage":12,"enemies":"Snake Plant","floor":28,"turns":3},{"damage":19,"enemies":"3 Cultists","floor":30,"turns":4},{"damage":10,"enemies":"Gremlin Leader","floor":31,"turns":4},{"damage":68,"enemies":"Collector","floor":33,"turns":6}],"seed_played":"-2708733416722651851","potions_obtained":[{"floor":5,"key":"Block Potion"},{"floor":11,"key":"Energy Potion"},{"floor":12,"key":"Strength Potion"},{"floor":16,"key":"Explosive Potion"},{"floor":18,"key":"Strength Potion"},{"floor":19,"key":"Weak Potion"},{"floor":28,"key":"SpeedPotion"}],"is_trial":false,"path_per_floor":["M","?","?","?","M","R","$","R","T","R","M","M","T","M","R","B",null,"M","M","$","M","?","R","M","M","T","R","M","R","M","E","R"],"character_chosen":"DEFECT","items_purchased":["Conserve Battery","Rip and Tear","Capacitor","PreservedInsect","Redo"],"campfire_rested":2,"item_purchase_floors":[7,7,20,20,20],"current_hp_per_floor":[75,75,75,75,65,65,65,65,65,65,59,44,51,51,51,15,82,75,75,75,59,59,59,58,49,49,49,39,63,46,38,62,0],"gold":146,"neow_bonus":"RANDOM_COMMON_RELIC","is_prod":false,"is_daily":false,"chose_seed":false,"campfire_upgraded":6,"win_rate":0,"timestamp":1536966329,"path_taken":["M","?","?","?","M","R","?","R","T","R","?","?","?","?","R","BOSS","M","M","$","M","?","R","M","M","T","R","?","R","M","E","R","BOSS"],"build_version":"2018-09-06","purchased_purges":1,"victory":false,"max_hp_per_floor":[75,75,75,75,75,75,75,75,75,75,75,75,82,82,82,82,82,82,82,82,82,82,82,82,82,82,82,82,82,82,82,82,82],"card_choices":[{"not_picked":["Tempest","Leap"],"picked":"Conserve Battery","floor":1},{"not_picked":["Lockon","Fusion"],"picked":"Redo","floor":5},{"not_picked":["Beam Cell","Ball Lightning"],"picked":"White Noise","floor":11},{"not_picked":["Rebound","Barrage"],"picked":"Hyperbeam","floor":12},{"not_picked":["Steam","Go for the Eyes"],"picked":"Rip and Tear","floor":14},{"not_picked":["Fission","Amplify"],"picked":"Electrodynamics","floor":16},{"not_picked":["Rebound","Hologram"],"picked":"Conserve Battery","floor":18},{"not_picked":["Chaos","Genetic Algorithm+1"],"picked":"Consume+1","floor":19},{"not_picked":["Turbo","Conserve Battery+1"],"picked":"Ball Lightning+1","floor":21},{"not_picked":["Fusion","Conserve Battery","BootSequence"],"picked":"SKIP","floor":24},{"not_picked":["Reprogram","Undo+1"],"picked":"Buffer","floor":25},{"not_picked":["Genetic Algorithm","Streamline"],"picked":"Gash+1","floor":28},{"not_picked":["Conserve Battery","Compile Driver+1"],"picked":"Gash+1","floor":30},{"not_picked":["Coolheaded","Conserve Battery","Barrage"],"picked":"SKIP","floor":31}],"player_experience":162924,"relics_obtained":[{"floor":9,"key":"Tiny Chest"},{"floor":13,"key":"Strawberry"},{"floor":26,"key":"Blood Vial"},{"floor":31,"key":"Molten Egg 2"}],"event_choices":[{"event_name":"Accursed Blacksmith","player_choice":"Rummage","floor":2,"damage_taken":0},{"event_name":"Living Wall","player_choice":"Grow","floor":3,"damage_taken":0},{"event_name":"The Cleric","player_choice":"Leave","floor":4,"damage_taken":0},{"event_name":"Beggar","player_choice":"Ignored","floor":22,"damage_taken":0}],"is_beta":false,"boss_relics":[{"not_picked":["Astrolabe","Busted Crown"],"picked":"Nuclear Battery"}],"items_purged_floors":[7],"is_endless":false,"potions_floor_spawned":[5,11,12,16,18,19,28],"killed_by":"Collector","ascension_level":4}