{"path_per_floor":["M","M","M","$","M","E","R","E","T","E","?","E","?","M","R","B",null,"M","T","?","M","$","E","M","?","T","E","?","M","R","E","R","B",null,"M","M","$","?","M"],"character_chosen":"DEFECT","items_purchased":["Lockon","FTL","Reboot","Lantern","Streamline"],"gold_per_floor":[112,123,138,62,76,108,108,138,138,165,221,246,246,256,256,355,355,365,388,303,313,56,83,98,21,45,73,73,86,86,119,119,214,214,233,250,54,154,168,168],"floor_reached":40,"campfire_rested":3,"playtime":7218,"current_hp_per_floor":[70,70,64,64,54,40,40,33,33,23,23,15,40,40,62,58,75,75,75,75,68,68,38,39,39,39,19,19,23,60,42,81,36,82,57,17,17,17,17,0],"items_purged":["Zap"],"gold":168,"score":498,"play_id":"9b40a308-3ddf-4d43-adc0-48f0461d6d94","local_time":"20180517184927","is_prod":false,"is_daily":false,"chose_seed":false,"is_ascension_mode":true,"campfire_upgraded":1,"timestamp":1526575767,"campfire_choices":[{"data":"Streamline","floor":7,"key":"SMITH"},{"floor":15,"key":"REST"},{"floor":30,"key":"REST"},{"floor":32,"key":"REST"}],"path_taken":["M","M","M","?","M","E","R","E","T","E","?","E","?","M","R","BOSS","M","?","?","M","$","E","M","?","T","E","?","M","R","E","R","BOSS","M","M","$","?","M","E"],"build_version":"2018-05-16","seed_source_timestamp":158135330868568,"purchased_purges":1,"victory":false,"master_deck":["Dualcast","Streamline+1","Glacier","Skim","Lockon","Ball Lightning","FTL","Ball Lightning","Reinforced Body","Beam Cell","Streamline","Multi-Cast","Cold Snap","Auto Shields","Hologram","Beam Cell","Stack","Self Repair","Scrape","Coolheaded","Coolheaded","Hologram","FTL","Reboot","White Noise+1","Capacitor","J.A.X.","Stack","Reboot","Streamline"],"max_hp_per_floor":[75,75,75,75,75,75,75,75,75,75,75,75,75,75,75,75,75,75,75,75,75,75,75,75,75,75,75,75,75,75,82,82,82,82,82,82,82,82,82,82],"relics":["Cracked Core","Omamori","Bag of Marbles","Orichalcum","Darkstone Periapt","Bottled Lightning","Pandora\u0027s Box","Pen Nib","Letter Opener","Shuriken","Bag of Preparation","Regal Pillow","Strawberry","Black Star","Lantern"],"card_choices":[{"not_picked":["Sweeping Beam","Skim"],"picked":"Streamline","floor":1},{"not_picked":["Steam","Steam Power"],"picked":"Glacier","floor":2},{"not_picked":["Rip and Tear","Hologram"],"picked":"Skim","floor":3},{"not_picked":["Barrage","Coolheaded"],"picked":"Ball Lightning","floor":5},{"not_picked":["Steam","Ball Lightning"],"picked":"FTL","floor":6},{"not_picked":["Blizzard","Sweeping Beam"],"picked":"Ball Lightning","floor":8},{"not_picked":["Hologram","Electrodynamics"],"picked":"Reinforced Body","floor":10},{"not_picked":["Steam","Consume"],"picked":"Beam Cell","floor":12},{"not_picked":["Hologram","Redo"],"picked":"Streamline","floor":14},{"not_picked":["Electrodynamics","Thunder Strike"],"picked":"Multi-Cast","floor":16},{"not_picked":["Conserve Battery","Axe Kick"],"picked":"Coolheaded","floor":18},{"not_picked":["Glacier","Go for the Eyes"],"picked":"Hologram","floor":21},{"not_picked":["Creative AI","Loop"],"picked":"White Noise+1","floor":23},{"not_picked":["Go for the Eyes","Beam Cell"],"picked":"Capacitor","floor":24},{"not_picked":["Rip and Tear","Cold Snap","Glacier"],"picked":"SKIP","floor":27},{"not_picked":["Barrage","Cold Snap","Genetic Algorithm"],"picked":"SKIP","floor":29},{"not_picked":["Melter","Capacitor"],"picked":"Stack","floor":31},{"not_picked":["Creative AI","All For One"],"picked":"Reboot","floor":33},{"not_picked":["Barrage","Capacitor+1","Double Energy"],"picked":"SKIP","floor":35},{"not_picked":["Skim","Conserve Battery","Leap"],"picked":"SKIP","floor":36},{"not_picked":["Barrage","Conserve Battery","Capacitor+1"],"picked":"SKIP","floor":39}],"player_experience":72570,"potions_floor_usage":[6,6,10,14,14,27,27,33,33,39,40],"damage_taken":[{"damage":5,"enemies":"Cultist","floor":1,"turns":4},{"damage":0,"enemies":"2 Louse","floor":2,"turns":3},{"damage":6,"enemies":"Jaw Worm","floor":3,"turns":3},{"damage":10,"enemies":"Looter","floor":5,"turns":2},{"damage":14,"enemies":"Gremlin Nob","floor":6,"turns":3},{"damage":7,"enemies":"Lagavulin","floor":8,"turns":6},{"damage":10,"enemies":"3 Sentries","floor":10,"turns":6},{"damage":8,"enemies":"Gremlin Nob","floor":12,"turns":4},{"damage":0,"enemies":"Gremlin Gang","floor":14,"turns":3},{"damage":4,"enemies":"Slime Boss","floor":16,"turns":8},{"damage":3,"enemies":"Shell Parasite","floor":18,"turns":6},{"damage":7,"enemies":"2 Thieves","floor":21,"turns":3},{"damage":37,"enemies":"Book of Stabbing","floor":23,"turns":6},{"damage":6,"enemies":"Snake Plant","floor":24,"turns":3},{"damage":27,"enemies":"Slavers","floor":27,"turns":6},{"damage":3,"enemies":"Centurion and Healer","floor":29,"turns":5},{"damage":32,"enemies":"Book of Stabbing","floor":31,"turns":5},{"damage":52,"enemies":"Champ","floor":33,"turns":11},{"damage":32,"enemies":"3 Darklings","floor":35,"turns":5},{"damage":40,"enemies":"Flame Bruiser 1 Orb","floor":36,"turns":5},{"damage":7,"enemies":"Spire Growth","floor":39,"turns":5},{"damage":31,"enemies":"2 Orb Walkers","floor":40,"turns":2}],"relics_obtained":[{"floor":6,"key":"Omamori"},{"floor":8,"key":"Bag of Marbles"},{"floor":9,"key":"Orichalcum"},{"floor":10,"key":"Darkstone Periapt"},{"floor":12,"key":"Bottled Lightning"},{"floor":19,"key":"Pen Nib"},{"floor":23,"key":"Shuriken"},{"floor":26,"key":"Bag of Preparation"},{"floor":27,"key":"Regal Pillow"},{"floor":31,"key":"Strawberry"}],"event_choices":[{"event_name":"Golden Wing","player_choice":"Gained Gold","floor":11,"damage_taken":0},{"event_name":"Big Fish","player_choice":"Banana","floor":13,"damage_taken":0},{"event_name":"Addict","player_choice":"Obtained Relic","floor":20,"damage_taken":0},{"event_name":"Drug Dealer","player_choice":"Got JAXXED","floor":25,"damage_taken":0},{"event_name":"Wheel of Change","player_choice":"Curse","floor":28,"damage_taken":0},{"event_name":"Golden Shrine","player_choice":"Pray","floor":38,"damage_taken":0}],"boss_relics":[{"not_picked":["Runic Pyramid","Orrery"],"picked":"Pandora\u0027s Box"},{"not_picked":["Tiny House","Runic Dome"],"picked":"Black Star"}],"potions_floor_spawned":[2,3,5,6,8,16,24,29,31,33,36],"seed_played":"829257452807130363","killed_by":"2 Orb Walkers","ascension_level":1,"potions_obtained":[{"floor":2,"key":"LiquidBronze"},{"floor":3,"key":"Explosive Potion"},{"floor":5,"key":"Poison Potion"},{"floor":6,"key":"Block Potion"},{"floor":8,"key":"Explosive Potion"},{"floor":16,"key":"Explosive Potion"},{"floor":24,"key":"Swift Potion"},{"floor":29,"key":"FearPotion"},{"floor":31,"key":"Strength Potion"},{"floor":33,"key":"Swift Potion"},{"floor":36,"key":"Block Potion"}],"is_trial":false}