{"gold_per_floor":[110,21,40,57,57,57,57,92,92,107,107],"floor_reached":11,"playtime":405,"items_purged":[],"score":102,"play_id":"73841963-6f99-45e9-8c40-c0c4ca5bbc8f","local_time":"20181126232330","is_ascension_mode":true,"campfire_choices":[{"data":"Neutralize","floor":6.0,"key":"SMITH"}],"neow_cost":"NONE","seed_source_timestamp":858980627322626,"circlet_count":0,"master_deck":["Defend_G","Defend_G","Defend_G","Defend_G","Strike_G","Strike_G","Strike_G","Strike_G","Survivor","Neutralize+1","Dagger Spray","Noxious Fumes","Backflip","Die Die Die","Catalyst"],"special_seed":0,"relics":["Ring of the Snake","Golden Idol","Bottled Flame","Letter Opener"],"potions_floor_usage":[11,11],"damage_taken":[{"damage":0.0,"enemies":"Cultist","floor":1.0,"turns":4.0},{"damage":4.0,"enemies":"Small Slimes","floor":3.0,"turns":3.0},{"damage":2.0,"enemies":"Jaw Worm","floor":4.0,"turns":3.0},{"damage":21.0,"enemies":"3 Sentries","floor":8.0,"turns":7.0},{"damage":9.0,"enemies":"Exordium Wildlife","floor":10.0,"turns":6.0},{"damage":17,"enemies":"Lagavulin","floor":11,"turns":6}],"seed_played":"-8406115353396064360","potions_obtained":[{"floor":1.0,"key":"SpeedPotion"},{"floor":3.0,"key":"Weak Potion"}],"is_trial":false,"path_per_floor":["M","$","M","M","?","R","?","E","T","M","E"],"character_chosen":"THE_SILENT","items_purchased":["Noxious Fumes","Backflip"],"campfire_rested":0,"item_purchase_floors":[2,2],"current_hp_per_floor":[63,63,59,57,50,50,33,12,12,3,0],"gold":107,"neow_bonus":"REMOVE_CARD","is_prod":false,"is_daily":false,"chose_seed":false,"campfire_upgraded":1,"win_rate":0,"timestamp":1543292610,"path_taken":["M","$","M","?","?","R","?","E","T","M","E"],"build_version":"2018-11-15","purchased_purges":0,"victory":false,"max_hp_per_floor":[70,70,70,70,70,70,70,70,70,70,70],"card_choices":[{"not_picked":["Reflex","Acrobatics"],"picked":"Dagger Spray","floor":1.0},{"not_picked":["Riddle With Holes","Poisoned Stab"],"picked":"Die Die Die","floor":3.0},{"not_picked":["Outmaneuver","Flying Knee","Deadly Poison"],"picked":"SKIP","floor":4.0},{"not_picked":["Sucker Punch","Flying Knee"],"picked":"Catalyst","floor":8.0},{"not_picked":["Eviscerate","Expertise","Deadly Poison"],"picked":"SKIP","floor":10.0}],"player_experience":459865,"relics_obtained":[{"floor":8.0,"key":"Bottled Flame"},{"floor":9.0,"key":"Letter Opener"}],"event_choices":[{"cards_removed":["Defend_G"],"damage_healed":0.0,"max_hp_gain":0.0,"max_hp_loss":0.0,"gold_gain":0.0,"event_name":"Golden Wing","player_choice":"Card Removal","floor":5.0,"gold_loss":0.0,"damage_taken":7.0},{"damage_healed":0.0,"max_hp_gain":0.0,"max_hp_loss":0.0,"gold_gain":0.0,"event_name":"Golden Idol","player_choice":"Take Damage","floor":7.0,"gold_loss":0.0,"damage_taken":17.0,"relics_obtained":["Golden Idol"]}],"is_beta":true,"boss_relics":[],"items_purged_floors":[],"is_endless":false,"potions_floor_spawned":[1,3],"killed_by":"Lagavulin","ascension_level":8}