{"gold_per_floor":[15113,15188,15199,15211,15211,15244,15244,15244,15271,14215,14231,14231,14262,13306,13306,13434,13434,13449,12552,12552,12827,12842,12842,12867,12867,12893,12909,12924,12924,12945,11890,11890,12020,12020,12041,12062,12085,12103,12128,12128,11006,11006,11030,11030,11053,11086,10100,10123,10123],"floor_reached":49,"playtime":2568,"items_purged":["Twin Strike","Feel No Pain","Bloodletting","Regret","Writhe","Pain"],"score":704,"play_id":"3eaceed1-0a6c-4ff3-a0e6-d4fe61499f81","local_time":"20190223175244","is_ascension_mode":false,"campfire_choices":[{"data":"Infernal Blade","floor":8,"key":"SMITH"},{"data":"Clothesline","floor":12,"key":"SMITH"},{"data":"Seeing Red","floor":15,"key":"SMITH"},{"data":"Hemokinesis","floor":23,"key":"SMITH"},{"data":"Entrench","floor":25,"key":"SMITH"},{"data":"Exhume","floor":29,"key":"SMITH"},{"floor":32,"key":"RECALL"},{"data":"Body Slam","floor":40,"key":"SMITH"}],"neow_cost":"NONE","seed_source_timestamp":0,"circlet_count":0,"master_deck":["Bash+1","Infernal Blade+1","Clothesline+1","Seeing Red","Shockwave","Seeing Red+1","Iron Wave+1","Entrench+1","Shrug It Off","Ghostly Armor","Seeing Red+1","Dropkick","Shrug It Off","Inflame","Finesse","Thinking Ahead","Exhume+1","Rupture","Madness","Rupture+1","Hemokinesis+1","Coolheaded+1","Parasite","Sadistic Nature+1","Bandage Up","Adrenaline","Clumsy","Clumsy","Havoc+1","Jack Of All Trades+1","Parasite","Body Slam+1","Panache+1","Offering","Exhume","Madness","Madness","Dark Embrace+1","Footwork+1"],"special_seed":0,"relics":["Pandora\u0027s Box","Golden Idol","Juzu Bracelet","Whetstone","Medical Kit","Bronze Scales","Regal Pillow","Red Skull","Blood Vial","Meat on the Bone","MealTicket","Cursed Key","PrismaticShard","Frozen Egg 2","Happy Flower","Smiling Mask","Sling","Pear","Dream Catcher","Calling Bell","Centennial Puzzle","Gremlin Horn","Shovel","Cauldron","Ornamental Fan","Singing Bowl","Bag of Marbles","Pantograph","Strange Spoon","Champion Belt","Question Card"],"potions_floor_usage":[6,6,18,22,22,22,27,28,33,33,33,33,33,33,46,46],"damage_taken":[{"damage":0,"enemies":"Cultist","floor":1,"turns":3},{"damage":3,"enemies":"2 Louse","floor":3,"turns":2},{"damage":8,"enemies":"Small Slimes","floor":4,"turns":3},{"damage":34,"enemies":"3 Sentries","floor":6,"turns":8},{"damage":0,"enemies":"Red Slaver","floor":11,"turns":3},{"damage":7,"enemies":"Lagavulin","floor":13,"turns":5},{"damage":11,"enemies":"The Guardian","floor":16,"turns":9},{"damage":0,"enemies":"Spheric Guardian","floor":18,"turns":3},{"damage":26,"enemies":"2 Thieves","floor":22,"turns":4},{"damage":20,"enemies":"Shelled Parasite and Fungi","floor":24,"turns":5},{"damage":9,"enemies":"Cultist and Chosen","floor":27,"turns":4},{"damage":21,"enemies":"Snake Plant","floor":28,"turns":4},{"damage":12,"enemies":"Snecko","floor":30,"turns":5},{"damage":103,"enemies":"Automaton","floor":33,"turns":7},{"damage":10,"enemies":"3 Darklings","floor":35,"turns":4},{"damage":10,"enemies":"3 Shapes","floor":36,"turns":5},{"damage":6,"enemies":"Maw","floor":37,"turns":6},{"damage":39,"enemies":"Writhing Mass","floor":38,"turns":4},{"damage":31,"enemies":"Spire Growth","floor":39,"turns":5},{"damage":30,"enemies":"Maw","floor":45,"turns":5},{"damage":34,"enemies":"Reptomancer","floor":46,"turns":5},{"damage":5,"enemies":"Jaw Worm Horde","floor":48,"turns":3}],"seed_played":"-1385588755972520118","potions_obtained":[{"floor":1,"key":"PowerPotion"},{"floor":4,"key":"Explosive Potion"},{"floor":18,"key":"EssenceOfSteel"},{"floor":30,"key":"Strength Potion"},{"floor":38,"key":"PowerPotion"},{"floor":41,"key":"Fire Potion"},{"floor":41,"key":"EssenceOfSteel"},{"floor":41,"key":"Strength Potion"},{"floor":41,"key":"Ancient Potion"}],"is_trial":false,"path_per_floor":["M","?","M","M","?","E","?","R","T","$","M","R","E","$","R","B",null,"M","$","?","?","M","R","M","R","T","M","M","R","M","$","R","B",null,"M","M","M","M","M","R","$","?","T","?","M","E","$","M","R"],"character_chosen":"IRONCLAD","items_purchased":["Medical Kit","Bronze Scales","Regal Pillow","Seeing Red","Dropkick","AttackPotion","EntropicBrew","PowerPotion","Finesse","Shrug It Off","Blood Vial","Meat on the Bone","MealTicket","Finesse","Thinking Ahead","PrismaticShard","Frozen Egg 2","Happy Flower","Madness","Rupture+1","Sling","Pear","Dream Catcher","Sadistic Nature+1","Fire Potion","EntropicBrew","Bandage Up","Cauldron","Ornamental Fan","Singing Bowl","Panache+1","Offering","Exhume","Strange Spoon","Champion Belt","Question Card","Dark Embrace+1","Dexterity Potion","AttackPotion"],"campfire_rested":0,"item_purchase_floors":[10,10,10,10,10,10,10,10,10,10,14,14,14,14,14,19,19,19,19,19,31,31,31,31,31,31,31,41,41,41,41,41,41,47,47,47,47,47,47],"current_hp_per_floor":[180,169,166,158,113,79,190,190,190,190,190,190,183,183,183,174,190,190,190,190,190,164,164,146,146,146,139,132,132,122,147,147,62,200,194,190,190,157,132,132,147,147,147,122,112,98,113,110,110],"gold":10123,"neow_bonus":"UPGRADE_CARD","is_prod":false,"is_daily":false,"chose_seed":false,"campfire_upgraded":7,"win_rate":0,"timestamp":1550962364,"path_taken":["M","?","M","M","?","E","?","R","T","$","M","R","E","$","R","BOSS","M","$","?","?","M","R","M","R","T","M","M","R","M","$","R","BOSS","M","M","M","M","M","R","$","?","T","?","M","E","$","M","R"],"build_version":"2019-01-23","purchased_purges":6,"victory":false,"max_hp_per_floor":[180,180,180,180,180,180,190,190,190,190,190,190,190,190,190,190,190,190,190,190,190,190,190,190,190,190,190,190,190,190,200,200,200,200,200,200,200,200,200,200,200,200,200,200,202,204,204,204,204],"card_choices":[{"not_picked":["Rage","Body Slam","Dual Wield"],"picked":"SKIP","floor":1},{"not_picked":["Power Through","Thunderclap","Cleave"],"picked":"SKIP","floor":3},{"not_picked":["Anger","Clothesline","Headbutt"],"picked":"SKIP","floor":4},{"not_picked":["Thunderclap","Shrug It Off"],"picked":"Ghostly Armor","floor":6},{"not_picked":["Perfected Strike","Shrug It Off"],"picked":"Inflame","floor":11},{"not_picked":["Thunderclap","Whirlwind","Iron Wave"],"picked":"SKIP","floor":13},{"not_picked":["Bludgeon","Double Tap"],"picked":"Exhume","floor":16},{"not_picked":["Body Slam","Headbutt"],"picked":"Rupture","floor":18},{"not_picked":["Flex","Turbo"],"picked":"Coolheaded+1","floor":22},{"not_picked":["Sword Boomerang","Rage","Dagger Spray"],"picked":"SKIP","floor":24},{"not_picked":["Rampage","Go for the Eyes","Quick Slash+1"],"picked":"SKIP","floor":27},{"not_picked":["Skewer","Eviscerate+1","Doppelganger"],"picked":"SKIP","floor":28},{"not_picked":["Compile Driver+1","Wild Strike+1","Flame Barrier"],"picked":"SKIP","floor":30},{"not_picked":["Grand Finale","Tools of the Trade+1"],"picked":"Adrenaline","floor":33},{"not_picked":["Compile Driver","Reflex+1"],"picked":"Havoc+1","floor":35},{"not_picked":["Body Slam","Dagger Throw+1","Poisoned Stab+1"],"picked":"SKIP","floor":36},{"not_picked":["Dash+1","Leg Sweep+1"],"picked":"Jack Of All Trades+1","floor":37},{"not_picked":["Heel Hook","Heavy Blade","Twin Strike"],"picked":"SKIP","floor":38},{"not_picked":["Flex+1","Clothesline"],"picked":"Body Slam","floor":39},{"not_picked":["PanicButton","Streamline+1","Sweeping Beam"],"picked":"Singing Bowl","floor":45},{"not_picked":["Darkness","Endless Agony","Deep Breath+1"],"picked":"Singing Bowl","floor":46},{"not_picked":["Hello World+1","Expertise","Underhanded Strike"],"picked":"Footwork+1","floor":48}],"player_experience":735830,"relics_obtained":[{"floor":6,"key":"Juzu Bracelet"},{"floor":9,"key":"Whetstone"},{"floor":13,"key":"Red Skull"},{"floor":26,"key":"Smiling Mask"},{"floor":34,"key":"Centennial Puzzle"},{"floor":34,"key":"Gremlin Horn"},{"floor":34,"key":"Shovel"},{"floor":43,"key":"Bag of Marbles"},{"floor":46,"key":"Pantograph"}],"event_choices":[{"damage_healed":0,"gold_gain":75,"player_choice":"Gather Gold","damage_taken":11,"max_hp_gain":0,"max_hp_loss":0,"event_name":"World of Goop","floor":2,"gold_loss":0},{"damage_healed":0,"gold_gain":0,"player_choice":"Take Damage","damage_taken":45,"relics_obtained":["Golden Idol"],"max_hp_gain":0,"max_hp_loss":0,"event_name":"Golden Idol","floor":5,"gold_loss":0},{"cards_removed":["Barricade"],"damage_healed":101,"gold_gain":0,"player_choice":"Offered Rare","damage_taken":0,"max_hp_gain":10,"max_hp_loss":0,"event_name":"Bonfire Elementals","floor":7,"gold_loss":0},{"damage_healed":0,"gold_gain":0,"player_choice":"Read","damage_taken":0,"max_hp_gain":0,"max_hp_loss":0,"event_name":"The Library","floor":20,"gold_loss":0,"cards_obtained":["Hemokinesis"]},{"damage_healed":0,"gold_gain":275,"player_choice":"Desecrate","damage_taken":0,"max_hp_gain":0,"max_hp_loss":0,"event_name":"Golden Shrine","floor":21,"gold_loss":0,"cards_obtained":["Regret"]},{"cards_removed":["Finesse"],"damage_healed":0,"gold_gain":0,"player_choice":"Removed Skill","damage_taken":0,"max_hp_gain":0,"max_hp_loss":0,"event_name":"Falling","floor":42,"gold_loss":0},{"damage_healed":0,"gold_gain":0,"player_choice":"Embrace Madness","damage_taken":25,"max_hp_gain":0,"max_hp_loss":0,"event_name":"Winding Halls","floor":44,"gold_loss":0,"cards_obtained":["Madness","Madness"]}],"is_beta":false,"boss_relics":[{"not_picked":["Runic Pyramid","Philosopher\u0027s Stone"],"picked":"Cursed Key"},{"not_picked":["Mark of Pain","Tiny House"],"picked":"Calling Bell"}],"items_purged_floors":[10,14,19,31,41,47],"is_endless":false,"potions_floor_spawned":[1,4,11,13,18,22,30,38,45],"ascension_level":0}