{"gold_per_floor":[114,114,114,127,137,137,170,170,170,170,127,127,127,127,127,224,224,237,85,103,103,0,0,17,33,59,77,90,90,101,120,120,223,223,238,238],"floor_reached":36,"playtime":1667,"items_purged":[],"score":382,"play_id":"338f643d-4c81-4729-89c9-7274bca3cb68","local_time":"20190222232627","is_ascension_mode":true,"campfire_choices":[{"data":"Sunder","floor":6,"key":"SMITH"},{"floor":8,"key":"REST"},{"data":"1","floor":10,"key":"LIFT"},{"data":"2","floor":12,"key":"LIFT"},{"floor":15,"key":"REST"},{"data":"3","floor":23,"key":"LIFT"},{"floor":29,"key":"REST"},{"floor":32,"key":"REST"}],"neow_cost":"NONE","seed_source_timestamp":15954010730413,"circlet_count":0,"master_deck":["Strike_B+1","Strike_B+1","Defend_B","Defend_B","Defend_B","Zap+1","Dualcast","Sunder+1","Go for the Eyes","White Noise+1","Heatsinks+1","Electrodynamics","Hologram+1","Reboot+1","Hologram+1","Normality","Force Field+1","Ball Lightning","Streamline+1","Creative AI","Double Energy+1","Echo Form+1","Gash+1","Hello World"],"relics":["Cracked Core","Toxic Egg 2","Girya","Whetstone","Cursed Key","DataDisk","PreservedInsect","Astrolabe"],"potions_floor_usage":[16,20,28,31,33,33],"damage_taken":[{"damage":1,"enemies":"Cultist","floor":1,"turns":4},{"damage":2,"enemies":"Small Slimes","floor":4,"turns":2},{"damage":0,"enemies":"2 Louse","floor":5,"turns":2},{"damage":36,"enemies":"Gremlin Nob","floor":7,"turns":4},{"damage":49,"enemies":"The Guardian","floor":16,"turns":8},{"damage":0,"enemies":"Chosen","floor":18,"turns":3},{"damage":21,"enemies":"3 Byrds","floor":20,"turns":3},{"damage":6,"enemies":"Cultist and Chosen","floor":24,"turns":3},{"damage":6,"enemies":"3 Cultists","floor":25,"turns":4},{"damage":7,"enemies":"Centurion and Healer","floor":27,"turns":3},{"damage":0,"enemies":"Snecko","floor":28,"turns":3},{"damage":7,"enemies":"3 Cultists","floor":30,"turns":3},{"damage":55,"enemies":"Shelled Parasite and Fungi","floor":31,"turns":4},{"damage":21,"enemies":"Collector","floor":33,"turns":6},{"damage":0,"enemies":"3 Shapes","floor":35,"turns":3},{"damage":93,"enemies":"2 Orb Walkers","floor":36,"turns":4}],"seed_played":"1901287123868700943","potions_obtained":[{"floor":1,"key":"Explosive Potion"},{"floor":4,"key":"FearPotion"},{"floor":7,"key":"Fire Potion"},{"floor":24,"key":"SpeedPotion"},{"floor":25,"key":"EssenceOfSteel"},{"floor":28,"key":"Regen Potion"}],"is_trial":false,"path_per_floor":["M","?","?","M","M","R","E","R","T","R","?","R","?","?","R","B",null,"M","$","M","$","?","R","M","M","T","M","M","R","M","M","R","B",null,"M","?"],"character_chosen":"DEFECT","items_purchased":["DataDisk"],"campfire_rested":4,"item_purchase_floors":[19],"current_hp_per_floor":[74,62,62,60,60,60,24,46,46,46,46,46,51,51,75,26,80,80,80,59,59,59,59,53,47,47,40,40,64,57,11,35,14,80,80,0],"gold":238,"neow_bonus":"UPGRADE_CARD","is_prod":false,"is_daily":false,"chose_seed":false,"campfire_upgraded":1,"win_rate":0,"timestamp":1550877987,"path_taken":["M","?","?","M","M","R","E","R","T","R","?","R","?","?","R","BOSS","M","$","M","$","?","R","M","M","T","M","M","R","M","M","R","BOSS","M","?"],"build_version":"2019-01-23","purchased_purges":0,"victory":false,"max_hp_per_floor":[75,75,75,75,75,75,75,75,75,75,75,75,80,80,80,80,80,80,80,80,80,80,80,80,80,80,80,80,80,80,80,80,80,80,80,80],"card_choices":[{"not_picked":["Streamline","Force Field"],"picked":"Sunder","floor":1},{"not_picked":["Sunder","Glacier+1"],"picked":"Go for the Eyes","floor":4},{"not_picked":["Beam Cell","Reprogram+1"],"picked":"White Noise+1","floor":5},{"not_picked":["Melter","Redo+1"],"picked":"Heatsinks","floor":7},{"not_picked":["Echo Form","Core Surge"],"picked":"Electrodynamics","floor":16},{"not_picked":["Beam Cell+1","Scrape"],"picked":"Hologram+1","floor":18},{"not_picked":["Beam Cell","Self Repair"],"picked":"Reboot+1","floor":20},{"not_picked":["Beam Cell","Compile Driver","Leap+1"],"picked":"SKIP","floor":24},{"not_picked":["Force Field+1","Blizzard"],"picked":"Hologram+1","floor":25},{"not_picked":["Coolheaded+1","BootSequence+1","Turbo+1"],"picked":"SKIP","floor":27},{"not_picked":["Conserve Battery+1","Sunder"],"picked":"Force Field+1","floor":28},{"not_picked":["Genetic Algorithm+1","Cold Snap+1"],"picked":"Ball Lightning","floor":30},{"not_picked":["Gash","Genetic Algorithm+1"],"picked":"Streamline+1","floor":31},{"not_picked":["Thunder Strike","Hyperbeam"],"picked":"Creative AI","floor":33},{"not_picked":["Lockon+1","Double Energy+1"],"picked":"Hello World","floor":35}],"player_experience":172098,"relics_obtained":[{"floor":7,"key":"Girya"},{"floor":9,"key":"Whetstone"},{"floor":26,"key":"PreservedInsect"}],"event_choices":[{"damage_healed":0,"gold_gain":0,"player_choice":"Success","damage_taken":12,"relics_obtained":["Toxic Egg 2"],"max_hp_gain":0,"max_hp_loss":0,"event_name":"Scrap Ooze","floor":2,"gold_loss":0},{"damage_healed":0,"gold_gain":0,"player_choice":"Ignored","damage_taken":0,"max_hp_gain":0,"max_hp_loss":0,"event_name":"Golden Idol","floor":3,"gold_loss":0},{"damage_healed":0,"gold_gain":0,"player_choice":"Left Gold","damage_taken":0,"max_hp_gain":0,"max_hp_loss":0,"event_name":"World of Goop","floor":11,"gold_loss":43},{"damage_healed":0,"gold_gain":0,"player_choice":"Donut","damage_taken":0,"max_hp_gain":5,"max_hp_loss":0,"event_name":"Big Fish","floor":13,"gold_loss":0},{"damage_healed":0,"gold_gain":0,"player_choice":"Upgraded","damage_taken":0,"max_hp_gain":0,"max_hp_loss":0,"event_name":"Upgrade Shrine","floor":14,"gold_loss":0,"cards_upgraded":["Heatsinks"]},{"damage_healed":0,"gold_gain":0,"player_choice":"Paid Fearfully","damage_taken":0,"max_hp_gain":0,"max_hp_loss":0,"event_name":"Masked Bandits","floor":22,"gold_loss":103},{"damage_healed":0,"gold_gain":0,"player_choice":"Fight","damage_taken":0,"max_hp_gain":0,"max_hp_loss":0,"event_name":"Mysterious Sphere","floor":36,"gold_loss":0}],"is_beta":false,"boss_relics":[{"not_picked":["Eternal Feather","Runic Dome"],"picked":"Cursed Key"},{"not_picked":["Calling Bell","Philosopher\u0027s Stone"],"picked":"Astrolabe"}],"items_purged_floors":[],"is_endless":false,"potions_floor_spawned":[1,4,7,24,25,28],"killed_by":"2 Orb Walkers","ascension_level":1}