{"path_per_floor":["M","?","M","?","M","R","E","?","T","E","R","M","R","M","R","B",null,"M","M","?","M","$","R","E","?","T","E","M","R","?","$","R"],"character_chosen":"DEFECT","items_purchased":["Scrape","Matryoshka"],"gold_per_floor":[10,10,22,22,39,39,66,66,93,119,119,134,134,148,148,244,244,261,272,272,288,251,251,279,279,279,313,329,329,359,25,25,25],"floor_reached":33,"campfire_rested":1,"playtime":1008,"item_purchase_floors":[22,31],"current_hp_per_floor":[88,88,87,87,84,84,46,46,46,15,15,14,14,14,40,4,68,66,63,63,57,57,57,41,41,41,29,28,28,28,28,28,0],"items_purged":["Normality"],"gold":25,"score":366,"play_id":"30ef7873-9f6e-4778-8194-16ae915abcef","local_time":"20180602023134","is_prod":false,"is_daily":false,"chose_seed":false,"is_ascension_mode":true,"campfire_upgraded":6,"win_rate":0,"timestamp":1527921094,"campfire_choices":[{"data":"Dualcast","floor":6,"key":"SMITH"},{"data":"Redo","floor":11,"key":"SMITH"},{"data":"Core Surge","floor":13,"key":"SMITH"},{"floor":15,"key":"REST"},{"data":"Scrape","floor":23,"key":"SMITH"},{"data":"Biased Cognition","floor":29,"key":"SMITH"},{"data":"Skim","floor":32,"key":"SMITH"}],"path_taken":["M","?","M","?","M","R","E","?","T","E","R","M","R","M","R","BOSS","M","M","?","?","?","R","E","?","T","E","M","R","?","$","R","BOSS"],"build_version":"2018-05-30v2","seed_source_timestamp":391685820176869,"purchased_purges":1,"victory":false,"master_deck":["Strike_B+1","Strike_B+1","Strike_B+1","Defend_B+1","Defend_B+1","Defend_B+1","Defend_B+1","Zap+1","Dualcast+1","Redo+1","Blizzard","Gash","Gash","Skim+1","Core Surge+1","BootSequence","Rebound","Biased Cognition+1","Hologram+1","Scrape+1","Scrape+1","Ball Lightning+1","Compile Driver+1","Beam Cell+1"],"max_hp_per_floor":[89,89,89,89,89,89,89,89,89,89,89,89,89,89,89,89,89,89,89,89,89,89,89,89,89,89,89,89,89,89,89,89,89],"relics":["Cracked Core","War Paint","Oddly Smooth Stone","Pen Nib","Black Star","Juzu Bracelet","Happy Flower","Bag of Marbles","Blue Candle","Molten Egg 2","Tiny Chest","Matryoshka"],"card_choices":[{"not_picked":["Conserve Battery","Capacitor"],"picked":"Redo","floor":1},{"not_picked":["Turbo","Steam"],"picked":"Gash","floor":3},{"not_picked":["Streamline","Barrage"],"picked":"Gash","floor":5},{"not_picked":["Rebound","Meteor Strike"],"picked":"Skim","floor":7},{"not_picked":["Steam","Rebound","Compile Driver"],"picked":"SKIP","floor":10},{"not_picked":["Compile Driver","White Noise"],"picked":"BootSequence","floor":12},{"not_picked":["Sweeping Beam","Melter"],"picked":"Rebound","floor":14},{"not_picked":["Meteor Strike","Fission"],"picked":"Biased Cognition","floor":16},{"not_picked":["Barrage","Beam Cell"],"picked":"Hologram+1","floor":18},{"not_picked":["Capacitor","Turbo","Tempest"],"picked":"SKIP","floor":19},{"not_picked":["Gash","Barrage"],"picked":"Scrape+1","floor":21},{"not_picked":["Compile Driver","Sweeping Beam"],"picked":"Ball Lightning+1","floor":24},{"not_picked":["Rebound","Conserve Battery"],"picked":"Compile Driver+1","floor":27},{"not_picked":["Hologram","Static Discharge"],"picked":"Beam Cell+1","floor":28}],"player_experience":255809,"potions_floor_usage":[7,16,24,27,33],"damage_taken":[{"damage":1,"enemies":"2 Louse","floor":1,"turns":2},{"damage":1,"enemies":"Cultist","floor":3,"turns":3},{"damage":3,"enemies":"Small Slimes","floor":5,"turns":3},{"damage":38,"enemies":"Gremlin Nob","floor":7,"turns":4},{"damage":31,"enemies":"Lagavulin","floor":10,"turns":5},{"damage":1,"enemies":"Exordium Wildlife","floor":12,"turns":3},{"damage":0,"enemies":"Blue Slaver","floor":14,"turns":3},{"damage":36,"enemies":"The Guardian","floor":16,"turns":10},{"damage":2,"enemies":"Spheric Guardian","floor":18,"turns":3},{"damage":3,"enemies":"Chosen","floor":19,"turns":4},{"damage":6,"enemies":"Snake Plant","floor":21,"turns":4},{"damage":30,"enemies":"Gremlin Leader","floor":24,"turns":5},{"damage":12,"enemies":"Book of Stabbing","floor":27,"turns":3},{"damage":1,"enemies":"Snecko","floor":28,"turns":3},{"damage":34,"enemies":"Collector","floor":33,"turns":3}],"relics_obtained":[{"floor":7,"key":"War Paint"},{"floor":9,"key":"Oddly Smooth Stone"},{"floor":10,"key":"Pen Nib"},{"floor":24,"key":"Juzu Bracelet"},{"floor":24,"key":"Happy Flower"},{"floor":26,"key":"Bag of Marbles"},{"floor":27,"key":"Blue Candle"},{"floor":27,"key":"Molten Egg 2"}],"event_choices":[{"event_name":"Transmorgrifier","player_choice":"Transform","floor":2,"damage_taken":0},{"event_name":"Living Wall","player_choice":"Grow","floor":4,"damage_taken":0},{"event_name":"Match and Keep!","player_choice":"1 cards matched","floor":8,"damage_taken":0},{"event_name":"Back to Basics","player_choice":"Simplicity","floor":20,"damage_taken":0},{"event_name":"Vampires","player_choice":"Ignored","floor":25,"damage_taken":0},{"event_name":"Accursed Blacksmith","player_choice":"Rummage","floor":30,"damage_taken":0}],"boss_relics":[{"not_picked":["Snecko Eye","Tiny House"],"picked":"Black Star"}],"items_purged_floors":[31],"potions_floor_spawned":[5,7,12,16,18,19,27,28],"seed_played":"10155429137072259","killed_by":"Collector","ascension_level":5,"potions_obtained":[{"floor":5,"key":"PowerPotion"},{"floor":7,"key":"Strength Potion"},{"floor":12,"key":"AttackPotion"},{"floor":16,"key":"SpeedPotion"},{"floor":18,"key":"Regen Potion"},{"floor":19,"key":"Ancient Potion"},{"floor":27,"key":"FocusPotion"},{"floor":28,"key":"Strength Potion"}],"is_trial":false}