{"gold_per_floor":[109,109,128,53,53,53,68,97,174,184,184],"floor_reached":11,"playtime":635,"items_purged":["Strike_R"],"score":73,"play_id":"7516f201-2bb6-47e3-b094-0fb232d9c15f","local_time":"20190326175631","is_ascension_mode":false,"campfire_choices":[{"floor":6,"key":"REST"}],"neow_cost":"PERCENT_DAMAGE","seed_source_timestamp":937874474938687,"circlet_count":0,"master_deck":["Strike_R","Strike_R","Defend_R","Defend_R","Defend_R","Defend_R","Bash","Sword Boomerang","Sentinel+1","Shrug It Off","Pummel","Barricade","Cleave"],"relics":["Burning Blood","Bag of Preparation","Shuriken"],"potions_floor_usage":[10,10],"damage_taken":[{"damage":16,"enemies":"Jaw Worm","floor":1,"turns":4},{"damage":1,"enemies":"Cultist","floor":3,"turns":4},{"damage":3,"enemies":"Small Slimes","floor":7,"turns":4},{"damage":49,"enemies":"Lagavulin","floor":8,"turns":11},{"damage":31,"enemies":"Exordium Thugs","floor":10,"turns":10},{"damage":11,"enemies":"Exordium Wildlife","floor":11,"turns":4}],"seed_played":"3937828696976810853","potions_obtained":[{"floor":3,"key":"EssenceOfSteel"},{"floor":7,"key":"EssenceOfSteel"}],"is_trial":false,"path_per_floor":["M","?","M","$","?","R","M","E","T","M","M"],"character_chosen":"IRONCLAD","items_purchased":[],"campfire_rested":1,"item_purchase_floors":[],"current_hp_per_floor":[46,46,51,51,51,75,78,35,35,10,0],"gold":184,"neow_bonus":"TRANSFORM_TWO_CARDS","is_prod":false,"is_daily":false,"chose_seed":false,"campfire_upgraded":0,"win_rate":0.0,"timestamp":1553619391,"path_taken":["M","?","M","?","?","R","M","E","T","M","M"],"build_version":"2019-01-23","purchased_purges":1,"victory":false,"max_hp_per_floor":[80,80,80,80,80,80,80,80,80,80,80],"card_choices":[{"not_picked":["Flex","Headbutt"],"picked":"Shrug It Off","floor":1},{"not_picked":["Shrug It Off","Pommel Strike"],"picked":"Pummel","floor":3},{"not_picked":["Disarm","Thunderclap","Inflame"],"picked":"SKIP","floor":7},{"not_picked":["Searing Blow","Corruption"],"picked":"Barricade","floor":8},{"not_picked":["Twin Strike","Pommel Strike"],"picked":"Cleave","floor":10}],"player_experience":107111,"relics_obtained":[{"floor":8,"key":"Bag of Preparation"},{"floor":9,"key":"Shuriken"}],"event_choices":[{"damage_healed":0,"gold_gain":0,"player_choice":"Forge","damage_taken":0,"max_hp_gain":0,"max_hp_loss":0,"event_name":"Accursed Blacksmith","floor":2,"gold_loss":0,"cards_upgraded":["Sentinel"]},{"damage_healed":0,"gold_gain":0,"player_choice":"Ignored","damage_taken":0,"max_hp_gain":0,"max_hp_loss":0,"event_name":"Liars Game","floor":5,"gold_loss":0}],"is_beta":false,"boss_relics":[],"items_purged_floors":[4],"is_endless":false,"potions_floor_spawned":[3,7],"killed_by":"Exordium Wildlife","ascension_level":0}