{"path_per_floor":["M","M","?","M","$","R","E","M","T","E","R","M","T","M","R","B",null,"M","M","$","M","?","R","M","T","T","R","?","M","?","M","R","B",null,"M","$","M","M","?","R","E","R","T","M","M","M","?","M","R","B"],"character_chosen":"IRONCLAD","items_purchased":["Metallicize","Energy Potion","Darkstone Periapt","Metallicize","Strength Potion","Shockwave","Inflame","Shrug It Off"],"gold_per_floor":[115,134,134,144,16,16,49,66,89,117,117,134,434,448,448,553,553,565,585,52,66,66,66,76,76,76,76,76,93,93,108,108,210,210,224,1,21,34,34,34,61,61,61,81,94,114,114,131,131,131],"floor_reached":51,"campfire_rested":1,"playtime":2971,"current_hp_per_floor":[78,70,37,43,43,43,31,33,33,22,46,47,47,53,53,30,68,64,52,52,39,39,39,40,46,52,52,52,48,54,58,58,58,58,58,58,58,58,64,64,64,64,70,69,70,70,76,76,76,55],"items_purged":["Defend_R","Defend_R"],"gold":131,"score":1145,"play_id":"2ca91933-503e-4842-8b01-a54e06c5c233","local_time":"20180406174336","is_prod":false,"is_daily":false,"is_ascension_mode":true,"campfire_upgraded":8,"timestamp":1523029416,"path_taken":["M","M","?","M","$","R","E","M","T","E","R","M","?","M","R","BOSS","M","M","$","M","?","R","M","?","T","R","?","M","?","?","R","BOSS","M","$","M","?","?","R","E","R","T","?","M","M","?","M","R","BOSS"],"build_version":"2018-04-05v2","purchased_purges":2,"victory":true,"master_deck":["Strike_R","Strike_R","Strike_R","Strike_R","Strike_R","Defend_R","Defend_R","Bash+1","Double Tap+1","Perfected Strike","Wild Strike","Evolve+1","Metallicize","Twin Strike","Clash","Double Tap+1","Shrug It Off","Immolate","Combust","Reaper","Metallicize","Shockwave","Rupture+1","Ghostly","Ghostly","Ghostly","Ghostly","Ghostly","Twin Strike","Decay","Parasite","Inflame","Decay","Corruption+1","Dark Embrace+1","Wild Strike","Inflame","Shrug It Off","Havoc","Normality","Perfected Strike+1","Doubt","Barricade+1","Twin Strike+1","Combust","Writhe","Dual Wield+1"],"max_hp_per_floor":[80,80,80,80,80,80,80,80,80,80,80,80,80,80,80,80,80,80,80,80,80,40,40,40,46,52,52,52,52,58,58,58,58,58,58,58,58,58,64,64,64,64,70,70,70,70,76,76,76,76],"relics":["Burning Blood","Blue Candle","Orichalcum","Bronze Scales","Charon\u0027s Ashes","Old Coin","Cursed Key","Darkstone Periapt","Bird Faced Urn","Calipers","Toolbox","Lizard Tail","Gambling Chip","Ginger","Champion Belt"],"card_choices":[{"not_picked":["Body Slam","Wild Strike"],"picked":"Perfected Strike","floor":1.0},{"not_picked":["Armaments","Whirlwind"],"picked":"Wild Strike","floor":2.0},{"not_picked":["Whirlwind","Body Slam"],"picked":"Evolve","floor":4.0},{"not_picked":["Thunderclap","Reckless Charge"],"picked":"Twin Strike","floor":7.0},{"not_picked":["Heavy Blade","Iron Wave"],"picked":"Clash","floor":8.0},{"not_picked":["Power Through","Sword Boomerang"],"picked":"Double Tap","floor":10.0},{"not_picked":["Pummel","Dual Wield"],"picked":"Shrug It Off","floor":14.0},{"not_picked":["Dark Embrace","Demon Form"],"picked":"Immolate","floor":16.0},{"not_picked":["Reckless Charge","Twin Strike"],"picked":"Combust","floor":18.0},{"not_picked":["Heavy Blade","Headbutt"],"picked":"Reaper","floor":19.0},{"not_picked":["Infernal Blade","Havoc"],"picked":"Rupture","floor":21.0},{"not_picked":["Body Slam","Iron Wave"],"picked":"Twin Strike","floor":24.0},{"not_picked":["Rampage","Armaments"],"picked":"Inflame","floor":29.0},{"not_picked":["Warcry","Shrug It Off"],"picked":"Corruption","floor":31.0},{"not_picked":["Limit Break","Impervious"],"picked":"Dark Embrace","floor":33.0},{"not_picked":["Shockwave","Searing Blow"],"picked":"Wild Strike","floor":35.0},{"not_picked":["Rampage","Ghostly Armor"],"picked":"Havoc","floor":38.0},{"not_picked":["Pommel Strike","Cleave"],"picked":"Perfected Strike","floor":41.0},{"not_picked":["Cleave","Heavy Blade"],"picked":"Barricade","floor":44.0},{"not_picked":["Thunderclap","Body Slam"],"picked":"Twin Strike","floor":45.0},{"not_picked":["Clash","Body Slam"],"picked":"Combust","floor":46.0},{"not_picked":["Clash","Havoc"],"picked":"Dual Wield","floor":48}],"player_experience":250324,"potions_floor_usage":[50],"damage_taken":[{"damage":0.0,"enemies":"2 Louse","floor":1.0,"turns":2.0},{"damage":14.0,"enemies":"Small Slimes","floor":2.0,"turns":5.0},{"damage":0.0,"enemies":"Cultist","floor":4.0,"turns":2.0},{"damage":18.0,"enemies":"3 Sentries","floor":7.0,"turns":6.0},{"damage":4.0,"enemies":"Exordium Wildlife","floor":8.0,"turns":3.0},{"damage":17.0,"enemies":"Lagavulin","floor":10.0,"turns":6.0},{"damage":5.0,"enemies":"Looter","floor":12.0,"turns":2.0},{"damage":0.0,"enemies":"3 Louse","floor":14.0,"turns":3.0},{"damage":29.0,"enemies":"Hexaghost","floor":16.0,"turns":8.0},{"damage":10.0,"enemies":"Chosen","floor":18.0,"turns":3.0},{"damage":18.0,"enemies":"Shell Parasite","floor":19.0,"turns":4.0},{"damage":23.0,"enemies":"Snake Plant","floor":21.0,"turns":5.0},{"damage":1.0,"enemies":"Sentry and Sphere","floor":24.0,"turns":6.0},{"damage":12.0,"enemies":"Chosen and Byrds","floor":29.0,"turns":4.0},{"damage":0.0,"enemies":"Snake Plant","floor":31.0,"turns":3.0},{"damage":14.0,"enemies":"Champ","floor":33.0,"turns":9.0},{"damage":15.0,"enemies":"3 Darklings","floor":35.0,"turns":7.0},{"damage":5.0,"enemies":"Orb Walker","floor":37.0,"turns":3.0},{"damage":6.0,"enemies":"Sphere and 2 Shapes","floor":38.0,"turns":6.0},{"damage":5.0,"enemies":"Nemesis","floor":41.0,"turns":5.0},{"damage":13.0,"enemies":"4 Shapes","floor":44.0,"turns":4.0},{"damage":2.0,"enemies":"3 Darklings","floor":45.0,"turns":5.0},{"damage":4.0,"enemies":"Sphere and 2 Shapes","floor":46.0,"turns":7.0},{"damage":5.0,"enemies":"Maw","floor":48.0,"turns":7.0},{"damage":53,"enemies":"Donu and Deca","floor":50,"turns":8}],"event_choices":[{"event_name":"Scrap Ooze","player_choice":"success","floor":3.0,"damage_taken":33.0},{"event_name":"Ghosts","player_choice":"Became a Ghost","floor":22.0,"damage_taken":0.0},{"event_name":"The Mausoleum","player_choice":"Yes","floor":28.0,"damage_taken":0.0},{"event_name":"Forgotten Altar","player_choice":"Smashed Altar","floor":30.0,"damage_taken":0.0},{"event_name":"Accursed Blacksmith","player_choice":"Rummage","floor":39.0,"damage_taken":0.0},{"event_name":"Winding Halls","player_choice":"Writhe","floor":47.0,"damage_taken":0.0}],"boss_relics":[],"potions_floor_spawned":[2,14,16,21,29,35,44],"seed_played":"1912826829253501822","ascension_level":9,"is_trial":false}