{"gold_per_floor":[2046,2046,1555,1555,1555,1555,1566,1576,1576,1576,1588,1588,1588,1605,1605,1701,1701,1718,1218,1233,1251,708,726,726,741,741,300,314,332,332,351,351,447,447,461,472,11,26,26,57,57,82,82,82,82,94,94,0,0,0,0,0,0,25,25],"floor_reached":55,"playtime":2075,"items_purged":["Regret","Defend_R"],"score":619,"play_id":"979f6afc-1cce-4a4f-978f-41a697b8d864","local_time":"20190326192138","is_ascension_mode":false,"campfire_choices":[{"data":"Body Slam","floor":6.0,"key":"SMITH"},{"data":"Ghostly Armor","floor":10.0,"key":"SMITH"},{"data":"Shrug It Off","floor":13.0,"key":"SMITH"},{"data":"Body Slam","floor":15.0,"key":"SMITH"},{"data":"Ghostly Armor","floor":24.0,"key":"SMITH"},{"data":"Rampage","floor":32.0,"key":"SMITH"},{"data":"Rampage","floor":41.0,"key":"SMITH"},{"floor":44.0,"key":"RECALL"},{"data":"Discovery","floor":49,"key":"SMITH"},{"floor":52,"key":"REST"}],"neow_cost":"","seed_source_timestamp":0,"circlet_count":1,"master_deck":["Ghostly Armor+1","Body Slam+1","Body Slam+1","Shrug It Off+1","Ghostly Armor+1","Rampage+1","Discovery+1"],"special_seed":0,"relics":["Burning Blood","Strawberry","Pantograph","WarpedTongs","Ginger","Circlet","Frozen Eye","Anchor","Bottled Flame","Chemical X","Self Forming Clay","Mummified Hand","OrangePellets","Enchiridion","Runic Cube","Gremlin Horn","TheAbacus","Kunai","Bottled Lightning","Red Mask","Dead Branch"],"potions_floor_usage":[55,55,55],"damage_taken":[{"damage":0.0,"enemies":"2 Louse","floor":1.0,"turns":3.0},{"damage":10.0,"enemies":"Small Slimes","floor":7.0,"turns":2.0},{"damage":6.0,"enemies":"Cultist","floor":8.0,"turns":2.0},{"damage":11.0,"enemies":"3 Louse","floor":11.0,"turns":3.0},{"damage":0.0,"enemies":"Gremlin Gang","floor":14.0,"turns":2.0},{"damage":0.0,"enemies":"Fading Forest","floor":16.0,"turns":1.0},{"damage":0.0,"enemies":"3 Byrds","floor":18.0,"turns":5.0},{"damage":0.0,"enemies":"Shell Parasite","floor":20.0,"turns":1.0},{"damage":0.0,"enemies":"Snake Plant","floor":21.0,"turns":1.0},{"damage":0.0,"enemies":"Cultist and Chosen","floor":23.0,"turns":4.0},{"damage":0.0,"enemies":"Centurion and Healer","floor":25.0,"turns":3.0},{"damage":0.0,"enemies":"3 Cultists","floor":28.0,"turns":4.0},{"damage":0.0,"enemies":"Shelled Parasite and Fungi","floor":29.0,"turns":2.0},{"damage":36.0,"enemies":"Snecko","floor":31.0,"turns":5.0},{"damage":49.0,"enemies":"Automaton","floor":33.0,"turns":7.0},{"damage":0.0,"enemies":"3 Darklings","floor":35.0,"turns":3.0},{"damage":0.0,"enemies":"Orb Walker","floor":36.0,"turns":2.0},{"damage":0.0,"enemies":"Sphere and 2 Shapes","floor":38.0,"turns":3.0},{"damage":0.0,"enemies":"Giant Head","floor":40.0,"turns":4.0},{"damage":9.0,"enemies":"Nemesis","floor":42.0,"turns":5.0},{"damage":5.0,"enemies":"Transient","floor":46.0,"turns":5.0},{"damage":48,"enemies":"Awakened One","floor":50,"turns":7},{"damage":33,"enemies":"Shield and Spear","floor":54,"turns":7},{"damage":95,"enemies":"The Heart","floor":55,"turns":8}],"seed_played":"-1904485875486524704","potions_obtained":[{"floor":23.0,"key":"Explosive Potion"},{"floor":31.0,"key":"PowerPotion"},{"floor":35.0,"key":"Swift Potion"},{"floor":46.0,"key":"Regen Potion"}],"is_trial":false,"path_per_floor":["M","?","$","?","?","R","M","M","T","R","M","?","R","M","R","B",null,"M","$","M","M","$","M","R","M","T","$","M","M","?","M","R","B",null,"M","M","$","M","?","E","R","E","T","R","?","M","?","?","R","B",null,"R","$","E","B"],"character_chosen":"IRONCLAD","items_purchased":["Pantograph","Poison Potion","Ancient Potion","SkillPotion","Frozen Eye","Anchor","Ghostly Armor","Bottled Flame","Chemical X","Fruit Juice","Mummified Hand","OrangePellets","Gremlin Horn","TheAbacus"],"campfire_rested":1,"item_purchase_floors":[3,3,3,3,19,19,19,22,22,22,27,27,37,37],"current_hp_per_floor":[80,87,87,80,80,80,76,76,76,76,71,71,71,77,77,83,87,87,87,87,87,92,92,92,92,92,92,92,92,76,46,46,28,92,92,92,92,92,92,92,92,89,89,89,87,87,87,87,87,45,87,87,87,60,0],"gold":25,"neow_bonus":"","is_prod":false,"is_daily":false,"chose_seed":false,"campfire_upgraded":8,"win_rate":0,"timestamp":1553642498,"path_taken":["M","?","$","?","?","R","M","M","T","R","?","?","R","M","R","BOSS","M","$","?","M","$","M","R","M","T","$","M","?","?","M","R","BOSS","M","M","$","M","?","E","R","E","T","R","?","M","?","?","R","BOSS","R","$","E","BOSS"],"build_version":"2019-01-23","purchased_purges":2,"victory":false,"max_hp_per_floor":[80,87,87,87,87,87,87,87,87,87,87,87,87,87,87,87,87,87,87,87,87,92,92,92,92,92,92,92,92,92,92,92,92,92,92,92,92,92,92,92,92,92,92,92,87,87,87,87,87,87,87,87,87,87,87],"card_choices":[{"not_picked":["Sword Boomerang","Havoc","Second Wind"],"picked":"SKIP","floor":1.0},{"not_picked":["Entrench","True Grit","Warcry"],"picked":"SKIP","floor":7.0},{"not_picked":["Blood for Blood","Searing Blow","Infernal Blade"],"picked":"SKIP","floor":8.0},{"not_picked":["Pommel Strike","Sentinel","Flex"],"picked":"SKIP","floor":11.0},{"not_picked":["Body Slam","Cleave","Iron Wave"],"picked":"SKIP","floor":14.0},{"not_picked":["Body Slam+1","Iron Wave","Clothesline"],"picked":"SKIP","floor":18.0},{"not_picked":["Intimidate","Sword Boomerang","Second Wind"],"picked":"SKIP","floor":20.0},{"not_picked":["Cleave+1","Heavy Blade+1","Pummel"],"picked":"SKIP","floor":21.0},{"not_picked":["Pommel Strike","Iron Wave","Bloodletting"],"picked":"SKIP","floor":23.0},{"not_picked":["Headbutt+1","Dual Wield","Battle Trance+1"],"picked":"SKIP","floor":25.0},{"not_picked":["Clothesline","Pummel","Ghostly Armor+1"],"picked":"SKIP","floor":28.0},{"not_picked":["Headbutt+1","Flame Barrier","Seeing Red"],"picked":"SKIP","floor":29.0},{"not_picked":["Havoc","Warcry"],"picked":"Rampage","floor":31.0},{"not_picked":["Hemokinesis+1","Iron Wave+1","Ghostly Armor+1"],"picked":"SKIP","floor":35.0},{"not_picked":["Searing Blow","Wild Strike+1","Blood for Blood+1"],"picked":"SKIP","floor":36.0},{"not_picked":["Clothesline","Pummel","Thunderclap"],"picked":"SKIP","floor":38.0},{"not_picked":["Reckless Charge","Anger"],"picked":"Rampage","floor":40.0},{"not_picked":["Warcry+1","Whirlwind","Ghostly Armor"],"picked":"SKIP","floor":42.0},{"not_picked":["Iron Wave+1","Metallicize+1","Havoc+1"],"picked":"SKIP","floor":46.0},{"not_picked":["Impatience","Forethought"],"picked":"Discovery","floor":47.0},{"not_picked":["Twin Strike","Second Wind+1","Berserk"],"picked":"SKIP","floor":54}],"player_experience":754144,"relics_obtained":[{"floor":9.0,"key":"Ginger"},{"floor":26.0,"key":"Self Forming Clay"},{"floor":30.0,"key":"Enchiridion"},{"floor":40.0,"key":"Kunai"},{"floor":42.0,"key":"Bottled Lightning"},{"floor":54,"key":"Dead Branch"}],"event_choices":[{"damage_healed":0.0,"max_hp_gain":0.0,"max_hp_loss":0.0,"gold_gain":0.0,"event_name":"Big Fish","player_choice":"Box","floor":2.0,"gold_loss":0.0,"damage_taken":0.0,"relics_obtained":["Strawberry"],"cards_obtained":["Regret"]},{"cards_removed":["Defend_R"],"damage_healed":0.0,"max_hp_gain":0.0,"max_hp_loss":0.0,"gold_gain":0.0,"event_name":"Golden Wing","player_choice":"Card Removal","floor":4.0,"gold_loss":0.0,"damage_taken":7.0},{"damage_healed":0.0,"max_hp_gain":0.0,"max_hp_loss":0.0,"gold_gain":0.0,"event_name":"Accursed Blacksmith","player_choice":"Rummage","floor":5.0,"gold_loss":0.0,"damage_taken":0.0,"relics_obtained":["WarpedTongs"],"cards_obtained":["Pain"]},{"cards_removed":["Pain"],"damage_healed":0.0,"max_hp_gain":0.0,"max_hp_loss":0.0,"gold_gain":0.0,"event_name":"Fountain of Cleansing","player_choice":"Removed Curses","floor":12.0,"gold_loss":0.0,"damage_taken":0.0},{"damage_healed":0.0,"max_hp_gain":0.0,"max_hp_loss":0.0,"gold_gain":0.0,"event_name":"Cursed Tome","player_choice":"Obtained Book","floor":30.0,"gold_loss":0.0,"damage_taken":16.0},{"cards_removed":["Rampage"],"damage_healed":0.0,"max_hp_gain":0.0,"max_hp_loss":0.0,"gold_gain":0.0,"event_name":"Falling","player_choice":"Removed Attack","floor":39.0,"gold_loss":0.0,"damage_taken":0.0},{"damage_healed":0.0,"max_hp_gain":0.0,"max_hp_loss":5.0,"gold_gain":0.0,"event_name":"Winding Halls","player_choice":"Max HP","floor":45.0,"gold_loss":0.0,"damage_taken":0.0},{"damage_healed":0.0,"max_hp_gain":0.0,"max_hp_loss":0.0,"gold_gain":0.0,"event_name":"SensoryStone","player_choice":"Memory 1","floor":47.0,"gold_loss":0.0,"damage_taken":0.0},{"damage_healed":0,"gold_gain":0,"player_choice":"Paid","damage_taken":0,"relics_obtained":["Red Mask"],"max_hp_gain":0,"max_hp_loss":0,"event_name":"Tomb of Lord Red Mask","floor":48,"gold_loss":94}],"is_beta":false,"boss_relics":[{"not_picked":["Pandora\u0027s Box","Runic Dome"],"picked":"Circlet"},{"not_picked":["Circlet","Circlet"],"picked":"Runic Cube"}],"items_purged_floors":[3,19],"is_endless":false,"potions_floor_spawned":[8,11,23,28,31,35,36,46,54],"killed_by":"The Heart","ascension_level":0}