{"gold_per_floor":[113,113,129,129,144,209,209,244,268,268,25,52,69,69],"floor_reached":14,"playtime":707,"items_purged":["Defend_G"],"score":124,"play_id":"1fff6316-28a1-4ada-b360-34d4ceacacbc","local_time":"20190326220053","is_ascension_mode":true,"campfire_choices":[{"data":"Neutralize","floor":7.0,"key":"SMITH"},{"data":"Dagger Spray","floor":10,"key":"SMITH"}],"neow_cost":"NONE","seed_source_timestamp":36130478348902,"circlet_count":0,"master_deck":["Defend_G","Defend_G","Defend_G","Defend_G","Strike_G","Strike_G","Strike_G","Strike_G","Strike_G","Survivor","Neutralize+1","Cloak And Dagger","Infinite Blades","Dagger Spray+1","Dagger Throw","The Bomb","All Out Attack","Backflip"],"special_seed":0,"relics":["Coffee Dripper","Tiny Chest","Smiling Mask","Peace Pipe"],"potions_floor_usage":[],"damage_taken":[{"damage":0.0,"enemies":"Jaw Worm","floor":1.0,"turns":4.0},{"damage":0.0,"enemies":"Small Slimes","floor":3.0,"turns":3.0},{"damage":0.0,"enemies":"2 Louse","floor":5.0,"turns":4.0},{"damage":17.0,"enemies":"3 Sentries","floor":6.0,"turns":9.0},{"damage":33.0,"enemies":"Lagavulin","floor":8.0,"turns":9.0},{"damage":19,"enemies":"Gremlin Nob","floor":12,"turns":5},{"damage":4,"enemies":"Blue Slaver","floor":13,"turns":3},{"damage":3,"enemies":"3 Louse","floor":14,"turns":1}],"seed_played":"1638670310790664979","potions_obtained":[{"floor":5.0,"key":"Swift Potion"},{"floor":6.0,"key":"Ancient Potion"},{"floor":13,"key":"LiquidBronze"}],"is_trial":false,"path_per_floor":["M","?","M","?","M","E","R","E","T","R","$","E","M","M"],"character_chosen":"THE_SILENT","items_purchased":["The Bomb"],"campfire_rested":0,"item_purchase_floors":[11],"current_hp_per_floor":[70,75,75,75,75,58,58,25,25,25,25,6,2,0],"gold":69,"neow_bonus":"BOSS_RELIC","is_prod":false,"is_daily":false,"chose_seed":false,"campfire_upgraded":2,"win_rate":0,"timestamp":1553637653,"path_taken":["M","?","M","?","?","E","R","E","T","R","$","E","M","M"],"build_version":"2019-01-23","purchased_purges":1,"victory":false,"max_hp_per_floor":[70,75,75,75,75,75,75,75,75,75,75,75,75,75],"card_choices":[{"not_picked":["Predator","Deadly Poison"],"picked":"Cloak And Dagger","floor":1.0},{"not_picked":["Flying Knee","Bane"],"picked":"Infinite Blades","floor":3.0},{"not_picked":["Deflect","Tactician","Masterful Stab"],"picked":"SKIP","floor":5.0},{"not_picked":["Doppelganger","Escape Plan"],"picked":"Dagger Spray","floor":6.0},{"not_picked":["Bane","Finisher"],"picked":"Dagger Throw","floor":8.0},{"not_picked":["Masterful Stab","Accuracy"],"picked":"All Out Attack","floor":12},{"not_picked":["Dagger Throw","Deflect"],"picked":"Backflip","floor":13}],"player_experience":223484,"relics_obtained":[{"floor":6.0,"key":"Tiny Chest"},{"floor":8.0,"key":"Smiling Mask"},{"floor":12,"key":"Peace Pipe"}],"event_choices":[{"damage_healed":0.0,"max_hp_gain":5.0,"max_hp_loss":0.0,"gold_gain":0.0,"event_name":"Big Fish","player_choice":"Donut","floor":2.0,"gold_loss":0.0,"damage_taken":0.0},{"damage_healed":0.0,"max_hp_gain":0.0,"max_hp_loss":0.0,"gold_gain":0.0,"event_name":"The Cleric","player_choice":"Leave","floor":4.0,"gold_loss":0.0,"damage_taken":0.0}],"is_beta":false,"boss_relics":[],"items_purged_floors":[11],"is_endless":false,"potions_floor_spawned":[5,6,13],"killed_by":"3 Louse","ascension_level":3}