{"gold_per_floor":[114,128,143,143,156,156,156,156,156,156,176,251,294,294,294,424,424,443,443,443,443,18,29,43,43,120,136,61,61,74,74,74,170,170,182,198,12,12,26,26,36,436,436,456,456,471,488,504,504,504,504,504,9,42,42],"floor_reached":55,"playtime":3919,"items_purged":["Injury"],"score":646,"play_id":"11172393-8bcb-4e8a-ad28-eb8ba3888176","local_time":"20190216144435","is_ascension_mode":false,"campfire_choices":[{"data":"Conserve Battery","floor":6,"key":"SMITH"},{"data":"Conserve Battery","floor":8,"key":"SMITH"},{"data":"Hello World","floor":10,"key":"SMITH"},{"data":"Glacier","floor":15,"key":"SMITH"},{"data":"Auto Shields","floor":29,"key":"SMITH"},{"data":"Dualcast","floor":32,"key":"SMITH"},{"floor":40,"key":"RECALL"},{"data":"Exhume","floor":45,"key":"SMITH"},{"data":"Electrodynamics","floor":49,"key":"SMITH"},{"data":"Defend_B","floor":52,"key":"SMITH"}],"neow_cost":"NONE","seed_source_timestamp":4125919199952,"circlet_count":0,"master_deck":["Defend_B+1","Defend_B+1","Zap+1","Dualcast+1","Conserve Battery+1","Hello World+1","Auto Shields+1","Conserve Battery+1","Glacier+1","Parasite","Hyperbeam","Coolheaded+1","White Noise+1","Loop+1","Gash+1","Hologram+1","Backflip+1","Exhume+1","Electrodynamics+1","Dark Shackles","Static Discharge+1","Defragment+1","Storm+1"],"relics":["Empty Cage","Bloody Idol","Kunai","War Paint","Pen Nib","Astrolabe","PreservedInsect","PrismaticShard","Torii","Eternal Feather","Old Coin","Mercury Hourglass","Emotion Chip","Strange Spoon","DataDisk"],"potions_floor_usage":[13,16,24,27,30,33,39,44,47,50,50],"damage_taken":[{"damage":1,"enemies":"Jaw Worm","floor":1,"turns":5},{"damage":0,"enemies":"2 Louse","floor":2,"turns":3},{"damage":1,"enemies":"Small Slimes","floor":3,"turns":5},{"damage":7,"enemies":"Blue Slaver","floor":5,"turns":5},{"damage":8,"enemies":"3 Louse","floor":11,"turns":4},{"damage":31,"enemies":"Gremlin Nob","floor":13,"turns":6},{"damage":23,"enemies":"Hexaghost","floor":16,"turns":14},{"damage":20,"enemies":"Spheric Guardian","floor":18,"turns":10},{"damage":15,"enemies":"Chosen","floor":23,"turns":7},{"damage":21,"enemies":"Centurion and Healer","floor":24,"turns":16},{"damage":7,"enemies":"Shelled Parasite and Fungi","floor":27,"turns":9},{"damage":1,"enemies":"Snake Plant","floor":30,"turns":6},{"damage":7,"enemies":"Champ","floor":33,"turns":16},{"damage":1,"enemies":"3 Darklings","floor":35,"turns":7},{"damage":7,"enemies":"3 Shapes","floor":36,"turns":7},{"damage":1,"enemies":"Writhing Mass","floor":39,"turns":7},{"damage":10,"enemies":"4 Shapes","floor":41,"turns":3},{"damage":11,"enemies":"Mind Bloom Boss Battle","floor":42,"turns":12},{"damage":2,"enemies":"Transient","floor":44,"turns":5},{"damage":12,"enemies":"Sphere and 2 Shapes","floor":46,"turns":4},{"damage":15,"enemies":"4 Shapes","floor":47,"turns":3},{"damage":1,"enemies":"Jaw Worm Horde","floor":48,"turns":4},{"damage":43,"enemies":"Donu and Deca","floor":50,"turns":7},{"damage":4,"enemies":"Shield and Spear","floor":54,"turns":6},{"damage":87,"enemies":"The Heart","floor":55,"turns":5}],"seed_played":"-6543547480276808327","potions_obtained":[{"floor":5,"key":"SpeedPotion"},{"floor":11,"key":"Ancient Potion"},{"floor":13,"key":"PowerPotion"},{"floor":23,"key":"GamblersBrew"},{"floor":24,"key":"LiquidBronze"},{"floor":27,"key":"AttackPotion"},{"floor":30,"key":"Strength Potion"},{"floor":36,"key":"FearPotion"},{"floor":41,"key":"Energy Potion"},{"floor":42,"key":"Explosive Potion"},{"floor":47,"key":"Block Potion"}],"is_trial":false,"path_per_floor":["M","M","M","?","M","R","?","R","T","R","M","?","E","?","R","B",null,"M","?","?","?","$","M","M","?","T","M","?","R","M","?","R","B",null,"M","M","$","?","M","R","M","?","T","M","R","M","M","M","R","B",null,"R","$","E","B"],"character_chosen":"DEFECT","items_purchased":["PreservedInsect","PrismaticShard","Electrodynamics","FearPotion","Emotion Chip","Strange Spoon"],"campfire_rested":0,"item_purchase_floors":[22,22,37,37,53,53],"current_hp_per_floor":[74,74,73,73,66,66,66,66,66,66,58,47,16,34,34,11,75,55,55,75,75,75,65,49,49,54,52,52,52,56,56,56,54,75,75,73,73,73,75,75,70,69,69,72,75,68,58,62,74,31,75,75,75,75,0],"gold":42,"neow_bonus":"BOSS_RELIC","is_prod":false,"is_daily":false,"chose_seed":false,"campfire_upgraded":9,"win_rate":0,"timestamp":1550346275,"path_taken":["M","M","M","?","M","R","?","R","T","R","M","?","E","?","R","BOSS","M","?","?","?","$","M","M","?","T","?","?","R","M","?","R","BOSS","M","M","?","?","M","R","M","?","T","M","R","M","M","M","R","BOSS","R","$","E","BOSS"],"build_version":"2019-01-23","purchased_purges":1,"victory":false,"max_hp_per_floor":[75,75,75,75,75,75,75,75,75,75,75,75,75,75,75,75,75,75,75,75,75,75,75,75,75,75,75,75,75,75,75,75,75,75,75,75,75,75,75,75,75,75,75,75,75,75,75,75,75,75,75,75,75,75,75],"card_choices":[{"not_picked":["Turbo","Beam Cell"],"picked":"Conserve Battery","floor":1},{"not_picked":["Reinforced Body","Genetic Algorithm"],"picked":"Hello World","floor":2},{"not_picked":["Cold Snap","Conserve Battery"],"picked":"Auto Shields","floor":3},{"not_picked":["Rebound","Turbo"],"picked":"Conserve Battery","floor":5},{"not_picked":["Compile Driver","Coolheaded","Stack"],"picked":"SKIP","floor":11},{"not_picked":["Sweeping Beam","Compile Driver"],"picked":"Glacier","floor":13},{"not_picked":["Fission","Amplify"],"picked":"Hyperbeam","floor":16},{"not_picked":["Go for the Eyes","Leap","Turbo+1"],"picked":"SKIP","floor":18},{"not_picked":["Cleave+1","Armaments+1"],"picked":"Gash","floor":23},{"not_picked":["Poisoned Stab","Armaments+1","Stack"],"picked":"SKIP","floor":24},{"not_picked":["Combust+1","Spot Weakness"],"picked":"Hologram+1","floor":27},{"not_picked":["Sword Boomerang","Wild Strike+1"],"picked":"Backflip+1","floor":30},{"not_picked":["Reaper","Barricade"],"picked":"Exhume","floor":33},{"not_picked":["Sentinel","Streamline","Finesse"],"picked":"SKIP","floor":35},{"not_picked":["Leap","Streamline","Finesse+1"],"picked":"SKIP","floor":36},{"not_picked":["Mayhem","Dramatic Entrance"],"picked":"Dark Shackles","floor":38},{"not_picked":["Thunderclap","Dual Wield","Bane"],"picked":"SKIP","floor":39},{"not_picked":["Forethought","Clash+1","Iron Wave+1"],"picked":"SKIP","floor":41},{"not_picked":["Gash","Prepared"],"picked":"Static Discharge+1","floor":44},{"not_picked":["Steam+1","Battle Trance","Scrape"],"picked":"SKIP","floor":46},{"not_picked":["Deep Breath+1","Rebound"],"picked":"Defragment+1","floor":47},{"not_picked":["Perfected Strike+1","Riddle With Holes","Blade Dance"],"picked":"SKIP","floor":48},{"not_picked":["Bludgeon","Headbutt+1"],"picked":"Storm+1","floor":54}],"player_experience":689238,"relics_obtained":[{"floor":9,"key":"War Paint"},{"floor":13,"key":"Pen Nib"},{"floor":42,"key":"Old Coin"},{"floor":43,"key":"Mercury Hourglass"},{"floor":54,"key":"DataDisk"}],"event_choices":[{"damage_healed":0,"gold_gain":0,"player_choice":"Take Wound","damage_taken":0,"relics_obtained":["Golden Idol"],"max_hp_gain":0,"max_hp_loss":0,"event_name":"Golden Idol","floor":4,"gold_loss":0,"cards_obtained":["Injury"]},{"damage_healed":0,"gold_gain":0,"player_choice":"Box","damage_taken":0,"relics_obtained":["Kunai"],"max_hp_gain":0,"max_hp_loss":0,"event_name":"Big Fish","floor":7,"gold_loss":0,"cards_obtained":["Regret"]},{"damage_healed":0,"gold_gain":75,"player_choice":"Gather Gold","damage_taken":11,"max_hp_gain":0,"max_hp_loss":0,"event_name":"World of Goop","floor":12,"gold_loss":0},{"damage_healed":18,"gold_gain":0,"player_choice":"Healed and dodged fight","damage_taken":0,"max_hp_gain":0,"max_hp_loss":0,"event_name":"Mushrooms","floor":14,"gold_loss":0,"cards_obtained":["Parasite"]},{"cards_removed":["Regret"],"damage_healed":0,"gold_gain":0,"player_choice":"Elegance","damage_taken":0,"max_hp_gain":0,"max_hp_loss":0,"event_name":"Back to Basics","floor":19,"gold_loss":0},{"damage_healed":25,"gold_gain":0,"player_choice":"Heal","damage_taken":0,"max_hp_gain":0,"max_hp_loss":0,"event_name":"The Library","floor":20,"gold_loss":0},{"damage_healed":0,"gold_gain":0,"player_choice":"Gave Idol","damage_taken":0,"relics_obtained":["Bloody Idol"],"max_hp_gain":0,"max_hp_loss":0,"event_name":"Forgotten Altar","floor":21,"relics_lost":["Golden Idol"],"gold_loss":0},{"damage_healed":0,"gold_gain":0,"player_choice":"Gave Potion","damage_taken":0,"relics_obtained":["Torii"],"max_hp_gain":0,"max_hp_loss":0,"event_name":"WeMeetAgain","floor":25,"gold_loss":0},{"cards_removed":["Defend_B"],"damage_healed":0,"gold_gain":0,"player_choice":"Gave Gold","damage_taken":0,"max_hp_gain":0,"max_hp_loss":0,"event_name":"Beggar","floor":28,"gold_loss":75},{"damage_healed":0,"gold_gain":0,"player_choice":"Upgraded","damage_taken":0,"max_hp_gain":0,"max_hp_loss":0,"event_name":"Upgrade Shrine","floor":31,"gold_loss":0,"cards_upgraded":["Gash"]},{"damage_healed":0,"gold_gain":0,"player_choice":"Memory 1","damage_taken":0,"max_hp_gain":0,"max_hp_loss":0,"event_name":"SensoryStone","floor":38,"gold_loss":0},{"damage_healed":0,"gold_gain":0,"player_choice":"Fight","damage_taken":0,"max_hp_gain":0,"max_hp_loss":0,"event_name":"MindBloom","floor":42,"gold_loss":0}],"is_beta":false,"boss_relics":[{"not_picked":["Coffee Dripper","Orrery"],"picked":"Astrolabe"},{"not_picked":["Velvet Choker","Runic Dome"],"picked":"Eternal Feather"}],"items_purged_floors":[22],"is_endless":false,"potions_floor_spawned":[5,11,13,23,24,27,30,36,41,42,47],"killed_by":"The Heart","ascension_level":0}