{"gold_per_floor":[367,23,43,43,67,103,103,144,144,144,157,157,176,176,176,267,267,283,283,302,302,53,53,89,102,127,2,2],"floor_reached":28,"playtime":1423,"items_purged":["Defend_G","Injury","Strike_G"],"score":431,"play_id":"8f0d2cc5-549a-4c12-ac70-e7db7bf74e82","local_time":"20180825185319","is_ascension_mode":true,"campfire_choices":[{"floor":7,"key":"REST"},{"floor":10,"key":"REST"},{"data":"Neutralize","floor":12,"key":"SMITH"},{"data":"Footwork","floor":15,"key":"SMITH"},{"floor":23,"key":"REST"}],"neow_cost":"TEN_PERCENT_HP_LOSS","seed_source_timestamp":947867578188639,"circlet_count":0,"master_deck":["Defend_G","Defend_G","Defend_G+1","Defend_G+1","Strike_G","Strike_G","Strike_G","Strike_G","Survivor","Neutralize+1","AscendersBane","Acrobatics","Flying Knee","Footwork+1","Flying Knee","Deflect","Dash","Terror","Dagger Spray","Slice","Adrenaline","Sucker Punch","RitualDagger","Sucker Punch"],"relics":["Ring of the Serpent","War Paint","Golden Idol","Art of War","Mummified Hand","Juzu Bracelet","Vajra","Bottled Tornado","Oddly Smooth Stone"],"potions_floor_usage":[8,16,18,28,28],"damage_taken":[{"damage":8,"enemies":"Jaw Worm","floor":1,"turns":7},{"damage":0,"enemies":"Small Slimes","floor":3,"turns":5},{"damage":3,"enemies":"2 Louse","floor":5,"turns":3},{"damage":34,"enemies":"Lagavulin","floor":6,"turns":10},{"damage":20,"enemies":"3 Sentries","floor":8,"turns":10},{"damage":0,"enemies":"Exordium Wildlife","floor":11,"turns":4},{"damage":4,"enemies":"2 Fungi Beasts","floor":13,"turns":3},{"damage":23,"enemies":"Hexaghost","floor":16,"turns":12},{"damage":0,"enemies":"Shell Parasite","floor":18,"turns":6},{"damage":21,"enemies":"2 Thieves","floor":20,"turns":5},{"damage":25,"enemies":"Book of Stabbing","floor":24,"turns":6},{"damage":3,"enemies":"3 Cultists","floor":25,"turns":5},{"damage":38,"enemies":"Gremlin Leader","floor":28,"turns":6}],"seed_played":"4061725994830168565","potions_obtained":[{"floor":3,"key":"Regen Potion"},{"floor":11,"key":"GamblersBrew"},{"floor":16,"key":"AttackPotion"},{"floor":20,"key":"Dexterity Potion"},{"floor":25,"key":"Regen Potion"}],"is_trial":false,"path_per_floor":["M","$","M","?","M","E","R","E","T","R","M","R","M","?","R","B",null,"M","?","M","?","$","R","E","M","T","$"],"character_chosen":"THE_SILENT","items_purchased":["War Paint","Flying Knee","Footwork","Vajra"],"campfire_rested":3,"item_purchase_floors":[2,2,2,22],"current_hp_per_floor":[51,51,51,51,48,14,32,27,27,45,45,45,41,46,46,23,55,55,49,28,28,28,47,22,19,19,19,0],"gold":2,"neow_bonus":"TWO_FIFTY_GOLD","is_prod":false,"is_daily":false,"chose_seed":false,"campfire_upgraded":2,"win_rate":0,"timestamp":1535248399,"path_taken":["M","$","M","?","M","E","R","E","T","R","M","R","M","?","R","BOSS","M","?","M","?","$","R","E","M","T","?","E"],"build_version":"2018-08-23v2","purchased_purges":3,"victory":false,"max_hp_per_floor":[60,60,60,60,60,60,60,60,60,60,60,60,60,65,65,65,65,65,65,65,65,65,65,65,65,65,65,65],"card_choices":[{"not_picked":["Well Laid Plans","PiercingWail"],"picked":"Acrobatics","floor":1},{"not_picked":["Catalyst","Well Laid Plans"],"picked":"Flying Knee","floor":3},{"not_picked":["Bouncing Flask","Bane"],"picked":"Deflect","floor":5},{"not_picked":["Noxious Fumes","Blur"],"picked":"Dash","floor":6},{"not_picked":["Blade Dance","Bouncing Flask"],"picked":"Terror","floor":8},{"not_picked":["Deadly Poison","Bane"],"picked":"Dagger Spray","floor":11},{"not_picked":["Poisoned Stab","Crippling Poison"],"picked":"Slice","floor":13},{"not_picked":["Doppelganger","Night Terror"],"picked":"Adrenaline","floor":16},{"not_picked":["Prepared","Crippling Poison"],"picked":"Sucker Punch","floor":18},{"not_picked":["Flying Knee","Dagger Spray","Slice"],"picked":"SKIP","floor":20},{"not_picked":["Poisoned Stab","Night Terror","Flechettes"],"picked":"SKIP","floor":24},{"not_picked":["Dagger Throw","Quick Slash"],"picked":"Sucker Punch","floor":25}],"player_experience":439928,"relics_obtained":[{"floor":6,"key":"Art of War"},{"floor":8,"key":"Mummified Hand"},{"floor":9,"key":"Juzu Bracelet"},{"floor":24,"key":"Bottled Tornado"},{"floor":26,"key":"Oddly Smooth Stone"}],"event_choices":[{"event_name":"Golden Idol","player_choice":"Take Wound","floor":4,"damage_taken":0},{"event_name":"Big Fish","player_choice":"Donut","floor":14,"damage_taken":0},{"event_name":"Nest","player_choice":"Joined the Cult","floor":19,"damage_taken":0},{"event_name":"Ghosts","player_choice":"Ignored","floor":21,"damage_taken":0}],"is_beta":false,"boss_relics":[{"not_picked":["Pandora\u0027s Box","Philosopher\u0027s Stone"],"picked":"Ring of the Serpent"}],"items_purged_floors":[2,22,27],"is_endless":false,"potions_floor_spawned":[3,11,16,20,25],"killed_by":"Gremlin Leader","ascension_level":15}