{"path_per_floor":["M","?","M","$","M","E","R","M","T","R","E","?","M","?","R","B",null,"M","?","?","?","$","E","R","?","T","E","M","M","R","M","R","B",null,"M","?","M","?","M","R","E","M","T","M","M","?","M","?","R","B"],"character_chosen":"IRONCLAD","items_purchased":["Reckless Charge","Armaments"],"gold_per_floor":[119,119,131,50,70,98,98,109,109,109,142,142,160,235,235,334,334,334,334,334,334,307,307,307,207,207,207,207,207,207,207,207,207,207,207,207,207,207,207,207,207,207,207,207,207,207,207,207,207,207],"floor_reached":51,"campfire_rested":4,"playtime":9537,"current_hp_per_floor":[80,80,80,80,72,42,80,71,71,71,46,46,52,41,41,32,80,80,80,65,57,57,32,72,72,72,61,60,49,49,42,42,57,99,84,84,57,39,32,76,52,51,51,46,44,44,31,31,75,27],"items_purged":[],"gold":207,"play_id":"72613e7e-847d-4550-9c0c-e79397ce5370","is_prod":false,"is_daily":false,"campfire_rituals":0,"campfire_upgraded":4,"is_hardmode":false,"path_taken":["M","?","M","$","M","E","R","M","T","R","E","?","M","?","R","BOSS","M","?","?","?","?","E","R","?","T","E","M","M","R","M","R","BOSS","M","?","M","?","M","R","E","M","T","M","M","?","?","?","R","BOSS"],"build_version":"2018-01-04-PROD1","purchased_purges":1,"victory":true,"master_deck":["Strike_R","Strike_R","Strike_R","Strike_R","Defend_R","Defend_R","Defend_R","Defend_R","Bash","Inflame","Flex","Reckless Charge","Battle Trance","Inflame","Metallicize","Berserk","Offering","Power Through","Twin Strike","Armaments","Warcry","J.A.X.","Cleave","Armaments","Dual Wield","Flex","Brutality","Thunderclap","Pummel","Metallicize","Uppercut","Pommel Strike","Demon Form","Twin Strike"],"max_hp_per_floor":[80,80,80,80,80,80,80,80,80,80,80,80,80,80,80,80,80,80,80,85,85,85,85,85,85,85,99,99,99,99,99,99,99,99,99,99,99,99,99,99,99,99,99,99,99,99,99,99,99,99],"relics":["Black Blood","Regal Pillow","War Paint","Toxic Egg","Ectoplasm","Pantograph","Gambling Chip","Mango","Old Coin","Gremlin Horn","Bird Faced Urn"],"campfire_meditates":0,"card_choices":[{"not_picked":["Sword Boomerang","Twin Strike"],"picked":"Inflame"},{"not_picked":["Thunderclap","Sword Boomerang"],"picked":"Flex"},{"not_picked":["Warcry","Disarm"],"picked":"Cleave"},{"not_picked":["Dropkick","Sever Soul"],"picked":"Battle Trance"},{"not_picked":["Thunderclap","Dual Wield"],"picked":"Inflame"},{"not_picked":["Second Wind","Pommel Strike"],"picked":"Metallicize"},{"not_picked":["Armaments","Clothesline"],"picked":"Berserk"},{"not_picked":["Double Tap","Impervious"],"picked":"Offering"},{"not_picked":["Rupture","Searing Blow"],"picked":"Power Through"},{"not_picked":["True Grit","Dropkick"],"picked":"Warcry"},{"not_picked":["Iron Wave","Clothesline"],"picked":"Cleave"},{"not_picked":["Iron Wave","True Grit"],"picked":"Armaments"},{"not_picked":["Perfected Strike","Fire Breathing"],"picked":"Dual Wield"},{"not_picked":["Whirlwind","Rage"],"picked":"Flex"},{"not_picked":["Dark Embrace","Feed"],"picked":"Brutality"},{"not_picked":["Cleave","Warcry"],"picked":"Thunderclap"},{"not_picked":["Disarm","Pommel Strike"],"picked":"Pummel"},{"not_picked":["Pommel Strike","Dual Wield"],"picked":"Metallicize"},{"not_picked":["Armaments","Thunderclap"],"picked":"Uppercut"},{"not_picked":["Clothesline","Anger"],"picked":"Pommel Strike"},{"not_picked":["Thunderclap","Warcry"],"picked":"Demon Form"},{"not_picked":["Body Slam","Clothesline"],"picked":"Twin Strike"}],"player_experience":0,"potions_floor_usage":[33,33,39,44,50,50,50],"damage_taken":[{"damage":0,"enemies":"Small Slimes","floor":1,"turns":3},{"damage":6,"enemies":"2 Louse","floor":3,"turns":3},{"damage":14,"enemies":"Blue Slaver","floor":5,"turns":3},{"damage":36,"enemies":"Gremlin Nob","floor":6,"turns":4},{"damage":15,"enemies":"Looter","floor":8,"turns":2},{"damage":31,"enemies":"Lagavulin","floor":11,"turns":6},{"damage":0,"enemies":"2 Fungi Beasts","floor":13,"turns":1},{"damage":15,"enemies":"The Guardian","floor":16,"turns":7},{"damage":4,"enemies":"Chosen","floor":18,"turns":4},{"damage":31,"enemies":"Slavers","floor":23,"turns":5},{"damage":31,"enemies":"Book of Stabbing","floor":27,"turns":4},{"damage":7,"enemies":"3 Byrds","floor":28,"turns":3},{"damage":17,"enemies":"Snecko","floor":29,"turns":4},{"damage":13,"enemies":"Slaver and Parasite","floor":31,"turns":4},{"damage":16,"enemies":"Champ","floor":33,"turns":10},{"damage":25,"enemies":"Orb Walker","floor":35,"turns":3},{"damage":37,"enemies":"3 Shapes","floor":37,"turns":2},{"damage":28,"enemies":"Mysterious Sphere","floor":38,"turns":3},{"damage":17,"enemies":"3 Darklings","floor":39,"turns":3},{"damage":34,"enemies":"Giant Head","floor":41,"turns":6},{"damage":11,"enemies":"Maw","floor":42,"turns":5},{"damage":25,"enemies":"Sphere and 2 Shapes","floor":44,"turns":4},{"damage":24,"enemies":"3 Darklings","floor":45,"turns":4},{"damage":37,"enemies":"Maw","floor":47,"turns":6},{"damage":88,"enemies":"Awakened One","floor":50,"turns":9}],"event_choices":[{"event_name":"Living Wall","player_choice":"Forget","floor":2,"damage_taken":0},{"event_name":"Liars Game","player_choice":"disagreed","floor":12,"damage_taken":0},{"event_name":"World of Goop","player_choice":"Gather Gold","floor":14,"damage_taken":0},{"event_name":"The Library","player_choice":"Read","floor":19,"damage_taken":0},{"event_name":"Forgotten Altar","player_choice":"Shed Blood","floor":20,"damage_taken":0},{"event_name":"Wheel of Change","player_choice":"Damage","floor":21,"damage_taken":0},{"event_name":"Drug Dealer","player_choice":"Got JAXXED","floor":25,"damage_taken":0},{"event_name":"Upgrade Shrine","player_choice":"Upgraded","floor":36,"damage_taken":0},{"event_name":"Mysterious Sphere","player_choice":"Fight","floor":38,"damage_taken":0},{"event_name":"The Moai Head","player_choice":"Ignored","floor":46,"damage_taken":0}],"boss_relics":[{"not_picked":["Question Card","Philosopher\u0027s Stone"],"picked":"Ectoplasm"},{"not_picked":["Runic Dome","Tiny House"],"picked":"Black Blood"}],"potions_floor_spawned":[1,6,11,18,29,35,38,39,45,47],"seed_played":"-3262785795935865174","is_trial":false}