{"path_per_floor":["M","?","M","$","M","E","R","E","T","R","E","R","M","M","R","B",null,"M","?","?","$","M","R","M","T","T","M","R","E","$","?","R","B",null,"M","M","?","?","M","R","E","R","T","M","E","$","?"],"character_chosen":"IRONCLAD","items_purchased":["Apotheosis","Cleave+1","Thunderclap+1","Rage","Anger+1","Bottled Tornado","Anger+1","Block Potion"],"gold_per_floor":[119,294,312,40,60,94,94,121,121,121,146,146,159,170,170,274,274,294,322,322,125,143,143,153,153,153,168,168,201,82,82,82,185,185,199,218,218,218,228,228,256,256,308,326,359,15,237,237],"floor_reached":48,"campfire_rested":5,"playtime":6769,"item_purchase_floors":[4,21,21,30,30,46,46,46],"current_hp_per_floor":[68,68,66,66,72,67,67,56,56,56,61,61,67,66,66,26,80,80,31,23,23,29,53,34,44,44,41,68,47,47,47,74,34,90,90,84,73,73,34,61,52,79,79,48,15,15,15,0],"items_purged":["Doubt","Doubt"],"gold":237,"score":655,"play_id":"26161a0f-65e8-47f1-94f8-c6a308908204","local_time":"20180609181154","is_prod":false,"is_daily":false,"chose_seed":false,"is_ascension_mode":true,"campfire_upgraded":4,"win_rate":0,"timestamp":1528560714,"campfire_choices":[{"data":"Apotheosis","floor":7,"key":"SMITH"},{"data":"Anger","floor":10,"key":"SMITH"},{"data":"Bash","floor":12,"key":"SMITH"},{"data":"Rage","floor":15,"key":"SMITH"},{"floor":23,"key":"REST"},{"floor":28,"key":"REST"},{"floor":32,"key":"REST"},{"floor":40,"key":"REST"},{"floor":42,"key":"REST"}],"path_taken":["M","?","M","$","M","E","R","E","T","R","E","R","M","M","R","BOSS","M","?","?","$","?","R","M","?","T","M","R","E","$","?","R","BOSS","M","?","?","?","M","R","E","R","T","M","E","$","?","M"],"build_version":"2018-06-08","seed_source_timestamp":188423841322893,"purchased_purges":2,"victory":false,"master_deck":["Strike_R","Strike_R","Strike_R","Strike_R","Strike_R","Defend_R","Defend_R","Defend_R","Defend_R","Bash+1","Shrug It Off","Pommel Strike","Apotheosis+1","Anger+1","Brutality","Cleave","Dropkick+1","Pummel+1","Rage+1","Bludgeon+1","Clumsy","Injury","Twin Strike+1","Perfected Strike+1","Cleave+1","Thunderclap+1","Shrug It Off","Disarm","Pommel Strike+1","Barricade","Rage","Anger+1","Battle Trance","Blood for Blood+1","Madness","Madness","Feed+1","Seeing Red+1","Iron Wave+1","Anger+1"],"max_hp_per_floor":[80,80,80,80,80,80,80,80,80,80,80,80,80,80,80,80,80,80,80,80,80,80,80,80,90,90,90,90,90,90,90,90,90,90,90,90,90,90,90,90,90,90,90,90,90,90,90,90],"relics":["Black Blood","Torii","Letter Opener","Molten Egg 2","Calling Bell","Boot","Mummified Hand","Thread and Needle","Red Mask","Pear","Pantograph","Bottled Lightning","Nloth\u0027s Gift","Happy Flower","Omamori","Bronze Scales","Bottled Tornado"],"card_choices":[{"not_picked":["Clothesline","Dual Wield"],"picked":"Shrug It Off","floor":1},{"not_picked":["Infernal Blade","Fire Breathing"],"picked":"Pommel Strike","floor":3},{"not_picked":["Havoc","Sever Soul"],"picked":"Anger","floor":5},{"not_picked":["Havoc","Iron Wave"],"picked":"Brutality","floor":6},{"not_picked":["Iron Wave","Body Slam"],"picked":"Cleave","floor":8},{"not_picked":["Feel No Pain","Bloodletting"],"picked":"Dropkick+1","floor":11},{"not_picked":["Infernal Blade","Body Slam+1"],"picked":"Pummel+1","floor":13},{"not_picked":["Twin Strike+1","Warcry"],"picked":"Rage","floor":14},{"not_picked":["Fiend Fire+1","Exhume"],"picked":"Bludgeon+1","floor":16},{"not_picked":["Warcry","Corruption"],"picked":"Twin Strike+1","floor":18},{"not_picked":["Headbutt+1","Corruption"],"picked":"Perfected Strike+1","floor":19},{"not_picked":["Wild Strike+1","Heavy Blade+1"],"picked":"Shrug It Off","floor":22},{"not_picked":["Fire Breathing","Warcry"],"picked":"Disarm","floor":24},{"not_picked":["Combust","Demon Form"],"picked":"Pommel Strike+1","floor":27},{"not_picked":["Flex+1","Seeing Red"],"picked":"Barricade","floor":29},{"not_picked":["Fiend Fire+1","Brutality"],"picked":"Exhume","floor":33},{"not_picked":["Body Slam+1","Heavy Blade+1"],"picked":"Battle Trance","floor":35},{"not_picked":["Perfected Strike+1","Clash+1"],"picked":"Blood for Blood+1","floor":36},{"not_picked":["Headbutt+1","Sever Soul+1","Perfected Strike+1"],"picked":"SKIP","floor":39},{"not_picked":["Reckless Charge+1","Dark Embrace"],"picked":"Feed+1","floor":41},{"not_picked":["Havoc+1","Burning Pact+1"],"picked":"Seeing Red+1","floor":44},{"not_picked":["Rampage+1","Exhume"],"picked":"Iron Wave+1","floor":45}],"player_experience":155094,"potions_floor_usage":[8,11,14,16,29,33,35,45,48],"damage_taken":[{"damage":18,"enemies":"Jaw Worm","floor":1,"turns":4},{"damage":8,"enemies":"2 Louse","floor":3,"turns":4},{"damage":0,"enemies":"Cultist","floor":5,"turns":4},{"damage":11,"enemies":"3 Sentries","floor":6,"turns":7},{"damage":17,"enemies":"Gremlin Nob","floor":8,"turns":4},{"damage":1,"enemies":"3 Sentries","floor":11,"turns":4},{"damage":0,"enemies":"Large Slime","floor":13,"turns":5},{"damage":7,"enemies":"3 Louse","floor":14,"turns":2},{"damage":46,"enemies":"Hexaghost","floor":16,"turns":12},{"damage":3,"enemies":"Shell Parasite","floor":18,"turns":6},{"damage":55,"floor":19,"turns":7},{"damage":0,"enemies":"3 Byrds","floor":22,"turns":3},{"damage":25,"enemies":"Snake Plant","floor":24,"turns":5},{"damage":9,"enemies":"3 Cultists","floor":27,"turns":6},{"damage":42,"enemies":"Slavers","floor":29,"turns":8},{"damage":62,"enemies":"Collector","floor":33,"turns":12},{"damage":10,"enemies":"3 Shapes","floor":35,"turns":3},{"damage":16,"enemies":"Orb Walker","floor":36,"turns":5},{"damage":49,"enemies":"Transient","floor":39,"turns":5},{"damage":19,"enemies":"Nemesis","floor":41,"turns":7},{"damage":41,"enemies":"Sphere and 2 Shapes","floor":44,"turns":4},{"damage":43,"enemies":"2 Orb Walkers","floor":45,"turns":6},{"damage":16,"enemies":"3 Darklings","floor":48,"turns":4}],"relics_obtained":[{"floor":6,"key":"Torii"},{"floor":8,"key":"Letter Opener"},{"floor":9,"key":"Molten Egg 2"},{"floor":11,"key":"Ancient Tea Set"},{"floor":17,"key":"Boot"},{"floor":17,"key":"Mummified Hand"},{"floor":17,"key":"Thread and Needle"},{"floor":19,"key":"Red Mask"},{"floor":25,"key":"Pear"},{"floor":26,"key":"Pantograph"},{"floor":29,"key":"Bottled Lightning"},{"floor":41,"key":"Happy Flower"},{"floor":43,"key":"Omamori"},{"floor":45,"key":"Bronze Scales"}],"event_choices":[{"event_name":"Liars Game","player_choice":"agreed","floor":2,"damage_taken":0},{"event_name":"Masked Bandits","player_choice":"Fought over 294 gold","floor":19,"damage_taken":0},{"event_name":"Wheel of Change","player_choice":"Damage","floor":20,"damage_taken":0},{"event_name":"N\u0027loth","player_choice":"Traded a Ancient Tea Set","floor":31,"damage_taken":0},{"event_name":"Winding Halls","player_choice":"Embrace Madness","floor":37,"damage_taken":0},{"event_name":"Falling","player_choice":"Removed Skill","floor":38,"damage_taken":0},{"event_name":"Tomb of Lord Red Mask","player_choice":"Wore Mask","floor":47,"damage_taken":0}],"boss_relics":[{"not_picked":["Eternal Feather","Sozu"],"picked":"Calling Bell"},{"not_picked":["Busted Crown","Snecko Eye"],"picked":"Black Blood"}],"items_purged_floors":[4,21],"potions_floor_spawned":[6,8,13,14,27,29,33,44],"seed_played":"6114242870760611352","killed_by":"3 Darklings","ascension_level":3,"potions_obtained":[{"floor":6,"key":"Weak Potion"},{"floor":8,"key":"Dexterity Potion"},{"floor":13,"key":"LiquidBronze"},{"floor":14,"key":"Dexterity Potion"},{"floor":27,"key":"Regen Potion"},{"floor":29,"key":"Block Potion"},{"floor":33,"key":"Strength Potion"},{"floor":44,"key":"AttackPotion"}],"is_trial":false}