{"gold_per_floor":[112,126,126,176,176,176,203,253,277,61,131,131,143,160,160,234,234,246,0,15,34,44,69,119],"floor_reached":24,"playtime":1448,"items_purged":["Strike_B"],"score":450,"play_id":"3c8be652-aa4f-47c6-9f23-32bfcef3c9a5","local_time":"20181023211249","is_ascension_mode":true,"campfire_choices":[{"data":"Buffer","floor":6,"key":"SMITH"},{"data":"Dualcast","floor":12,"key":"SMITH"},{"data":"Creative AI","floor":15,"key":"SMITH"}],"neow_cost":"NONE","seed_source_timestamp":902749935910901,"circlet_count":0,"master_deck":["Strike_B+1","Strike_B+1","Strike_B","Defend_B","Defend_B","Defend_B","Defend_B","Zap+1","Dualcast+1","AscendersBane","Buffer+1","Reinforced Body","Barrage","Sunder","Compile Driver","Ball Lightning","Creative AI+1","Coolheaded","Coolheaded","Coolheaded","Buffer","Go for the Eyes","Core Surge","Capacitor","White Noise"],"relics":["Cracked Core","SsserpentHead","Prayer Wheel","Whetstone","Symbiotic Virus","Sozu","Lantern","PreservedInsect"],"potions_floor_usage":[16,22],"damage_taken":[{"damage":0,"enemies":"2 Louse","floor":1,"turns":4},{"damage":1,"enemies":"Cultist","floor":2,"turns":4},{"damage":0,"enemies":"Gremlin Nob","floor":7,"turns":5},{"damage":0,"enemies":"Jaw Worm","floor":11,"turns":3},{"damage":1,"enemies":"Lots of Slimes","floor":13,"turns":3},{"damage":6,"enemies":"Exordium Wildlife","floor":14,"turns":3},{"damage":23,"enemies":"Hexaghost","floor":16,"turns":15},{"damage":21,"enemies":"Shell Parasite","floor":18,"turns":4},{"damage":8,"enemies":"2 Thieves","floor":20,"turns":4},{"damage":0,"enemies":"Snecko","floor":21,"turns":8},{"damage":0,"enemies":"Cultist and Chosen","floor":22,"turns":7},{"damage":33,"enemies":"Gremlin Leader","floor":23,"turns":10},{"damage":5,"enemies":"Colosseum Slavers","floor":24,"turns":3}],"seed_played":"5328790930421014879","potions_obtained":[{"floor":7,"key":"PowerPotion"},{"floor":13,"key":"AttackPotion"},{"floor":14,"key":"Explosive Potion"}],"is_trial":false,"path_per_floor":["M","M","?","?","?","R","E","?","T","$","M","R","M","M","R","B",null,"M","$","M","M","M","E"],"character_chosen":"DEFECT","items_purchased":["Symbiotic Virus","Lantern"],"campfire_rested":0,"item_purchase_floors":[10,19],"current_hp_per_floor":[64,63,63,63,63,63,63,68,68,68,68,68,67,61,61,38,67,46,46,38,38,38,5,0],"gold":119,"neow_bonus":"ONE_RANDOM_RARE_CARD","is_prod":false,"is_daily":false,"chose_seed":false,"campfire_upgraded":3,"win_rate":0,"timestamp":1540321969,"path_taken":["M","M","?","?","?","R","E","?","T","?","?","R","M","M","R","BOSS","M","$","M","M","M","E","?"],"build_version":"2018-10-22","purchased_purges":1,"victory":false,"max_hp_per_floor":[71,71,71,71,71,71,71,76,76,76,76,76,76,76,76,76,76,76,76,76,76,76,76,76],"card_choices":[{"not_picked":["Rebound","Stack"],"picked":"Reinforced Body","floor":1},{"not_picked":["Rip and Tear","Beam Cell"],"picked":"Barrage","floor":2},{"not_picked":["Sweeping Beam","Force Field"],"picked":"Sunder","floor":7},{"not_picked":["Leap","Hologram"],"picked":"Compile Driver","floor":11},{"not_picked":["Beam Cell","Force Field","Ball Lightning"],"picked":"SKIP","floor":11},{"not_picked":["Beam Cell","Force Field"],"picked":"Ball Lightning","floor":11},{"not_picked":["Hello World","Barrage"],"picked":"Creative AI","floor":13},{"not_picked":["Static Discharge","Steam"],"picked":"Coolheaded","floor":13},{"not_picked":["Consume","Conserve Battery"],"picked":"Coolheaded","floor":14},{"not_picked":["Doom and Gloom","Skim"],"picked":"Coolheaded","floor":14},{"not_picked":["Amplify","Meteor Strike"],"picked":"Buffer","floor":16},{"not_picked":["Doom and Gloom","Melter"],"picked":"Go for the Eyes","floor":18},{"not_picked":["Beam Cell","Sweeping Beam+1","Gash"],"picked":"SKIP","floor":18},{"not_picked":["Rip and Tear","Storm","Hologram"],"picked":"SKIP","floor":20},{"not_picked":["Gash","Lockon","Ball Lightning"],"picked":"SKIP","floor":20},{"not_picked":["Storm+1","Cold Snap"],"picked":"Core Surge","floor":21},{"not_picked":["Rebound+1","Turbo","Redo"],"picked":"SKIP","floor":21},{"not_picked":["Conserve Battery","Hello World"],"picked":"Capacitor","floor":22},{"not_picked":["Static Discharge","Go for the Eyes","Streamline"],"picked":"SKIP","floor":22},{"not_picked":["Melter+1","Sweeping Beam"],"picked":"White Noise","floor":23}],"player_experience":260766,"relics_obtained":[{"floor":7,"key":"Prayer Wheel"},{"floor":9,"key":"Whetstone"},{"floor":23,"key":"PreservedInsect"}],"event_choices":[{"damage_healed":0,"gold_gain":0,"player_choice":"Grow","damage_taken":0,"max_hp_gain":0,"max_hp_loss":0,"event_name":"Living Wall","floor":3,"gold_loss":0,"cards_upgraded":["Zap"]},{"damage_healed":0,"gold_gain":100,"player_choice":"Pray","damage_taken":0,"max_hp_gain":0,"max_hp_loss":0,"event_name":"Golden Shrine","floor":4,"gold_loss":0},{"damage_healed":0,"gold_gain":0,"player_choice":"Trade","damage_taken":0,"relics_obtained":["SsserpentHead"],"max_hp_gain":0,"max_hp_loss":0,"event_name":"FaceTrader","floor":5,"gold_loss":0},{"damage_healed":0,"gold_gain":0,"player_choice":"Donut","damage_taken":0,"max_hp_gain":5,"max_hp_loss":0,"event_name":"Big Fish","floor":8,"gold_loss":0},{"damage_healed":0,"gold_gain":0,"player_choice":"Fight","damage_taken":0,"max_hp_gain":0,"max_hp_loss":0,"event_name":"Colosseum","floor":24,"gold_loss":0}],"is_beta":true,"boss_relics":[{"not_picked":["Orrery","Black Star"],"picked":"Sozu"}],"items_purged_floors":[19],"is_endless":false,"potions_floor_spawned":[7,13,14,20,23],"killed_by":"Colosseum Slavers","ascension_level":17}