{"gold_per_floor":[17,17,32,45,45,45,77,144,144,160,160,160,174,174,174,174],"floor_reached":16,"playtime":610,"items_purged":[],"score":100,"play_id":"68a6c33e-ebd8-4fca-911a-ed87b0847cdb","local_time":"20190314195303","is_ascension_mode":false,"campfire_choices":[{"data":"Slimebound:StudyTheSpire","floor":6,"key":"SMITH"},{"data":"Slimebound:SelfFormingGoo","floor":15,"key":"SMITH"}],"neow_cost":"NO_GOLD","seed_source_timestamp":94087160200493,"circlet_count":0,"master_deck":["Slimebound:Strike_Slimebound","Slimebound:Strike_Slimebound","Slimebound:Strike_Slimebound","Slimebound:Tackle","Slimebound:Defend_Slimebound","Slimebound:Defend_Slimebound","Slimebound:Defend_Slimebound","Slimebound:Defend_Slimebound","Slimebound:Split","Slimebound:CorrosiveSpit","Slimebound:StudyTheSpire+1","Slimebound:DouseInSlime","Slimebound:TendrilStrike","Slimebound:LivingWall","Slimebound:SelfFormingGoo+1"],"relics":["Slimebound:AbsorbEndCombat","WingedGreaves","Blue Doll","hubris:Reverence","Golden Idol","conspire:InfiniteJournal"],"potions_floor_usage":[7,16,16],"damage_taken":[{"damage":9,"enemies":"Small Slimes","floor":1,"turns":3},{"damage":10,"enemies":"Cultist","floor":3,"turns":3},{"damage":3,"enemies":"2 Louse","floor":4,"turns":3},{"damage":38,"enemies":"3 Sentries","floor":7,"turns":8},{"damage":15,"enemies":"Exordium Wildlife","floor":10,"turns":4},{"damage":3,"enemies":"Looter","floor":13,"turns":4},{"damage":84,"enemies":"Fading Forest","floor":16,"turns":8}],"seed_played":"6254444957663309330","potions_obtained":[{"floor":4,"key":"conspire:EchoDraught"},{"floor":7,"key":"Energy Potion"},{"floor":13,"key":"AttackPotion"}],"is_trial":false,"path_per_floor":["M","?","M","M","$","R","E","?","T","M","T","?","M","T","R","B"],"character_chosen":"SLIMEBOUND","items_purchased":[],"campfire_rested":0,"item_purchase_floors":[],"current_hp_per_floor":[64,64,70,70,70,70,50,50,50,53,53,36,39,39,39,0],"gold":174,"neow_bonus":"THREE_RARE_CARDS","is_prod":false,"is_daily":false,"chose_seed":false,"campfire_upgraded":2,"win_rate":0,"timestamp":1552607583,"path_taken":["M","?","?","M","$","R","E","?","T","M","?","?","?","?","R","BOSS"],"build_version":"2019-01-23","purchased_purges":0,"victory":false,"max_hp_per_floor":[70,70,70,70,70,70,70,70,70,70,70,70,70,70,70,70],"card_choices":[{"not_picked":["Slimebound:CheckThePlaybook","Slimebound:AcidTongue"],"picked":"Slimebound:StudyTheSpire","floor":0},{"not_picked":["Slimebound:ComboTackle","Slimebound:TendrilStrike","Slimebound:PoisonLick"],"picked":"SKIP","floor":1},{"not_picked":["Slimebound:SplitLeeching","Slimebound:RainOfGoop","Slimebound:LeechEnergy"],"picked":"SKIP","floor":3},{"not_picked":["Slimebound:Grow","Slimebound:ComboTackle"],"picked":"Slimebound:LivingWall","floor":4},{"not_picked":["Slimebound:DouseInSlime","Slimebound:ServeAndProtect","Slimebound:GoopTackle"],"picked":"SKIP","floor":7},{"not_picked":["Slimebound:VenomTackle","Slimebound:Replication","Slimebound:GoopTackle"],"picked":"SKIP","floor":10},{"not_picked":["Slimebound:RollThrough","Slimebound:DivideAndConquer"],"picked":"Slimebound:SelfFormingGoo","floor":13}],"player_experience":777800,"relics_obtained":[{"floor":7,"key":"WingedGreaves"},{"floor":9,"key":"Blue Doll"},{"floor":11,"key":"hubris:Reverence"},{"floor":14,"key":"conspire:InfiniteJournal"}],"event_choices":[{"damage_healed":0,"gold_gain":0,"player_choice":"2 cards matched","damage_taken":0,"max_hp_gain":0,"max_hp_loss":0,"event_name":"Match and Keep!","floor":2,"gold_loss":0,"cards_obtained":["Slimebound:DouseInSlime","Slimebound:TendrilStrike"]},{"damage_healed":0,"gold_gain":0,"player_choice":"2 cards matched","damage_taken":0,"max_hp_gain":0,"max_hp_loss":0,"event_name":"Match and Keep!","floor":2,"gold_loss":0,"cards_obtained":["Slimebound:DouseInSlime","Slimebound:TendrilStrike"]},{"damage_healed":0,"gold_gain":67,"player_choice":"Gained Gold","damage_taken":0,"max_hp_gain":0,"max_hp_loss":0,"event_name":"Golden Wing","floor":8,"gold_loss":0},{"damage_healed":0,"gold_gain":0,"player_choice":"Take Damage","damage_taken":17,"relics_obtained":["Golden Idol"],"max_hp_gain":0,"max_hp_loss":0,"event_name":"Golden Idol","floor":12,"gold_loss":0}],"is_beta":false,"boss_relics":[],"items_purged_floors":[],"is_endless":false,"potions_floor_spawned":[4,7,13],"killed_by":"Fading Forest","ascension_level":0}