{"gold_per_floor":[19,19,39,39,59,91,116,116,116,131,131,143,160,174,174,252,252,268,268,268,43,57,91,101,133,160,160,178,178,196,215,215,288,288,300,319,319,319,319,319,10,43,43,43,59,59,140,151,151,151],"floor_reached":51,"playtime":1993,"items_purged":["Strike_R","Pain"],"score":1290,"play_id":"93e6b1ea-8ccd-4a98-81ba-93749ce285c4","local_time":"20181103122614","is_ascension_mode":true,"campfire_choices":[{"data":"Inflame","floor":11,"key":"SMITH"},{"data":"Disarm","floor":15,"key":"SMITH"},{"data":"Disarm","floor":27,"key":"SMITH"},{"data":"Demon Form","floor":29,"key":"SMITH"},{"data":"Feel No Pain","floor":32,"key":"SMITH"},{"data":"Flash of Steel","floor":40,"key":"SMITH"},{"data":"Parasite","floor":44,"key":"PURGE"},{"data":"Clumsy","floor":49,"key":"PURGE"}],"neow_cost":"NO_GOLD","seed_source_timestamp":9380582663596,"circlet_count":0,"master_deck":["AscendersBane","Strike_R+1","Strike_R+1","Strike_R+1","Strike_R+1","Defend_R+1","Defend_R+1","Defend_R+1","Defend_R+1","Bash+1","Inflame+1","Cleave+1","Disarm+1","Twin Strike+1","Twin Strike+1","Clothesline+1","Shrug It Off+1","Disarm+1","Shrug It Off+1","Spot Weakness+1","Demon Form+1","Necronomicurse","Flame Barrier+1","Corruption+1","Impervious+1","Feel No Pain+1","Reckless Charge+1","Battle Trance+1","Bludgeon+1","Shrug It Off+1","Dark Embrace+1","Headbutt+1","Offering+1","Sentinel+1","Infernal Blade+1","Flash of Steel+1","Disarm+1","Shockwave+1"],"relics":["Burning Blood","Prayer Wheel","Ice Cream","Odd Mushroom","Thread and Needle","Sozu","Necronomicon","Vajra","Boot","Shuriken","Lantern","Calling Bell","PreservedInsect","Paper Frog","Mango","Mark of the Bloom","DollysMirror","Peace Pipe","Darkstone Periapt","Molten Egg 2"],"potions_floor_usage":[16,23],"damage_taken":[{"damage":5,"enemies":"Cultist","floor":1,"turns":4},{"damage":12,"enemies":"2 Louse","floor":3,"turns":3},{"damage":2,"enemies":"Jaw Worm","floor":5,"turns":3},{"damage":30,"enemies":"Gremlin Nob","floor":6,"turns":4},{"damage":22,"enemies":"The Mushroom Lair","floor":7,"turns":3},{"damage":0,"enemies":"Large Slime","floor":10,"turns":7},{"damage":5,"enemies":"Blue Slaver","floor":12,"turns":4},{"damage":5,"enemies":"Red Slaver","floor":13,"turns":5},{"damage":0,"enemies":"2 Fungi Beasts","floor":14,"turns":3},{"damage":5,"enemies":"Hexaghost","floor":16,"turns":8},{"damage":9,"enemies":"Shell Parasite","floor":18,"turns":4},{"damage":9,"enemies":"Spheric Guardian","floor":22,"turns":5},{"damage":24,"enemies":"Slavers","floor":23,"turns":5},{"damage":0,"enemies":"Snecko","floor":24,"turns":3},{"damage":38,"enemies":"Gremlin Leader","floor":25,"turns":7},{"damage":0,"enemies":"3 Cultists","floor":28,"turns":4},{"damage":5,"enemies":"Snake Plant","floor":30,"turns":4},{"damage":0,"enemies":"Centurion and Healer","floor":31,"turns":5},{"damage":16,"enemies":"Champ","floor":33,"turns":8},{"damage":6,"enemies":"3 Shapes","floor":35,"turns":6},{"damage":8,"enemies":"3 Darklings","floor":36,"turns":5},{"damage":6,"enemies":"Nemesis","floor":42,"turns":3},{"damage":6,"enemies":"Transient","floor":45,"turns":5},{"damage":5,"enemies":"4 Shapes","floor":48,"turns":6},{"damage":8,"enemies":"Time Eater","floor":50,"turns":6}],"seed_played":"2908678080229096536","potions_obtained":[{"floor":3,"key":"PowerPotion"},{"floor":7,"key":"SpeedPotion"},{"floor":12,"key":"LiquidBronze"},{"floor":16,"key":"SteroidPotion"}],"is_trial":false,"path_per_floor":["M","?","M","?","M","E","?","?","T","M","R","M","M","M","R","B",null,"M","?","?","$","M","E","M","E","T","R","M","R","M","M","R","B",null,"M","M","?","?","?","R","$","E","T","R","M","$","T","M","R","B",null],"character_chosen":"IRONCLAD","items_purchased":["Vajra","DollysMirror"],"campfire_rested":0,"item_purchase_floors":[21,41],"current_hp_per_floor":[69,69,63,63,67,43,27,22,22,28,28,29,30,36,36,37,66,63,42,75,75,72,54,60,28,28,28,34,34,35,41,41,31,78,78,76,76,76,76,76,76,70,70,70,64,64,64,59,59,51],"gold":151,"neow_bonus":"ONE_RARE_RELIC","is_prod":false,"is_daily":false,"chose_seed":false,"campfire_upgraded":6,"win_rate":0,"timestamp":1541244374,"path_taken":["M","?","?","?","M","E","?","?","T","M","R","M","M","M","R","BOSS","M","?","?","$","M","E","M","E","T","R","M","R","M","?","R","BOSS","M","M","?","?","?","R","$","E","T","R","M","?","?","?","R","BOSS"],"build_version":"2018-11-02","purchased_purges":2,"victory":true,"max_hp_per_floor":[75,75,75,75,75,75,75,75,75,75,75,75,75,75,75,75,75,75,75,75,75,75,75,75,75,75,75,75,75,75,75,75,75,89,89,89,89,89,85,85,85,85,85,82,82,82,82,82,82,82],"card_choices":[{"not_picked":["Cleave","Heavy Blade"],"picked":"Inflame","floor":1},{"not_picked":["Sword Boomerang","Body Slam"],"picked":"Cleave","floor":1},{"not_picked":["Cleave","Rage"],"picked":"Disarm","floor":3},{"not_picked":["Wild Strike","Anger"],"picked":"Twin Strike","floor":3},{"not_picked":["Havoc","Dual Wield"],"picked":"Twin Strike","floor":5},{"not_picked":["Sentinel","Anger","Body Slam"],"picked":"SKIP","floor":5},{"not_picked":["Brutality","Warcry","Pommel Strike"],"picked":"SKIP","floor":6},{"not_picked":["Spot Weakness","Wild Strike"],"picked":"Whirlwind","floor":7},{"not_picked":["Armaments","Warcry"],"picked":"Clothesline","floor":10},{"not_picked":["True Grit","Ghostly Armor","Heavy Blade"],"picked":"SKIP","floor":10},{"not_picked":["Searing Blow","Ghostly Armor"],"picked":"Shrug It Off","floor":12},{"not_picked":["True Grit","Sword Boomerang","Uppercut"],"picked":"SKIP","floor":12},{"not_picked":["True Grit","Blood for Blood"],"picked":"Disarm","floor":13},{"not_picked":["Thunderclap","Perfected Strike"],"picked":"Shrug It Off","floor":13},{"not_picked":["Heavy Blade","Juggernaut"],"picked":"Spot Weakness","floor":14},{"not_picked":["Havoc","Thunderclap","Armaments"],"picked":"SKIP","floor":14},{"not_picked":["Impervious","Feed"],"picked":"Demon Form","floor":16},{"not_picked":["Wild Strike","Bloodletting","Intimidate"],"picked":"SKIP","floor":18},{"not_picked":["Inflame","Evolve","Havoc"],"picked":"SKIP","floor":18},{"not_picked":["Clash","Burning Pact"],"picked":"Flame Barrier","floor":22},{"not_picked":["Sever Soul","Sentinel"],"picked":"Corruption+1","floor":22},{"not_picked":["Rampage","Dropkick"],"picked":"Impervious","floor":23},{"not_picked":["Thunderclap","Sword Boomerang","True Grit"],"picked":"SKIP","floor":24},{"not_picked":["Cleave","Perfected Strike","True Grit"],"picked":"SKIP","floor":24},{"not_picked":["Warcry","Searing Blow"],"picked":"Feel No Pain","floor":25},{"not_picked":["Bloodletting","Warcry"],"picked":"Reckless Charge+1","floor":28},{"not_picked":["Body Slam+1","Cleave"],"picked":"Battle Trance+1","floor":28},{"not_picked":["Pommel Strike","Hemokinesis+1"],"picked":"Bludgeon","floor":30},{"not_picked":["Evolve","Body Slam"],"picked":"Shrug It Off","floor":30},{"not_picked":["Second Wind","Uppercut","Pommel Strike"],"picked":"SKIP","floor":31},{"not_picked":["Corruption","Armaments","Rupture"],"picked":"SKIP","floor":31},{"not_picked":["Brutality","Offering"],"picked":"Dark Embrace","floor":33},{"not_picked":["Perfected Strike","Thunderclap"],"picked":"Headbutt","floor":35},{"not_picked":["Uppercut","Carnage+1"],"picked":"Offering","floor":35},{"not_picked":["Fire Breathing","Wild Strike"],"picked":"Sentinel","floor":36},{"not_picked":["Wild Strike","Body Slam+1"],"picked":"Infernal Blade+1","floor":36},{"not_picked":["Finesse","Magnetism"],"picked":"Flash of Steel","floor":38},{"not_picked":["Rampage","Rupture","Entrench"],"picked":"SKIP","floor":42},{"not_picked":["Anger+1","Clash"],"picked":"Shockwave+1","floor":45},{"not_picked":["Perfected Strike","Heavy Blade","Searing Blow+1"],"picked":"SKIP","floor":45},{"not_picked":["Corruption+1","Dropkick+1","Inflame"],"picked":"SKIP","floor":48},{"not_picked":["Warcry","Rage","Perfected Strike+1"],"picked":"SKIP","floor":48}],"player_experience":307114,"relics_obtained":[{"floor":6,"key":"Ice Cream"},{"floor":7,"key":"Odd Mushroom"},{"floor":9,"key":"Thread and Needle"},{"floor":19,"key":"Necronomicon"},{"floor":23,"key":"Boot"},{"floor":25,"key":"Shuriken"},{"floor":26,"key":"Lantern"},{"floor":34,"key":"PreservedInsect"},{"floor":34,"key":"Paper Frog"},{"floor":34,"key":"Mango"},{"floor":42,"key":"Peace Pipe"},{"floor":43,"key":"Darkstone Periapt"},{"floor":47,"key":"Molten Egg 2"}],"event_choices":[{"damage_healed":0,"gold_gain":0,"player_choice":"Ignored","damage_taken":0,"max_hp_gain":0,"max_hp_loss":0,"event_name":"WeMeetAgain","floor":2,"gold_loss":0},{"damage_healed":0,"gold_gain":0,"player_choice":"Grow","damage_taken":0,"max_hp_gain":0,"max_hp_loss":0,"event_name":"Living Wall","floor":4,"gold_loss":0,"cards_upgraded":["Bash"]},{"damage_healed":0,"gold_gain":0,"player_choice":"Fought Mushrooms","damage_taken":0,"max_hp_gain":0,"max_hp_loss":0,"event_name":"Mushrooms","floor":7,"gold_loss":0},{"damage_healed":0,"gold_gain":0,"player_choice":"Fled","damage_taken":5,"max_hp_gain":0,"max_hp_loss":0,"event_name":"Scrap Ooze","floor":8,"gold_loss":0},{"damage_healed":0,"gold_gain":0,"player_choice":"Obtained Book","damage_taken":21,"max_hp_gain":0,"max_hp_loss":0,"event_name":"Cursed Tome","floor":19,"gold_loss":0},{"cards_removed":["Whirlwind"],"damage_healed":33,"gold_gain":0,"player_choice":"Offered Uncommon","damage_taken":0,"max_hp_gain":0,"max_hp_loss":0,"event_name":"Bonfire Elementals","floor":20,"gold_loss":0},{"damage_healed":0,"gold_gain":0,"player_choice":"Upgrade","damage_taken":0,"relics_obtained":["Mark of the Bloom"],"max_hp_gain":0,"max_hp_loss":0,"event_name":"MindBloom","floor":37,"gold_loss":0,"cards_upgraded":["Strike_R","Strike_R","Strike_R","Strike_R","Defend_R","Defend_R","Defend_R","Defend_R","Cleave","Twin Strike","Twin Strike","Clothesline","Shrug It Off","Shrug It Off","Spot Weakness","Flame Barrier","Impervious","Bludgeon","Shrug It Off","Dark Embrace","Headbutt","Offering","Sentinel"]},{"damage_healed":0,"gold_gain":0,"player_choice":"Memory 1","damage_taken":0,"max_hp_gain":0,"max_hp_loss":0,"event_name":"SensoryStone","floor":38,"gold_loss":0},{"damage_healed":0,"gold_gain":0,"player_choice":"Max HP","damage_taken":0,"max_hp_gain":0,"max_hp_loss":4,"event_name":"Winding Halls","floor":39,"gold_loss":0}],"is_beta":true,"boss_relics":[{"not_picked":["Busted Crown","Tiny House"],"picked":"Sozu"},{"not_picked":["Coffee Dripper","Runic Dome"],"picked":"Calling Bell"}],"items_purged_floors":[21,41],"is_endless":false,"potions_floor_spawned":[3,7,12,14,16,22,23,25,31,45,48],"ascension_level":15}