{"path_per_floor":["M","M","$","M","M","R","M","M","T","R","E","M","?","M","R","B",null,"M","M","M","$","?","R","?","M","T","M","M","M","M","E","R","B",null,"M","?","M","M","M","R","?","$","T","M","R","M","R","M","R","B"],"character_chosen":"IRONCLAD","items_purchased":["Cleave","Dual Wield","Finesse","Bronze Scales"],"gold_per_floor":[117,130,31,42,52,52,63,80,80,80,114,132,232,251,251,347,347,359,372,383,136,136,136,51,68,68,86,106,116,129,160,160,258,258,273,273,292,302,320,320,368,91,116,133,133,152,152,166,166,166],"floor_reached":51,"campfire_rested":0,"playtime":5176,"current_hp_per_floor":[78,73,73,79,77,77,80,62,62,62,57,60,60,63,63,34,80,80,80,68,68,68,68,68,73,73,67,71,57,31,17,17,7,80,80,80,72,67,65,65,55,55,55,62,62,62,62,64,64,59],"items_purged":["Strike_R","Clothesline","Strike_R"],"gold":166,"play_id":"975f06a0-bb4a-41d5-9ee1-98b7bba94ee1","is_prod":false,"is_daily":false,"campfire_rituals":0,"campfire_upgraded":9,"is_hardmode":false,"path_taken":["M","M","$","M","M","R","M","M","T","R","E","M","?","M","R","BOSS","M","M","M","$","?","R","?","M","T","M","?","M","M","E","R","BOSS","M","?","M","M","M","R","?","?","T","?","R","M","R","M","R","BOSS"],"build_version":"2018-01-11-PROD2","purchased_purges":3,"victory":true,"master_deck":["Defend_R","Defend_R","Defend_R","Defend_R","Impervious","Cleave","Body Slam","Shrug It Off","Iron Wave","Second Wind","Shrug It Off","Iron Wave","Barricade","Armaments","Infernal Blade","Shrug It Off","Pommel Strike","Dual Wield","Finesse","Offering","Seeing Red","Power Through","Offering","Headbutt","Battle Trance","True Grit","Body Slam","Shrug It Off"],"max_hp_per_floor":[80,80,80,80,80,80,80,80,80,80,80,80,80,80,80,80,80,80,80,80,80,80,80,80,80,80,80,80,80,80,80,80,80,80,80,80,80,80,80,80,80,80,80,83,83,83,83,83,83,83],"relics":["Burning Blood","Frozen Eye","Happy Flower","Astrolabe","Bird Faced Urn","Ginger","Pen Nib","Philosopher\u0027s Stone","Thread and Needle","Bronze Scales","Bag of Preparation"],"campfire_meditates":0,"card_choices":[{"not_picked":["Corruption","Seeing Red"],"picked":"Brutality"},{"not_picked":["Headbutt","Clash"],"picked":"Body Slam"},{"not_picked":["Second Wind","Cleave"],"picked":"Shrug It Off"},{"not_picked":["Twin Strike","Uppercut"],"picked":"Iron Wave"},{"not_picked":["Hemokinesis","Rupture"],"picked":"Second Wind"},{"not_picked":["Combust","Pummel"],"picked":"Shrug It Off"},{"not_picked":["Clash","True Grit"],"picked":"Iron Wave"},{"not_picked":["Double Tap","Berserk"],"picked":"Barricade"},{"not_picked":["Combust","Headbutt"],"picked":"Shrug It Off"},{"not_picked":["Hemokinesis","Flame Barrier"],"picked":"Pommel Strike"},{"not_picked":["Iron Wave","Anger"],"picked":"Offering"},{"not_picked":["Clash","Shockwave"],"picked":"Seeing Red"},{"not_picked":["Shockwave","Armaments"],"picked":"Power Through"},{"not_picked":["Bludgeon","Barricade"],"picked":"Offering"},{"not_picked":["Corruption","Infernal Blade"],"picked":"Headbutt"},{"not_picked":["Power Through","True Grit"],"picked":"Battle Trance"},{"not_picked":["Clothesline","Bludgeon"],"picked":"True Grit"},{"not_picked":["Perfected Strike","Battle Trance"],"picked":"Body Slam"},{"not_picked":["Disarm","Twin Strike"],"picked":"Shrug It Off"}],"player_experience":2347,"potions_floor_usage":[11,16,33,33,50],"damage_taken":[{"damage":8,"enemies":"Jaw Worm","floor":1,"turns":3},{"damage":11,"enemies":"Blue Slaver","floor":2,"turns":6},{"damage":0,"enemies":"2 Louse","floor":4,"turns":3},{"damage":8,"enemies":"2 Fungi Beasts","floor":5,"turns":5},{"damage":0,"enemies":"Looter","floor":7,"turns":2},{"damage":24,"enemies":"Large Slime","floor":8,"turns":8},{"damage":11,"enemies":"Lagavulin","floor":11,"turns":7},{"damage":3,"enemies":"Exordium Thugs","floor":12,"turns":6},{"damage":3,"enemies":"Lots of Slimes","floor":14,"turns":5},{"damage":35,"enemies":"Slime Boss","floor":16,"turns":11},{"damage":0,"enemies":"Chosen","floor":18,"turns":4},{"damage":6,"enemies":"2 Thieves","floor":19,"turns":4},{"damage":18,"enemies":"Snake Plant","floor":20,"turns":7},{"damage":3,"enemies":"Snecko","floor":25,"turns":5},{"damage":12,"enemies":"3 Cultists","floor":27,"turns":6},{"damage":4,"enemies":"Centurion and Healer","floor":28,"turns":9},{"damage":22,"enemies":"Sentry and Sphere","floor":29,"turns":9},{"damage":34,"enemies":"Chosen and Byrds","floor":30,"turns":8},{"damage":22,"enemies":"Gremlin Leader","floor":31,"turns":7},{"damage":18,"enemies":"Champ","floor":33,"turns":8},{"damage":8,"enemies":"3 Shapes","floor":35,"turns":5},{"damage":14,"enemies":"Orb Walker","floor":37,"turns":2},{"damage":11,"enemies":"4 Shapes","floor":38,"turns":3},{"damage":8,"enemies":"3 Darklings","floor":39,"turns":1},{"damage":18,"enemies":"Mysterious Sphere","floor":41,"turns":2},{"damage":4,"enemies":"Sphere and 2 Shapes","floor":44,"turns":6},{"damage":8,"enemies":"Maw","floor":46,"turns":2},{"damage":4,"enemies":"3 Darklings","floor":48,"turns":2},{"damage":13,"enemies":"Awakened One","floor":50,"turns":7}],"event_choices":[{"event_name":"Wheel of Change","player_choice":"Gold","floor":13,"damage_taken":0},{"event_name":"Back to Basics","player_choice":"Elegance","floor":22,"damage_taken":0},{"event_name":"Addict","player_choice":"Obtained Relic","floor":24,"damage_taken":0},{"event_name":"Mysterious Sphere","player_choice":"Fight","floor":41,"damage_taken":0}],"boss_relics":[{"not_picked":["Calling Bell","White Beast Statue"],"picked":"Astrolabe"},{"not_picked":["Runic Cube","Question Card"],"picked":"Philosopher\u0027s Stone"}],"potions_floor_spawned":[4,5,7,8,11,27,28,30,31,33,35,37,44,48],"seed_played":"-1266344581243497043","is_trial":false}