{"gold_per_floor":[117,131,131,142,156,156,190,190,190,190,117,135,153,328,328,424,424,436,449,364,49,49,49,49],"floor_reached":24,"playtime":939,"items_purged":["Doubt"],"score":339,"play_id":"eb152a96-1c06-4563-add4-baec031d4711","local_time":"20190206221730","is_ascension_mode":true,"campfire_choices":[{"floor":6,"key":"REST"},{"floor":8,"key":"REST"},{"floor":10,"key":"REST"},{"data":"Zap","floor":15,"key":"SMITH"},{"floor":23,"key":"REST"}],"neow_cost":"NONE","seed_source_timestamp":1665714784170314,"circlet_count":0,"master_deck":["AscendersBane","Strike_B","Strike_B","Strike_B","Strike_B","Defend_B","Defend_B","Defend_B","Defend_B","Zap+1","Dualcast","Sweeping Beam","Glacier","Tempest","Cold Snap","Defragment+1","Capacitor+1","Machine Learning+1"],"relics":["Cracked Core","FaceOfCleric","Torii","Frozen Egg 2","Inserter","Gremlin Horn","Mummified Hand"],"potions_floor_usage":[7,24,24],"damage_taken":[{"damage":2,"enemies":"2 Louse","floor":1,"turns":4},{"damage":6,"enemies":"Cultist","floor":2,"turns":4},{"damage":7,"enemies":"Jaw Worm","floor":4,"turns":3},{"damage":29,"enemies":"Exordium Thugs","floor":5,"turns":5},{"damage":50,"enemies":"Gremlin Nob","floor":7,"turns":5},{"damage":0,"enemies":"Large Slime","floor":12,"turns":4},{"damage":1,"enemies":"3 Louse","floor":13,"turns":4},{"damage":29,"enemies":"Hexaghost","floor":16,"turns":10},{"damage":15,"enemies":"3 Byrds","floor":18,"turns":5},{"damage":8,"enemies":"Shell Parasite","floor":19,"turns":8},{"damage":69,"enemies":"Slavers","floor":24,"turns":8}],"seed_played":"-3115377067244065401","potions_obtained":[{"floor":4,"key":"PowerPotion"},{"floor":12,"key":"EssenceOfSteel"},{"floor":13,"key":"Dexterity Potion"}],"is_trial":false,"path_per_floor":["M","M","?","M","M","R","E","R","T","R","$","M","M","?","R","B",null,"M","M","?","$","?","R","E"],"character_chosen":"DEFECT","items_purchased":["Defragment+1","Mummified Hand"],"campfire_rested":4,"item_purchase_floors":[11,21],"current_hp_per_floor":[73,67,67,61,33,58,9,34,34,59,59,60,60,60,60,32,74,60,53,53,53,35,63,0],"gold":49,"neow_bonus":"TEN_PERCENT_HP_BONUS","is_prod":false,"is_daily":false,"chose_seed":false,"campfire_upgraded":1,"win_rate":0,"timestamp":1549520250,"path_taken":["M","M","?","?","M","R","E","R","T","R","?","?","M","?","R","BOSS","M","M","?","$","?","R","E"],"build_version":"2019-01-23","purchased_purges":1,"victory":false,"max_hp_per_floor":[82,82,82,83,84,84,85,85,85,85,85,86,87,87,87,88,88,89,90,90,90,95,95,95],"card_choices":[{"not_picked":["Reinforced Body","BootSequence"],"picked":"Sweeping Beam","floor":1},{"not_picked":["Sunder","Capacitor"],"picked":"Glacier","floor":2},{"not_picked":["Cold Snap","Stack"],"picked":"Tempest","floor":4},{"not_picked":["Gash","Leap","Steam"],"picked":"SKIP","floor":5},{"not_picked":["Coolheaded","Darkness"],"picked":"Cold Snap","floor":7},{"not_picked":["Coolheaded","Ball Lightning"],"picked":"Capacitor+1","floor":12},{"not_picked":["Beam Cell","Fusion","Compile Driver"],"picked":"SKIP","floor":13},{"not_picked":["All For One","Seek"],"picked":"Machine Learning+1","floor":16},{"not_picked":["Skim","Rip and Tear","Conserve Battery"],"picked":"SKIP","floor":18},{"not_picked":["Beam Cell","Double Energy","Conserve Battery"],"picked":"SKIP","floor":19}],"player_experience":626882,"relics_obtained":[{"floor":7,"key":"Torii"},{"floor":9,"key":"Frozen Egg 2"}],"event_choices":[{"damage_healed":0,"gold_gain":0,"player_choice":"Trade","damage_taken":0,"relics_obtained":["FaceOfCleric"],"max_hp_gain":0,"max_hp_loss":0,"event_name":"FaceTrader","floor":3,"gold_loss":0},{"damage_healed":0,"gold_gain":175,"player_choice":"AGREE","damage_taken":0,"max_hp_gain":0,"max_hp_loss":0,"event_name":"Liars Game","floor":14,"gold_loss":0,"cards_obtained":["Doubt"]},{"damage_healed":0,"gold_gain":0,"player_choice":"Obtained Relic","damage_taken":0,"relics_obtained":["Gremlin Horn"],"max_hp_gain":0,"max_hp_loss":0,"event_name":"Addict","floor":20,"gold_loss":85},{"damage_healed":0,"gold_gain":0,"player_choice":"Shed Blood","damage_taken":23,"max_hp_gain":5,"max_hp_loss":0,"event_name":"Forgotten Altar","floor":22,"gold_loss":0}],"is_beta":false,"boss_relics":[{"not_picked":["Pandora\u0027s Box","Calling Bell"],"picked":"Inserter"}],"items_purged_floors":[21],"is_endless":false,"potions_floor_spawned":[4,12,13,19],"killed_by":"Slavers","ascension_level":12}