{"gold_per_floor":[113,125,125,125,139,172,172,207,283,301,320,334,350,350,350,478,478,498,413,413,428,443,443,443],"floor_reached":24,"playtime":1452,"items_purged":[],"score":210,"play_id":"79bee3de-195a-4cb6-a1d7-4ef66036f838","local_time":"20190324182536","is_ascension_mode":false,"campfire_choices":[{"floor":7,"key":"REST"},{"data":"Double Tap","floor":15,"key":"SMITH"},{"floor":23,"key":"REST"}],"neow_cost":"NONE","seed_source_timestamp":766002015803884,"circlet_count":0,"master_deck":["Strike_R","Strike_R","Strike_R","Strike_R","Strike_R","Defend_R","Defend_R","Defend_R","Defend_R","Bash","Finesse","Anger","Thunderclap","Injury","Armaments","Bash","Headbutt","Double Tap+1","Metallicize","Uppercut","Infernal Blade","Iron Wave","Seeing Red","Parasite","Fiend Fire","Flex","Anger","Sever Soul"],"relics":["Burning Blood","Golden Idol","Incense Burner","Anchor","Shuriken","Black Star","Frozen Egg 2","GremlinMask"],"potions_floor_usage":[16,16,24],"damage_taken":[{"damage":7,"enemies":"Small Slimes","floor":1,"turns":4},{"damage":13,"enemies":"Jaw Worm","floor":2,"turns":4},{"damage":0,"enemies":"Cultist","floor":5,"turns":3},{"damage":27,"enemies":"3 Sentries","floor":6,"turns":8},{"damage":33,"enemies":"Gremlin Nob","floor":8,"turns":5},{"damage":0,"enemies":"Large Slime","floor":10,"turns":4},{"damage":5,"enemies":"Blue Slaver","floor":11,"turns":3},{"damage":8,"enemies":"2 Fungi Beasts","floor":12,"turns":3},{"damage":0,"enemies":"Lots of Slimes","floor":13,"turns":3},{"damage":28,"enemies":"The Guardian","floor":16,"turns":7},{"damage":0,"enemies":"Chosen","floor":18,"turns":3},{"damage":27,"enemies":"3 Byrds","floor":21,"turns":6},{"damage":36,"enemies":"Cultist and Chosen","floor":22,"turns":9},{"damage":54,"enemies":"Book of Stabbing","floor":24,"turns":6}],"seed_played":"7859859554629634709","potions_obtained":[{"floor":5,"key":"Dexterity Potion"},{"floor":8,"key":"AttackPotion"},{"floor":11,"key":"Ancient Potion"},{"floor":13,"key":"Poison Potion"},{"floor":16,"key":"FearPotion"},{"floor":22,"key":"FearPotion"}],"is_trial":false,"path_per_floor":["M","M","?","?","M","E","R","E","T","M","M","M","M","?","R","B",null,"M","?","?","M","M","R","E"],"character_chosen":"IRONCLAD","items_purchased":[],"campfire_rested":2,"item_purchase_floors":[],"current_hp_per_floor":[79,72,72,72,78,57,80,53,53,59,60,58,64,80,80,58,80,80,80,80,59,29,53,0],"gold":443,"neow_bonus":"RANDOM_COLORLESS","is_prod":false,"is_daily":false,"chose_seed":false,"campfire_upgraded":1,"win_rate":0.0,"timestamp":1553448336,"path_taken":["M","M","?","?","M","E","R","E","T","M","?","M","M","?","R","BOSS","M","?","?","M","?","R","E"],"build_version":"2019-01-23","purchased_purges":0,"victory":false,"max_hp_per_floor":[80,80,80,80,80,80,80,80,80,80,80,80,80,80,80,80,80,80,80,80,80,80,80,80],"card_choices":[{"not_picked":["Cleave","Sword Boomerang"],"picked":"Anger","floor":1},{"not_picked":["Clothesline","Second Wind"],"picked":"Thunderclap","floor":2},{"not_picked":["Pommel Strike","Thunderclap"],"picked":"Headbutt","floor":5},{"not_picked":["Iron Wave","Dual Wield"],"picked":"Double Tap","floor":6},{"not_picked":["True Grit","Warcry"],"picked":"Metallicize","floor":8},{"not_picked":["Twin Strike","Anger"],"picked":"Uppercut","floor":10},{"not_picked":["Body Slam","Dual Wield"],"picked":"Infernal Blade","floor":11},{"not_picked":["Body Slam","Havoc"],"picked":"Iron Wave","floor":12},{"not_picked":["Pommel Strike","Thunderclap"],"picked":"Seeing Red","floor":13},{"not_picked":["Exhume","Berserk"],"picked":"Fiend Fire","floor":16},{"not_picked":["Havoc+1","Shrug It Off+1"],"picked":"Flex","floor":18},{"not_picked":["Heavy Blade","Havoc"],"picked":"Anger","floor":21},{"not_picked":["Wild Strike","Twin Strike"],"picked":"Sever Soul","floor":22}],"player_experience":94907,"relics_obtained":[{"floor":6,"key":"Incense Burner"},{"floor":8,"key":"Anchor"},{"floor":9,"key":"Shuriken"}],"event_choices":[{"damage_healed":0,"gold_gain":0,"player_choice":"Take Wound","damage_taken":0,"relics_obtained":["Golden Idol"],"max_hp_gain":0,"max_hp_loss":0,"event_name":"Golden Idol","floor":3,"gold_loss":0,"cards_obtained":["Injury"]},{"damage_healed":0,"gold_gain":0,"player_choice":"2 cards matched","damage_taken":0,"max_hp_gain":0,"max_hp_loss":0,"event_name":"Match and Keep!","floor":4,"gold_loss":0,"cards_obtained":["Armaments","Bash"]},{"damage_healed":20,"gold_gain":0,"player_choice":"Healed and dodged fight","damage_taken":0,"max_hp_gain":0,"max_hp_loss":0,"event_name":"Mushrooms","floor":14,"gold_loss":0,"cards_obtained":["Parasite"]},{"damage_healed":0,"gold_gain":0,"player_choice":"Obtained Relic","damage_taken":0,"relics_obtained":["Frozen Egg 2"],"max_hp_gain":0,"max_hp_loss":0,"event_name":"Addict","floor":19,"gold_loss":85},{"damage_healed":0,"gold_gain":0,"player_choice":"Trade","damage_taken":0,"relics_obtained":["GremlinMask"],"max_hp_gain":0,"max_hp_loss":0,"event_name":"FaceTrader","floor":20,"gold_loss":0}],"is_beta":false,"boss_relics":[{"not_picked":["Orrery","Fusion Hammer"],"picked":"Black Star"}],"items_purged_floors":[],"is_endless":false,"potions_floor_spawned":[5,8,11,13,16,22],"killed_by":"Book of Stabbing","ascension_level":0}