{"path_per_floor":["M","M","$","M","?","R","M","E","T","M","?","M","R","M","R","B",null,"M","$","?","?","$","R","M","R","T","$","E","R","E","M","R","B",null,"M","?","M","M","$","R","E","R","T","R","M","M","M","?","R","B"],"character_chosen":"DEFECT","items_purchased":["Defragment","Leap","Regen Potion","Finesse","Loop"],"gold_per_floor":[119,139,21,34,34,34,49,78,104,124,124,141,141,158,158,263,263,280,132,132,132,32,32,49,49,98,98,155,155,184,196,196,292,322,338,338,357,368,68,68,95,95,95,95,115,126,140,140,140,140],"floor_reached":51,"campfire_rested":3,"playtime":2508,"current_hp_per_floor":[67,61,61,49,49,49,49,39,39,39,39,36,36,29,51,18,61,47,47,37,37,37,37,35,35,35,35,32,32,43,43,43,36,52,54,44,48,50,50,50,13,29,29,45,36,41,47,47,47,39],"items_purged":["Strike_B","Strike_B","Defend_B"],"gold":140,"score":1059,"play_id":"189758c5-e8b1-44b0-96b7-8a64431b6a36","local_time":"20180519102704","is_prod":false,"is_daily":false,"chose_seed":false,"is_ascension_mode":true,"campfire_upgraded":8,"timestamp":1526718424,"campfire_choices":[{"data":"Defragment","floor":6,"key":"SMITH"},{"data":"Capacitor","floor":13,"key":"SMITH"},{"floor":15,"key":"REST"},{"data":"Redo","floor":23,"key":"SMITH"},{"data":"Zap","floor":25,"key":"SMITH"},{"data":"Loop","floor":29,"key":"SMITH"},{"data":"Static Discharge","floor":32,"key":"SMITH"},{"data":"Echo Form","floor":40,"key":"SMITH"},{"floor":42,"key":"REST"},{"floor":44,"key":"REST"},{"data":"Thunder Strike","floor":49,"key":"SMITH"}],"path_taken":["M","M","?","M","?","R","?","E","T","M","?","M","R","?","R","BOSS","M","$","?","?","$","R","M","R","T","?","E","R","E","M","R","BOSS","M","?","?","M","$","R","E","R","T","R","M","?","M","?","R","BOSS"],"build_version":"2018-05-17","seed_source_timestamp":2428923421297,"purchased_purges":4,"victory":true,"master_deck":["Strike_B+1","Defend_B","Defend_B+1","Zap+1","Dualcast","Steam","Ball Lightning+1","Loop+1","Defragment+1","Leap","Ball Lightning","Static Discharge+1","BootSequence","Steam","Capacitor+1","Undo","Echo Form+1","Redo+1","Ghostly","Ghostly","Ghostly","Ghostly","Ghostly","Ball Lightning","Chill+1","Seek","Steam+1","Bandage Up","Secret Weapon","Ball Lightning+1","Finesse","Loop","Force Field+1","Hologram+1","Thunder Strike+1","Rebound"],"max_hp_per_floor":[75,75,75,75,75,75,75,75,75,75,75,75,75,75,75,75,75,75,75,37,37,37,37,37,37,37,37,37,37,51,51,51,51,56,56,56,56,56,56,56,56,56,56,56,56,56,56,56,56,56],"relics":["Cracked Core","Omamori","Whetstone","Cursed Key","Blood Vial","Tiny Chest","Mango","Tiny House","DataDisk","Mercury Hourglass"],"card_choices":[{"not_picked":["Barrage","Stack"],"picked":"Steam","floor":0},{"not_picked":["Rebound","Steam"],"picked":"Ball Lightning","floor":1},{"not_picked":["Coolheaded","Meteor Strike"],"picked":"Loop","floor":2},{"not_picked":["Gash","Leap"],"picked":"Ball Lightning","floor":4},{"not_picked":["Stack","Axe Kick"],"picked":"Static Discharge","floor":7},{"not_picked":["Static Discharge","Beam Cell"],"picked":"BootSequence","floor":8},{"not_picked":["Sweeping Beam","Lockon"],"picked":"Steam","floor":10},{"not_picked":["Double Energy","BootSequence"],"picked":"Capacitor","floor":12},{"not_picked":["Melter","Capacitor"],"picked":"Undo","floor":14},{"not_picked":["Nova","Multi-Cast"],"picked":"Echo Form","floor":16},{"not_picked":["Consume","Axe Kick"],"picked":"Redo","floor":18},{"not_picked":["Skim","Cold Snap"],"picked":"Ball Lightning","floor":24},{"not_picked":["Hyperbeam","Streamline","Go for the Eyes"],"picked":"SKIP","floor":28},{"not_picked":["Recycle+1","Hologram","Sweeping Beam"],"picked":"SKIP","floor":30},{"not_picked":["Turbo","Hologram"],"picked":"Chill+1","floor":31},{"not_picked":["Nova","Reboot"],"picked":"Seek","floor":33},{"not_picked":["Genetic Algorithm+1","Skim"],"picked":"Steam+1","floor":35},{"not_picked":["Good Instincts","Panacea"],"picked":"Bandage Up","floor":36},{"not_picked":["Mind Blast","Madness"],"picked":"Secret Weapon","floor":36},{"not_picked":["Auto Shields","Hologram+1"],"picked":"Ball Lightning+1","floor":37},{"not_picked":["Gash+1","Axe Kick+1","Rebound+1"],"picked":"SKIP","floor":38},{"not_picked":["Hologram","Streamline"],"picked":"Force Field+1","floor":41},{"not_picked":["Scrape+1","Sunder"],"picked":"Hologram+1","floor":45},{"not_picked":["Redo+1","Capacitor+1"],"picked":"Thunder Strike","floor":46},{"not_picked":["Rebound+1","Auto Shields","Barrage+1"],"picked":"SKIP","floor":47}],"player_experience":94890,"potions_floor_usage":[8,8,16,28,38,41,50,50],"damage_taken":[{"damage":1,"enemies":"Cultist","floor":1,"turns":3},{"damage":6,"enemies":"Jaw Worm","floor":2,"turns":2},{"damage":12,"enemies":"Small Slimes","floor":4,"turns":3},{"damage":0,"enemies":"Blue Slaver","floor":7,"turns":3},{"damage":10,"enemies":"Lagavulin","floor":8,"turns":5},{"damage":0,"enemies":"Large Slime","floor":10,"turns":4},{"damage":3,"enemies":"Exordium Thugs","floor":12,"turns":4},{"damage":7,"enemies":"Blue Slaver","floor":14,"turns":4},{"damage":33,"enemies":"Slime Boss","floor":16,"turns":8},{"damage":14,"enemies":"Chosen","floor":18,"turns":5},{"damage":2,"enemies":"2 Thieves","floor":24,"turns":5},{"damage":5,"enemies":"Book of Stabbing","floor":28,"turns":5},{"damage":5,"enemies":"Gremlin Leader","floor":30,"turns":5},{"damage":2,"enemies":"Centurion and Healer","floor":31,"turns":7},{"damage":9,"enemies":"Collector","floor":33,"turns":9},{"damage":0,"enemies":"Orb Walker","floor":35,"turns":6},{"damage":6,"enemies":"Flame Bruiser 1 Orb","floor":37,"turns":6},{"damage":0,"enemies":"3 Darklings","floor":38,"turns":5},{"damage":43,"enemies":"Nemesis","floor":41,"turns":11},{"damage":15,"enemies":"Spire Growth","floor":45,"turns":6},{"damage":1,"enemies":"Maw","floor":46,"turns":8},{"damage":0,"enemies":"Flame Bruiser 2 Orb","floor":47,"turns":6},{"damage":27,"enemies":"Time Eater","floor":50,"turns":12}],"relics_obtained":[{"floor":8,"key":"Omamori"},{"floor":9,"key":"Whetstone"},{"floor":26,"key":"Blood Vial"},{"floor":28,"key":"Tiny Chest"},{"floor":30,"key":"Mango"},{"floor":41,"key":"DataDisk"},{"floor":43,"key":"Mercury Hourglass"}],"event_choices":[{"event_name":"The Cleric","player_choice":"Leave","floor":5,"damage_taken":0},{"event_name":"Liars Game","player_choice":"disagreed","floor":11,"damage_taken":0},{"event_name":"Ghosts","player_choice":"Became a Ghost","floor":20,"damage_taken":0},{"event_name":"Back to Basics","player_choice":"Elegance","floor":21,"damage_taken":0},{"event_name":"SensoryStone","player_choice":"Memory 3","floor":36,"damage_taken":0},{"event_name":"Transmorgrifier","player_choice":"Transform","floor":48,"damage_taken":0}],"boss_relics":[{"not_picked":["Eternal Feather","Nuclear Battery"],"picked":"Cursed Key"},{"not_picked":["Runic Pyramid","Runic Dome"],"picked":"Tiny House"}],"potions_floor_spawned":[4,7,10,16,18,35,37,47],"seed_played":"-6498841192354664727","ascension_level":8,"potions_obtained":[{"floor":4,"key":"Weak Potion"},{"floor":7,"key":"SkillPotion"},{"floor":10,"key":"Energy Potion"},{"floor":16,"key":"Block Potion"},{"floor":18,"key":"Swift Potion"},{"floor":34,"key":"AttackPotion"},{"floor":47,"key":"Block Potion"}],"is_trial":false}