{"gold_per_floor":[118,118,131,131,131,141,172,135,135,135,160,180,197,372,372,474,474,488,103,103,113,113,141,141,155,178,178,178,191,191,208,208,208],"floor_reached":33,"playtime":1389,"items_purged":["Doubt"],"score":341,"play_id":"4d27b05a-bd05-4e3b-b83c-1df7bfc7b486","local_time":"20180913000120","is_ascension_mode":true,"campfire_choices":[{"data":"Loop","floor":10,"key":"SMITH"},{"floor":15,"key":"REST"},{"floor":24,"key":"REST"},{"floor":27,"key":"REST"},{"data":"Defragment","floor":30,"key":"SMITH"},{"floor":32,"key":"REST"}],"neow_cost":"NONE","seed_source_timestamp":1067450610230187,"circlet_count":0,"master_deck":["Defend_B","Defend_B","Defend_B","Defend_B","Zap","Dualcast","Conserve Battery","Static Discharge","Capacitor","Loop+1","Chaos","Lockon","Cold Snap","Machine Learning","Static Discharge","Panache","Defragment+1","Rebound","Bandage Up","Pain","Static Discharge+1","Ball Lightning+1","Bite","Bite","Bite","Bite","Bite","Beam Cell","Heatsinks"],"relics":["Cracked Core","Calipers","DataDisk","Mango","Orichalcum","Sozu","WarpedTongs","Question Card","Bag of Marbles"],"potions_floor_usage":[7,13,16],"damage_taken":[{"damage":0,"enemies":"2 Louse","floor":1,"turns":1},{"damage":0,"enemies":"Cultist","floor":3,"turns":3},{"damage":1,"enemies":"Small Slimes","floor":6,"turns":3},{"damage":28,"enemies":"Lagavulin","floor":7,"turns":5},{"damage":31,"enemies":"Gremlin Nob","floor":11,"turns":4},{"damage":5,"enemies":"Blue Slaver","floor":12,"turns":4},{"damage":6,"enemies":"Looter","floor":13,"turns":3},{"damage":17,"enemies":"Hexaghost","floor":16,"turns":10},{"damage":22,"enemies":"Spheric Guardian","floor":18,"turns":4},{"damage":16,"enemies":"2 Thieves","floor":21,"turns":4},{"damage":40,"enemies":"Book of Stabbing","floor":23,"turns":6},{"damage":22,"enemies":"Centurion and Healer","floor":25,"turns":6},{"damage":21,"enemies":"3 Cultists","floor":29,"turns":5},{"damage":42,"enemies":"Chosen and Byrds","floor":31,"turns":4},{"damage":56,"enemies":"Collector","floor":33,"turns":5}],"seed_played":"-5828001518526473456","potions_obtained":[{"floor":3,"key":"FearPotion"},{"floor":7,"key":"Swift Potion"},{"floor":12,"key":"LiquidBronze"}],"is_trial":false,"path_per_floor":["M","?","M","?","?","M","E","$","T","R","E","M","M","?","R","B",null,"M","$","?","M","?","E","R","M","T","R","?","M","R","M","R"],"character_chosen":"DEFECT","items_purchased":["Loop","Panache","Defragment","Rebound"],"campfire_rested":4,"item_purchase_floors":[8,19,19,19],"current_hp_per_floor":[82,66,66,63,63,62,34,34,48,48,17,12,6,6,34,17,96,74,74,74,58,58,22,50,34,34,62,62,50,50,22,42,0],"gold":208,"neow_bonus":"TEN_PERCENT_HP_BONUS","is_prod":false,"is_daily":false,"chose_seed":false,"campfire_upgraded":2,"win_rate":0,"timestamp":1536789680,"path_taken":["M","?","M","?","?","M","E","$","T","R","E","M","M","?","R","BOSS","M","$","?","?","?","E","R","M","T","R","?","?","R","M","R","BOSS"],"build_version":"2018-09-06","purchased_purges":1,"victory":false,"max_hp_per_floor":[82,82,82,82,82,82,82,82,96,96,96,96,96,96,96,96,96,96,96,96,96,96,96,96,96,96,96,67,67,67,67,67,67],"card_choices":[{"not_picked":["Turbo","Hologram"],"picked":"Conserve Battery","floor":1},{"not_picked":["BootSequence","Turbo"],"picked":"Static Discharge","floor":3},{"not_picked":["Fusion","Gash","Barrage"],"picked":"SKIP","floor":6},{"not_picked":["Go for the Eyes","Reinforced Body"],"picked":"Capacitor","floor":7},{"not_picked":["Scrape","Multi-Cast"],"picked":"Chaos","floor":11},{"not_picked":["Steam","Recycle"],"picked":"Lockon","floor":12},{"not_picked":["Conserve Battery","BootSequence"],"picked":"Cold Snap","floor":13},{"not_picked":["All For One","Thunder Strike"],"picked":"Machine Learning","floor":16},{"not_picked":["Reinforced Body","Sweeping Beam"],"picked":"Static Discharge","floor":18},{"not_picked":["Leap","Steam Power+1","Blizzard"],"picked":"SKIP","floor":21},{"not_picked":["Force Field","Go for the Eyes"],"picked":"Static Discharge+1","floor":23},{"not_picked":["Blizzard","Doom and Gloom","Steam"],"picked":"Ball Lightning+1","floor":25},{"not_picked":["Hello World","Streamline+1","Chill"],"picked":"Beam Cell","floor":29},{"not_picked":["Conserve Battery","Storm","Coolheaded+1"],"picked":"Heatsinks","floor":31}],"player_experience":145360,"relics_obtained":[{"floor":7,"key":"DataDisk"},{"floor":9,"key":"Mango"},{"floor":11,"key":"Orichalcum"},{"floor":23,"key":"Question Card"},{"floor":26,"key":"Bag of Marbles"}],"event_choices":[{"event_name":"Shining Light","player_choice":"Entered Light","floor":2,"damage_taken":0},{"event_name":"Scrap Ooze","player_choice":"success","floor":4,"damage_taken":3},{"event_name":"Bonfire Elementals","player_choice":"BASIC","floor":5,"damage_taken":0},{"event_name":"Liars Game","player_choice":"agreed","floor":14,"damage_taken":0},{"event_name":"Match and Keep!","player_choice":"1 cards matched","floor":20,"damage_taken":0},{"event_name":"Accursed Blacksmith","player_choice":"Rummage","floor":22,"damage_taken":0},{"event_name":"Vampires","player_choice":"Became a vampire","floor":28,"damage_taken":0}],"is_beta":false,"boss_relics":[{"not_picked":["Lizard Tail","Busted Crown"],"picked":"Sozu"}],"items_purged_floors":[19],"is_endless":false,"potions_floor_spawned":[3,7,12,21,23,31],"killed_by":"Collector","ascension_level":3}