{"gold_per_floor":[10,22,32,42,53,53,53,53,53,53,53,53],"floor_reached":12,"playtime":538,"items_purged":[],"score":88,"play_id":"008a5611-d4aa-47c2-8f1a-913dc799f835","local_time":"20180915024927","is_ascension_mode":true,"campfire_choices":[{"data":"Dualcast","floor":6,"key":"SMITH"},{"data":"Capacitor","floor":8,"key":"SMITH"},{"data":"Zap","floor":10,"key":"SMITH"}],"neow_cost":"NO_GOLD","seed_source_timestamp":44673385433156,"circlet_count":0,"master_deck":["Strike_B","Strike_B+1","Strike_B+1","Strike_B","Defend_B","Defend_B","Defend_B","Defend_B","Zap+1","Dualcast+1","Sweeping Beam","Capacitor+1","Regret"],"relics":["Cracked Core","Ginger","Bag of Marbles","Vajra"],"potions_floor_usage":[2,5],"damage_taken":[{"damage":0,"enemies":"Cultist","floor":1,"turns":4},{"damage":13,"enemies":"Small Slimes","floor":2,"turns":2},{"damage":0,"enemies":"2 Louse","floor":3,"turns":3},{"damage":3,"enemies":"Blue Slaver","floor":4,"turns":4},{"damage":9,"enemies":"Exordium Wildlife","floor":5,"turns":6},{"damage":45,"enemies":"Lagavulin Event","floor":12,"turns":5}],"seed_played":"8514431877113323304","potions_obtained":[{"floor":1,"key":"Poison Potion"},{"floor":2,"key":"Block Potion"},{"floor":4,"key":"LiquidBronze"}],"is_trial":false,"path_per_floor":["M","M","M","M","M","R","?","R","T","R","?"],"character_chosen":"DEFECT","items_purchased":[],"campfire_rested":0,"item_purchase_floors":[],"current_hp_per_floor":[75,62,62,59,50,50,50,50,50,50,35,0],"gold":53,"neow_bonus":"ONE_RARE_RELIC","is_prod":false,"is_daily":false,"chose_seed":false,"campfire_upgraded":3,"win_rate":0,"timestamp":1536972567,"path_taken":["M","M","M","M","?","R","?","R","T","R","?","?"],"build_version":"2018-09-06","purchased_purges":0,"victory":false,"max_hp_per_floor":[75,75,75,75,75,75,75,75,75,75,75,75],"card_choices":[{"not_picked":["Genetic Algorithm","Compile Driver","Auto Shields"],"picked":"SKIP","floor":1},{"not_picked":["Redo","Beam Cell"],"picked":"Sweeping Beam","floor":2},{"not_picked":["Barrage","Stack","Reinforced Body"],"picked":"SKIP","floor":3},{"not_picked":["Leap","BootSequence","Streamline"],"picked":"SKIP","floor":4},{"not_picked":["Coolheaded","Machine Learning"],"picked":"Capacitor","floor":5}],"player_experience":169222,"relics_obtained":[{"floor":9,"key":"Vajra"}],"event_choices":[{"event_name":"Big Fish","player_choice":"Box","floor":7,"damage_taken":0},{"event_name":"Shining Light","player_choice":"Entered Light","floor":11,"damage_taken":0},{"event_name":"Dead Adventurer","player_choice":"Searched \u00272\u0027 times","floor":12,"damage_taken":0}],"is_beta":false,"boss_relics":[],"items_purged_floors":[],"is_endless":false,"potions_floor_spawned":[1,2,4],"killed_by":"Lagavulin Event","ascension_level":5}