{"gold_per_floor":[10,10,23,23,38,38,38,38,38,67,77,94,94,109,109,184,184,195,90,90,90,0,0,0,0,0,16,46,46,57,77,77,77],"floor_reached":33,"playtime":1936,"items_purged":["Strike_B"],"score":504,"play_id":"040d92bc-fd3f-42a0-9875-114a2e2f994c","local_time":"20180924173812","is_ascension_mode":true,"campfire_choices":[{"floor":6,"key":"REST"},{"data":"Zap","floor":8,"key":"SMITH"},{"floor":15,"key":"REST"},{"floor":23,"key":"REST"},{"floor":25,"key":"REST"},{"floor":29,"key":"REST"},{"floor":32,"key":"REST"}],"neow_cost":"NO_GOLD","seed_source_timestamp":793870262834099,"circlet_count":0,"master_deck":["Strike_B","Strike_B","Strike_B","Defend_B","Defend_B","Defend_B","Defend_B","Zap+1","Dualcast","AscendersBane","Electrodynamics","BootSequence","Melter","Streamline","Hologram","Beam Cell","Ball Lightning+1","Thunder Strike+1","Conserve Battery","Leap","Decay","Glacier","Echo Form"],"relics":["Cracked Core","Lantern","Thread and Needle","Molten Egg 2","Inserter","MutagenicStrength","Ornamental Fan","Singing Bowl","Smiling Mask"],"potions_floor_usage":[3,3,10,16,27,28,30,31],"damage_taken":[{"damage":7,"enemies":"2 Louse","floor":1,"turns":3},{"damage":0,"enemies":"Small Slimes","floor":3,"turns":2},{"damage":11,"enemies":"Cultist","floor":5,"turns":4},{"damage":20,"enemies":"Lagavulin","floor":10,"turns":5},{"damage":6,"enemies":"Exordium Thugs","floor":11,"turns":4},{"damage":7,"enemies":"3 Louse","floor":12,"turns":2},{"damage":0,"enemies":"2 Fungi Beasts","floor":14,"turns":2},{"damage":39,"enemies":"Hexaghost","floor":16,"turns":9},{"damage":34,"enemies":"Shell Parasite","floor":18,"turns":5},{"damage":8,"enemies":"3 Byrds","floor":27,"turns":4},{"damage":43,"enemies":"Gremlin Leader","floor":28,"turns":6},{"damage":7,"enemies":"Sentry and Sphere","floor":30,"turns":3},{"damage":20,"enemies":"Snake Plant","floor":31,"turns":4},{"damage":67,"enemies":"Collector","floor":33,"turns":6}],"seed_played":"-4973432103480321989","potions_obtained":[{"floor":1,"key":"EntropicBrew"},{"floor":12,"key":"Swift Potion"},{"floor":14,"key":"Ancient Potion"},{"floor":18,"key":"Regen Potion"},{"floor":28,"key":"PowerPotion"},{"floor":30,"key":"Explosive Potion"}],"is_trial":false,"path_per_floor":["M","$","M","?","M","R","?","R","T","E","M","M","?","M","R","B",null,"M","$","?","T","?","R","?","R","T","M","E","R","M","M","R"],"character_chosen":"DEFECT","items_purchased":["Leap"],"campfire_rested":6,"item_purchase_floors":[19],"current_hp_per_floor":[57,57,57,62,51,73,73,73,73,53,47,40,29,29,51,12,60,26,26,26,26,26,48,48,70,70,73,30,53,55,35,59,0],"gold":77,"neow_bonus":"THREE_RARE_CARDS","is_prod":false,"is_daily":false,"chose_seed":false,"campfire_upgraded":1,"win_rate":0,"timestamp":1537803492,"path_taken":["M","$","M","?","M","R","?","R","T","E","?","M","?","M","R","BOSS","M","$","?","?","?","R","?","R","T","?","E","R","M","M","R","BOSS"],"build_version":"2018-09-20","purchased_purges":1,"victory":false,"max_hp_per_floor":[71,71,71,76,76,76,76,76,76,76,76,76,76,76,76,76,76,76,76,76,76,76,76,76,76,76,78,78,78,80,80,80,80],"card_choices":[{"not_picked":["Amplify","All For One"],"picked":"Electrodynamics","floor":0},{"not_picked":["Loop","Leap"],"picked":"BootSequence","floor":1},{"not_picked":["Beam Cell","Redo","Genetic Algorithm"],"picked":"SKIP","floor":3},{"not_picked":["Steam","Turbo"],"picked":"Melter","floor":5},{"not_picked":["Skim","Heatsinks"],"picked":"Streamline","floor":10},{"not_picked":["Chill","Rebound"],"picked":"Hologram","floor":11},{"not_picked":["Chill","Aggregate"],"picked":"Beam Cell","floor":12},{"not_picked":["Streamline+1","Melter+1"],"picked":"Ball Lightning+1","floor":14},{"not_picked":["Hyperbeam+1","Electrodynamics"],"picked":"Thunder Strike+1","floor":16},{"not_picked":["Compile Driver+1","Chaos"],"picked":"Conserve Battery","floor":18},{"not_picked":["Undo","Ball Lightning+1","Stack"],"picked":"Singing Bowl","floor":27},{"not_picked":["Self Repair","Rainbow"],"picked":"Glacier","floor":28},{"not_picked":["Gash+1","Ball Lightning+1","Rebound+1"],"picked":"Singing Bowl","floor":30},{"not_picked":["Sweeping Beam+1","Double Energy+1"],"picked":"Echo Form","floor":31}],"player_experience":628152,"relics_obtained":[{"floor":9,"key":"Lantern"},{"floor":10,"key":"Thread and Needle"},{"floor":21,"key":"Ornamental Fan"},{"floor":26,"key":"Singing Bowl"},{"floor":28,"key":"Smiling Mask"}],"event_choices":[{"event_name":"Big Fish","player_choice":"Donut","floor":4,"damage_taken":0},{"event_name":"Liars Game","player_choice":"disagreed","floor":7,"damage_taken":0},{"event_name":"Scrap Ooze","player_choice":"success","floor":13,"damage_taken":11},{"event_name":"Drug Dealer","player_choice":"Inject Mutagens","floor":20,"damage_taken":0},{"event_name":"Masked Bandits","player_choice":"Paid Fearfully","floor":22,"damage_taken":0},{"event_name":"Forgotten Altar","player_choice":"Smashed Altar","floor":24,"damage_taken":0}],"is_beta":false,"boss_relics":[{"not_picked":["Orrery","Runic Dome"],"picked":"Inserter"}],"items_purged_floors":[19],"is_endless":false,"potions_floor_spawned":[1,12,14,18,28,30],"killed_by":"Collector","ascension_level":18}