{"gold_per_floor":[110,130,149,166,182,182,53,53,101,101,112,77,77,100,100,201,201,220,15,15,34,53,53,63,78,128,128,144,144,173,186,186,186],"floor_reached":33,"playtime":1651,"items_purged":[],"score":311,"play_id":"4c5f41ba-4e23-48bd-ae9a-37d49e0bb2b0","local_time":"20180708235538","is_ascension_mode":false,"campfire_choices":[{"floor":6,"key":"REST"},{"data":"Impervious","floor":10,"key":"SMITH"},{"data":"Heavy Blade","floor":13,"key":"SMITH"},{"data":"Dual Wield","floor":15,"key":"SMITH"},{"floor":23,"key":"REST"},{"data":"Flex","floor":27,"key":"SMITH"},{"data":"Demon Form","floor":29,"key":"SMITH"},{"data":"Immolate","floor":32,"key":"SMITH"}],"neow_cost":"CURSE","seed_source_timestamp":362407130957431,"circlet_count":0,"master_deck":["Strike_R","Strike_R","Strike_R","Strike_R","Strike_R","Defend_R","Defend_R","Defend_R","Defend_R","Bash","Regret","Dual Wield+1","Heavy Blade+1","Shrug It Off","Carnage","Impervious+1","Flex+1","Rupture","Carnage","Bludgeon","Sever Soul+1","Metallicize","Anger+1","Shrug It Off+1","Shrug It Off+1","Flame Barrier","Demon Form+1","Immolate+1","Entrench"],"relics":["Burning Blood","Unceasing Top","Pear","Blood Vial","Pen Nib","Snecko Eye","Toolbox","Strawberry","Bag of Preparation"],"potions_floor_usage":[11,16,16,30,30,30,33],"damage_taken":[{"damage":13,"enemies":"Jaw Worm","floor":1,"turns":4},{"damage":11,"enemies":"Small Slimes","floor":2,"turns":4},{"damage":10,"enemies":"2 Louse","floor":3,"turns":3},{"damage":15,"enemies":"Looter","floor":4,"turns":3},{"damage":13,"enemies":"Blue Slaver","floor":5,"turns":4},{"damage":8,"enemies":"Exordium Wildlife","floor":11,"turns":5},{"damage":75,"enemies":"The Guardian","floor":16,"turns":9},{"damage":10,"enemies":"3 Byrds","floor":18,"turns":3},{"damage":25,"enemies":"2 Thieves","floor":21,"turns":3},{"damage":10,"enemies":"Snecko","floor":22,"turns":3},{"damage":16,"enemies":"Centurion and Healer","floor":24,"turns":5},{"damage":15,"enemies":"Snake Plant","floor":25,"turns":4},{"damage":0,"enemies":"Snecko","floor":28,"turns":2},{"damage":13,"enemies":"Gremlin Leader","floor":30,"turns":3},{"damage":5,"enemies":"Centurion and Healer","floor":31,"turns":3},{"damage":90,"enemies":"Champ","floor":33,"turns":9}],"seed_played":"-3113790953302002247","potions_obtained":[{"floor":2,"key":"Block Potion"},{"floor":5,"key":"LiquidBronze"},{"floor":11,"key":"LiquidBronze"},{"floor":21,"key":"Energy Potion"},{"floor":22,"key":"PowerPotion"},{"floor":28,"key":"LiquidBronze"},{"floor":31,"key":"AttackPotion"}],"is_trial":false,"path_per_floor":["M","M","M","M","M","R","$","?","T","R","M","?","R","T","R","B",null,"M","$","?","M","M","R","M","M","T","R","M","R","E","M","R"],"character_chosen":"IRONCLAD","items_purchased":["Flex","Rupture","Toolbox"],"campfire_rested":2,"item_purchase_floors":[7,7,19],"current_hp_per_floor":[73,68,64,55,48,72,72,75,75,75,75,90,90,90,90,21,90,86,86,86,69,67,90,80,73,80,80,88,88,83,86,86,0],"gold":186,"neow_bonus":"ONE_RARE_RELIC","is_prod":false,"is_daily":false,"chose_seed":false,"campfire_upgraded":6,"win_rate":0.0,"timestamp":1531086938,"path_taken":["M","M","M","M","M","R","$","?","T","R","M","?","R","?","R","BOSS","M","$","?","M","?","R","?","M","T","R","M","R","E","M","R","BOSS"],"build_version":"2018-07-05","purchased_purges":0,"victory":false,"max_hp_per_floor":[80,80,80,80,80,80,80,90,90,90,90,90,90,90,90,90,90,90,90,90,90,90,90,90,90,97,97,97,97,97,97,97,97],"card_choices":[{"not_picked":["Clothesline","Clash"],"picked":"Dual Wield","floor":1},{"not_picked":["Reckless Charge","Sever Soul"],"picked":"Heavy Blade","floor":2},{"not_picked":["Fire Breathing","Clash"],"picked":"Shrug It Off","floor":3},{"not_picked":["Perfected Strike","Clash"],"picked":"Carnage","floor":4},{"not_picked":["Armaments","Carnage"],"picked":"Impervious","floor":5},{"not_picked":["Headbutt","Battle Trance"],"picked":"Carnage","floor":11},{"not_picked":["Dark Embrace","Reaper"],"picked":"Bludgeon","floor":16},{"not_picked":["Reckless Charge","Twin Strike"],"picked":"Sever Soul+1","floor":18},{"not_picked":["Armaments","Spot Weakness"],"picked":"Anger+1","floor":21},{"not_picked":["Reckless Charge","Body Slam"],"picked":"Shrug It Off+1","floor":22},{"not_picked":["Clothesline","Combust"],"picked":"Shrug It Off+1","floor":24},{"not_picked":["Warcry+1","Armaments"],"picked":"Flame Barrier","floor":25},{"not_picked":["Clash","Perfected Strike"],"picked":"Demon Form","floor":28},{"not_picked":["Metallicize","Wild Strike"],"picked":"Immolate","floor":30},{"not_picked":["Thunderclap","Armaments+1"],"picked":"Entrench","floor":31}],"player_experience":46962,"relics_obtained":[{"floor":9,"key":"Blood Vial"},{"floor":14,"key":"Pen Nib"},{"floor":26,"key":"Strawberry"},{"floor":30,"key":"Bag of Preparation"}],"event_choices":[{"event_name":"Scrap Ooze","player_choice":"success","floor":8,"damage_taken":7},{"event_name":"The Cleric","player_choice":"Healed","floor":12,"damage_taken":0},{"event_name":"The Library","player_choice":"Read","floor":20,"damage_taken":0}],"boss_relics":[{"not_picked":["Runic Pyramid","White Beast Statue"],"picked":"Snecko Eye"}],"items_purged_floors":[],"is_endless":false,"potions_floor_spawned":[2,5,11,21,22,28,31],"killed_by":"Champ","ascension_level":0}