{"path_per_floor":["M","?","M","M","?","R","M","R","T","E","M","?","R","M","R","B",null,"M","M","M","$","?","R","M","R","T","E","M","M","M","?","R"],"character_chosen":"THE_SILENT","items_purchased":["Panache","Lantern"],"gold_per_floor":[115,115,131,147,322,322,339,339,364,390,400,400,400,417,417,520,520,491,506,522,115,30,30,40,40,40,68,84,97,110,110,110,110],"floor_reached":33,"campfire_rested":4,"playtime":3737,"current_hp_per_floor":[68,61,61,60,60,60,53,53,53,24,15,32,53,53,53,47,70,55,47,35,35,35,56,30,51,51,49,8,9,9,9,30,0],"items_purged":["Normality"],"gold":110,"score":271,"play_id":"d1c4d5ed-b8b0-49be-aca7-ebee05f52070","local_time":"20180323092229","is_prod":false,"is_daily":false,"is_ascension_mode":false,"campfire_upgraded":3,"timestamp":1521793349,"path_taken":["M","?","M","M","?","R","M","R","T","E","?","?","R","M","R","BOSS","M","M","M","$","?","R","M","R","T","E","M","?","M","?","R","BOSS"],"build_version":"2018-03-22","purchased_purges":1,"victory":false,"master_deck":["Defend_G","Defend_G+1","Defend_G+1","Defend_G","Defend_G","Strike_G","Strike_G","Strike_G","Strike_G","Strike_G","Survivor","Neutralize+1","Night Terror+1","Doppelganger+1","Slice","Underhanded Strike","Doubt","Flying Knee","Bouncing Flask","Bouncing Flask","Parasite","Deflect","After Image","Normality","Writhe","PiercingWail","Caltrops+1","Malaise","Panache","Deadly Poison+1","Backflip","Flechettes","Heel Hook","Dodge and Roll"],"max_hp_per_floor":[70,70,70,70,70,70,70,70,70,70,70,70,70,70,70,70,70,70,70,70,70,70,70,70,70,70,70,70,70,70,70,70,70],"relics":["Ring of the Snake","Snake Skull","Blood Vial","Thread and Needle","Calling Bell","Sundial","Kunai","Oddly Smooth Stone","Lantern","Frozen Egg 2","Dodecahedron","War Paint"],"card_choices":[{"not_picked":["Slice","Noxious Fumes"],"picked":"Doppelganger"},{"not_picked":["Deflect","Footwork"],"picked":"Slice"},{"not_picked":["Noxious Fumes","Masterful Stab"],"picked":"Underhanded Strike"},{"not_picked":["Dagger Spray","Outmaneuver"],"picked":"Flying Knee"},{"not_picked":["Deadly Poison","Prepared"],"picked":"Bouncing Flask"},{"not_picked":["Deflect","All Out Attack"],"picked":"Bouncing Flask"},{"not_picked":["Dagger Throw","Distraction"],"picked":"Deflect"},{"not_picked":["Venomology","Night Terror"],"picked":"After Image"},{"not_picked":["Quick Slash","Bane"],"picked":"PiercingWail"},{"not_picked":["Endless Agony","Deflect"],"picked":"Caltrops"},{"not_picked":["Prepared","Dodge and Roll"],"picked":"Malaise"},{"not_picked":["Adrenaline","Outmaneuver"],"picked":"Deadly Poison"},{"not_picked":["Deflect","PiercingWail"],"picked":"Backflip"},{"not_picked":["PiercingWail","Dodge and Roll"],"picked":"Flechettes"},{"not_picked":["Sucker Punch","Noxious Fumes"],"picked":"Heel Hook","floor":29},{"not_picked":["Flying Knee","Choke"],"picked":"Dodge and Roll","floor":30}],"player_experience":21428,"potions_floor_usage":[33,33,33],"damage_taken":[{"damage":2.0,"enemies":"Small Slimes","floor":1.0,"turns":4.0},{"damage":0.0,"enemies":"Jaw Worm","floor":3.0,"turns":6.0},{"damage":1.0,"enemies":"2 Louse","floor":4.0,"turns":4.0},{"damage":7.0,"enemies":"Red Slaver","floor":7.0,"turns":7.0},{"damage":46.0,"enemies":"Gremlin Nob","floor":10.0,"turns":6.0},{"damage":11.0,"enemies":"Large Slime","floor":11.0,"turns":7.0},{"damage":2.0,"enemies":"2 Fungi Beasts","floor":14.0,"turns":4.0},{"damage":8.0,"enemies":"Hexaghost","floor":16.0,"turns":8.0},{"damage":15.0,"enemies":"2 Thieves","floor":18.0,"turns":5.0},{"damage":10.0,"enemies":"Shell Parasite","floor":19.0,"turns":4.0},{"damage":14.0,"enemies":"Snecko","floor":20.0,"turns":6.0},{"damage":43.0,"enemies":"Cultist and Chosen","floor":24.0,"turns":7.0},{"damage":4.0,"enemies":"Book of Stabbing","floor":27.0,"turns":6.0},{"damage":43.0,"enemies":"3 Cultists","floor":28.0,"turns":5.0},{"damage":1.0,"enemies":"Snake Plant","floor":29.0,"turns":7.0},{"damage":2,"enemies":"3 Cultists","floor":30,"turns":6},{"damage":38,"enemies":"Collector","floor":33,"turns":6}],"event_choices":[{"event_name":"Scrap Ooze","player_choice":"success","floor":2.0,"damage_taken":7.0},{"event_name":"Liars Game","player_choice":"agreed","floor":5.0,"damage_taken":0.0},{"event_name":"Mushrooms","player_choice":"Healed and dodged fight","floor":12.0,"damage_taken":0.0},{"event_name":"Addict","player_choice":"Obtained Relic","floor":22.0,"damage_taken":0.0},{"event_name":"The Lab","player_choice":"Got Potions","floor":31,"damage_taken":0}],"boss_relics":[],"potions_floor_spawned":[1,7,14,19,20,27,29],"seed_played":"-3697790219895370660","killed_by":"Collector","ascension_level":0,"is_trial":false}