{"gold_per_floor":[116,134,152,23,23,23,49,60,112,112,112,122,122,106,106,204,204,222,233,183,183,183,183,202,202,225,225,238,120,70,83,83,188,188,199,209,209,225,225,225,259,259,284,284,300,317,32,51,51,51],"floor_reached":50,"playtime":3742,"items_purged":["Strike_B","Defend_B","Defend_B","Strike_B"],"score":689,"play_id":"98ffed0f-5a4f-4529-b9be-c8ee161944f1","local_time":"20180916213343","is_ascension_mode":true,"campfire_choices":[{"floor":6,"key":"REST"},{"data":"Static Discharge","floor":10,"key":"SMITH"},{"data":"Storm","floor":13,"key":"SMITH"},{"data":"Dualcast","floor":15,"key":"SMITH"},{"data":"Echo Form","floor":23,"key":"SMITH"},{"floor":25,"key":"REST"},{"floor":27,"key":"REST"},{"floor":32,"key":"REST"},{"floor":40,"key":"REST"},{"floor":42,"key":"REST"},{"floor":49,"key":"REST"}],"neow_cost":"NONE","seed_source_timestamp":114985651106917,"circlet_count":0,"master_deck":["Strike_B+1","Defend_B","Zap+1","Dualcast+1","BootSequence","Conserve Battery+1","Glacier","Static Discharge+1","Storm+1","Echo Form+1","Steam+1","Force Field+1","Static Discharge","Loop","Machine Learning","Force Field+1","Conserve Battery+1","Buffer","Doom and Gloom+1","Consume+1","Buffer"],"relics":["Cracked Core","Smiling Mask","Singing Bowl","Pen Nib","Potion Belt","Lizard Tail","PreservedInsect","Sozu","Torii","War Paint","Shovel","DataDisk"],"potions_floor_usage":[14,28,33,33],"damage_taken":[{"damage":2,"enemies":"Small Slimes","floor":1,"turns":4},{"damage":4,"enemies":"2 Louse","floor":2,"turns":2},{"damage":0,"enemies":"Cultist","floor":3,"turns":3},{"damage":12,"enemies":"Lagavulin","floor":7,"turns":10},{"damage":0,"enemies":"Large Slime","floor":8,"turns":8},{"damage":0,"enemies":"2 Fungi Beasts","floor":12,"turns":4},{"damage":16,"enemies":"Exordium Thugs","floor":14,"turns":4},{"damage":22,"enemies":"The Guardian","floor":16,"turns":11},{"damage":10,"enemies":"Chosen","floor":18,"turns":4},{"damage":8,"enemies":"Spheric Guardian","floor":19,"turns":4},{"damage":32,"enemies":"Cultist and Chosen","floor":24,"turns":6},{"damage":17,"enemies":"3 Cultists","floor":28,"turns":5},{"damage":9,"enemies":"Shelled Parasite and Fungi","floor":31,"turns":6},{"damage":61,"enemies":"Collector","floor":33,"turns":19},{"damage":28,"enemies":"3 Shapes","floor":35,"turns":5},{"damage":7,"enemies":"Orb Walker","floor":36,"turns":4},{"damage":11,"enemies":"Spire Growth","floor":38,"turns":8},{"damage":55,"enemies":"Nemesis","floor":41,"turns":13},{"damage":1,"enemies":"Mind Bloom Boss Battle","floor":44,"turns":11},{"damage":12,"enemies":"3 Darklings","floor":45,"turns":6},{"damage":17,"enemies":"Maw","floor":46,"turns":9},{"damage":22,"enemies":"Sphere and 2 Shapes","floor":48,"turns":5},{"damage":53,"enemies":"Time Eater","floor":50,"turns":14}],"seed_played":"-5265953177790214639","potions_obtained":[{"floor":3,"key":"SpeedPotion"},{"floor":8,"key":"Regen Potion"},{"floor":24,"key":"FocusPotion"},{"floor":28,"key":"Block Potion"}],"is_trial":false,"path_per_floor":["M","M","M","$","?","R","E","M","T","R","?","M","R","M","R","B",null,"M","M","$","?","?","R","M","R","T","R","M","$","$","M","R","B",null,"M","M","?","M","?","R","E","R","T","?","M","M","$","M","R"],"character_chosen":"DEFECT","items_purchased":["Static Discharge","Loop","DataDisk","Buffer"],"campfire_rested":7,"item_purchase_floors":[4,29,47,47],"current_hp_per_floor":[66,62,62,62,47,69,59,61,61,61,58,58,58,58,58,36,70,60,54,54,54,54,54,22,46,46,70,53,53,53,46,71,10,66,38,31,31,22,22,48,43,69,69,70,58,41,41,21,48,0],"gold":51,"neow_bonus":"RANDOM_COMMON_RELIC","is_prod":false,"is_daily":false,"chose_seed":false,"campfire_upgraded":4,"win_rate":0,"timestamp":1537126423,"path_taken":["M","M","M","$","?","R","E","M","T","R","?","?","R","M","R","BOSS","M","M","$","?","?","R","M","R","T","R","M","?","$","?","R","BOSS","M","M","?","M","?","R","E","R","T","?","M","M","$","M","R","BOSS"],"build_version":"2018-09-06","purchased_purges":4,"victory":false,"max_hp_per_floor":[75,75,75,75,75,75,77,79,79,79,79,79,79,81,81,81,81,81,83,83,83,83,83,83,83,83,83,83,83,83,85,85,85,85,85,85,85,87,87,87,87,87,87,89,89,89,89,91,91,91],"card_choices":[{"not_picked":["Turbo","Loop"],"picked":"BootSequence","floor":1},{"not_picked":["Tempest","Rebound"],"picked":"Conserve Battery","floor":2},{"not_picked":["Streamline","Gash"],"picked":"Glacier","floor":3},{"not_picked":["Coolheaded","Multi-Cast","Blizzard"],"picked":"Singing Bowl","floor":7},{"not_picked":["Barrage","Compile Driver","Ball Lightning"],"picked":"Singing Bowl","floor":8},{"not_picked":["Gash","Leap"],"picked":"Storm","floor":12},{"not_picked":["Leap","Beam Cell","Capacitor"],"picked":"Singing Bowl","floor":14},{"not_picked":["Rainbow","Multi-Cast"],"picked":"Echo Form","floor":16},{"not_picked":["Coolheaded","Barrage"],"picked":"Steam+1","floor":18},{"not_picked":["Barrage","Hologram","Streamline"],"picked":"Singing Bowl","floor":19},{"not_picked":["Sweeping Beam","Go for the Eyes+1"],"picked":"Force Field","floor":24},{"not_picked":["Turbo+1","Go for the Eyes+1"],"picked":"Static Discharge","floor":28},{"not_picked":["Lockon","Amplify","Streamline"],"picked":"Singing Bowl","floor":31},{"not_picked":["Amplify","Rainbow"],"picked":"Machine Learning","floor":33},{"not_picked":["Go for the Eyes+1","Steam Power+1"],"picked":"Force Field+1","floor":35},{"not_picked":["Capacitor","Chill"],"picked":"Conserve Battery+1","floor":36},{"not_picked":["Turbo+1","Stack","Steam+1"],"picked":"Singing Bowl","floor":38},{"not_picked":["Leap","Coolheaded"],"picked":"Buffer","floor":41},{"not_picked":["Rip and Tear+1","Chill+1","BootSequence+1"],"picked":"Singing Bowl","floor":44},{"not_picked":["Coolheaded","BootSequence"],"picked":"Doom and Gloom+1","floor":45},{"not_picked":["Cold Snap","Turbo+1"],"picked":"Consume+1","floor":46},{"not_picked":["Leap+1","Gash","Cold Snap+1"],"picked":"Singing Bowl","floor":48}],"player_experience":249384,"relics_obtained":[{"floor":7,"key":"Singing Bowl"},{"floor":9,"key":"Pen Nib"},{"floor":26,"key":"PreservedInsect"},{"floor":41,"key":"Torii"},{"floor":43,"key":"War Paint"},{"floor":44,"key":"Shovel"}],"event_choices":[{"event_name":"Shining Light","player_choice":"Entered Light","floor":5,"damage_taken":0},{"event_name":"Scrap Ooze","player_choice":"success","floor":11,"damage_taken":3},{"event_name":"Back to Basics","player_choice":"Elegance","floor":21,"damage_taken":0},{"event_name":"Ghosts","player_choice":"Ignored","floor":22,"damage_taken":0},{"event_name":"Falling","player_choice":"Removed Skill","floor":37,"damage_taken":0},{"event_name":"Mysterious Sphere","player_choice":"Ignore","floor":39,"damage_taken":0},{"event_name":"MindBloom","player_choice":"Fight","floor":44,"damage_taken":0}],"is_beta":false,"boss_relics":[{"not_picked":["Coffee Dripper","Black Star"],"picked":"Lizard Tail"},{"not_picked":["Runic Pyramid","Astrolabe"],"picked":"Sozu"}],"items_purged_floors":[4,20,29,30],"is_endless":false,"potions_floor_spawned":[3,8,24,28,35,38,46,48],"killed_by":"Time Eater","ascension_level":8}