{"gold_per_floor":[118,43,55,69,11,42,53,53,78,89,107,107,107,127,127,127],"floor_reached":16,"playtime":638,"items_purged":[],"score":192,"play_id":"7f9dea20-e7d3-4cbc-84e0-0eb04a9c242c","local_time":"20190111162336","is_ascension_mode":true,"campfire_choices":[{"data":"Zap","floor":8,"key":"SMITH"},{"floor":12,"key":"REST"},{"floor":15,"key":"REST"}],"neow_cost":"NONE","seed_source_timestamp":1010670423706468,"circlet_count":0,"master_deck":["AscendersBane","Strike_B+1","Strike_B+1","Strike_B","Defend_B","Defend_B","Defend_B","Defend_B","Zap+1","Dualcast","Sunder","Cold Snap","Self Repair","White Noise","Barrage","Doom and Gloom","Coolheaded","Hyperbeam","Compile Driver","Rebound"],"relics":["Cracked Core","Whetstone","Omamori"],"potions_floor_usage":[6,14,16,16],"damage_taken":[{"damage":0,"enemies":"Small Slimes","floor":1,"turns":2},{"damage":2,"enemies":"Jaw Worm","floor":3,"turns":3},{"damage":2,"enemies":"2 Louse","floor":4,"turns":5},{"damage":42,"enemies":"3 Sentries","floor":6,"turns":9},{"damage":5,"enemies":"2 Fungi Beasts","floor":7,"turns":4},{"damage":13,"enemies":"Looter","floor":10,"turns":3},{"damage":16,"enemies":"Blue Slaver","floor":11,"turns":3},{"damage":9,"enemies":"Exordium Wildlife","floor":14,"turns":3},{"damage":45,"enemies":"Hexaghost","floor":16,"turns":9}],"seed_played":"8527616187096014830","potions_obtained":[{"floor":3,"key":"EssenceOfSteel"},{"floor":6,"key":"EssenceOfSteel"},{"floor":11,"key":"Strength Potion"},{"floor":14,"key":"Explosive Potion"}],"is_trial":false,"path_per_floor":["M","?","M","M","$","E","M","R","T","M","M","R","?","M","R","B"],"character_chosen":"DEFECT","items_purchased":["Barrage"],"campfire_rested":2,"item_purchase_floors":[5],"current_hp_per_floor":[64,64,62,67,67,32,34,34,34,21,5,26,26,24,45,0],"gold":127,"neow_bonus":"THREE_CARDS","is_prod":false,"is_daily":false,"chose_seed":false,"campfire_upgraded":1,"win_rate":0,"timestamp":1547241816,"path_taken":["M","?","M","M","?","E","M","R","T","M","M","R","?","M","R","BOSS"],"build_version":"2019-01-10","purchased_purges":0,"victory":false,"max_hp_per_floor":[71,71,71,71,71,71,71,71,71,71,71,71,71,71,71,71],"card_choices":[{"not_picked":["Steam","Coolheaded"],"picked":"Sunder","floor":0},{"not_picked":["Barrage","Darkness"],"picked":"Cold Snap","floor":1},{"not_picked":["Sunder","Steam"],"picked":"Self Repair","floor":3},{"not_picked":["Darkness","Storm"],"picked":"White Noise","floor":4},{"not_picked":["Lockon","All For One"],"picked":"Doom and Gloom","floor":6},{"not_picked":["Conserve Battery","Go for the Eyes"],"picked":"Coolheaded","floor":7},{"not_picked":["Sweeping Beam","Beam Cell"],"picked":"Hyperbeam","floor":10},{"not_picked":["Coolheaded","Sweeping Beam"],"picked":"Compile Driver","floor":11},{"not_picked":["Turbo","Fusion"],"picked":"Rebound","floor":14}],"player_experience":457724,"relics_obtained":[{"floor":6,"key":"Whetstone"},{"floor":9,"key":"Omamori"}],"event_choices":[{"cards_removed":["Strike_B"],"damage_healed":0,"gold_gain":0,"player_choice":"Card Removal","damage_taken":0,"max_hp_gain":0,"max_hp_loss":0,"event_name":"The Cleric","floor":2,"gold_loss":75},{"damage_healed":0,"gold_gain":0,"player_choice":"Ignored","damage_taken":0,"max_hp_gain":0,"max_hp_loss":0,"event_name":"Shining Light","floor":13,"gold_loss":0}],"is_beta":false,"boss_relics":[],"items_purged_floors":[],"is_endless":false,"potions_floor_spawned":[3,6,11,14],"killed_by":"Hexaghost","ascension_level":17}