{"gold_per_floor":[109,109,119,119,131,131,164,177,230,230,257,277,277,277,277,351,351,364,135,150,150,150,150,162,174,197,234,246,272,314,344,356,441,453,480,492,324,324,35,35,35,65,65,95,49,59,59,73,73,73],"floor_reached":51,"playtime":2416,"items_purged":["Strike_B","Defend_B","Defend_B"],"score":1373,"play_id":"f2750788-9eb0-41d8-aba1-efe9e8a8fe43","local_time":"20181010165658","is_ascension_mode":true,"campfire_choices":[{"data":"Beam Cell","floor":6,"key":"SMITH"},{"data":"Chill","floor":10,"key":"SMITH"},{"data":"Hologram","floor":13,"key":"SMITH"},{"data":"Go for the Eyes","floor":15,"key":"SMITH"},{"data":"Loop","floor":23,"key":"SMITH"},{"data":"Genetic Algorithm","floor":28,"key":"SMITH"},{"data":"Dualcast","floor":32,"key":"SMITH"},{"data":"Defragment","floor":40,"key":"SMITH"},{"data":"Consume","floor":47,"key":"SMITH"},{"floor":49,"key":"REST"}],"neow_cost":"NONE","seed_source_timestamp":98798030432086,"circlet_count":0,"master_deck":["Defend_B","Defend_B","Zap+1","Dualcast+1","AscendersBane","Cold Snap","Ball Lightning","Beam Cell+1","Chill+1","Go for the Eyes+1","Hologram+1","Core Surge","Sweeping Beam+1","Loop+1","Genetic Algorithm+1","Reboot","Cold Snap","Glacier+1","Stack+1","Chaos+1","Defragment+1","Electrodynamics","Consume+1","Compile Driver+1"],"relics":["Cracked Core","Pear","Bag of Preparation","Vajra","Busted Crown","PreservedInsect","MawBank","Gambling Chip","Pantograph","Inserter","Molten Egg 2","Bottled Lightning","Omamori"],"potions_floor_usage":[12,30,33,50,50,50],"damage_taken":[{"damage":9,"enemies":"2 Louse","floor":1,"turns":2},{"damage":5,"enemies":"Jaw Worm","floor":3,"turns":2},{"damage":0,"enemies":"Small Slimes","floor":5,"turns":2},{"damage":23,"enemies":"Lagavulin","floor":7,"turns":5},{"damage":3,"enemies":"Looter","floor":8,"turns":3},{"damage":11,"enemies":"Gremlin Nob","floor":11,"turns":4},{"damage":4,"enemies":"Large Slime","floor":12,"turns":5},{"damage":34,"enemies":"Hexaghost","floor":16,"turns":10},{"damage":3,"enemies":"Chosen","floor":18,"turns":4},{"damage":0,"enemies":"3 Byrds","floor":20,"turns":4},{"damage":0,"enemies":"Snecko","floor":24,"turns":4},{"damage":0,"enemies":"Sentry and Sphere","floor":25,"turns":4},{"damage":10,"enemies":"Slavers","floor":27,"turns":4},{"damage":4,"enemies":"Snake Plant","floor":29,"turns":4},{"damage":10,"enemies":"Gremlin Leader","floor":30,"turns":5},{"damage":0,"enemies":"Shelled Parasite and Fungi","floor":31,"turns":5},{"damage":34,"enemies":"Automaton","floor":33,"turns":15},{"damage":0,"enemies":"3 Shapes","floor":35,"turns":5},{"damage":10,"enemies":"Giant Head","floor":42,"turns":7},{"damage":8,"enemies":"Nemesis","floor":44,"turns":11},{"damage":0,"enemies":"Orb Walker","floor":46,"turns":4},{"damage":24,"enemies":"3 Darklings","floor":48,"turns":4},{"damage":0,"enemies":"Awakened One","floor":50,"turns":11}],"seed_played":"2649245734502605279","potions_obtained":[{"floor":1,"key":"Energy Potion"},{"floor":7,"key":"EssenceOfSteel"},{"floor":8,"key":"Ancient Potion"},{"floor":12,"key":"Fruit Juice"},{"floor":16,"key":"PowerPotion"},{"floor":20,"key":"Block Potion"},{"floor":31,"key":"EssenceOfSteel"},{"floor":44,"key":"FearPotion"},{"floor":46,"key":"Regen Potion"}],"is_trial":false,"path_per_floor":["M","?","M","?","M","R","E","M","T","R","E","M","R","?","R","B",null,"M","$","M","?","?","R","M","M","T","E","R","M","E","M","R","B",null,"M","?","$","?","$","R","$","E","T","E","$","M","R","M","R","B"],"character_chosen":"DEFECT","items_purchased":["PreservedInsect","Defragment","Electrodynamics","Compile Driver+1"],"campfire_rested":1,"item_purchase_floors":[19,37,39,45],"current_hp_per_floor":[55,48,43,66,66,66,53,50,50,50,39,40,40,40,40,6,66,63,63,63,63,63,63,63,63,63,53,53,49,39,39,39,30,72,72,72,72,62,62,62,62,52,52,44,44,44,44,20,44,82],"gold":73,"neow_bonus":"UPGRADE_CARD","is_prod":false,"is_daily":false,"chose_seed":false,"campfire_upgraded":9,"win_rate":0,"timestamp":1539183418,"path_taken":["M","?","M","?","M","R","E","M","T","R","E","M","R","?","R","BOSS","M","$","M","?","?","R","M","M","T","E","R","?","E","M","R","BOSS","M","?","$","?","$","R","$","E","T","E","?","M","R","M","R","BOSS"],"build_version":"2018-10-09","purchased_purges":3,"victory":true,"max_hp_per_floor":[71,71,71,71,71,71,81,81,81,81,81,86,86,86,86,86,86,86,86,86,86,86,86,86,86,86,86,86,86,86,86,86,86,86,86,82,82,82,82,82,82,82,82,82,82,82,82,82,82,82],"card_choices":[{"not_picked":["Heatsinks","Undo"],"picked":"Cold Snap","floor":1},{"not_picked":["Cold Snap","Stack"],"picked":"Ball Lightning","floor":3},{"not_picked":["Barrage","Leap"],"picked":"Beam Cell","floor":5},{"not_picked":["Reinforced Body","Reprogram"],"picked":"Chill","floor":7},{"not_picked":["Conserve Battery","Auto Shields"],"picked":"Go for the Eyes","floor":8},{"not_picked":["Gash","Chaos","Storm"],"picked":"SKIP","floor":11},{"not_picked":["Steam","Fusion"],"picked":"Hologram","floor":12},{"not_picked":["Seek","Creative AI"],"picked":"Core Surge","floor":16},{"not_picked":[],"picked":"Sweeping Beam+1","floor":18},{"not_picked":["Undo"],"picked":"SKIP","floor":20},{"not_picked":[],"picked":"Cold Snap","floor":24},{"not_picked":["Static Discharge"],"picked":"SKIP","floor":25},{"not_picked":[],"picked":"Glacier+1","floor":27},{"not_picked":[],"picked":"Stack+1","floor":29},{"not_picked":["Aggregate+1"],"picked":"SKIP","floor":30},{"not_picked":["Auto Shields"],"picked":"SKIP","floor":31},{"not_picked":[],"picked":"Chaos+1","floor":35},{"not_picked":[],"picked":"Consume","floor":42},{"not_picked":["Steam+1"],"picked":"SKIP","floor":44},{"not_picked":["Sweeping Beam+1"],"picked":"SKIP","floor":46},{"not_picked":["Redo"],"picked":"SKIP","floor":48}],"player_experience":208582,"relics_obtained":[{"floor":7,"key":"Pear"},{"floor":9,"key":"Bag of Preparation"},{"floor":11,"key":"Vajra"},{"floor":26,"key":"MawBank"},{"floor":27,"key":"Gambling Chip"},{"floor":30,"key":"Pantograph"},{"floor":42,"key":"Molten Egg 2"},{"floor":43,"key":"Bottled Lightning"},{"floor":44,"key":"Omamori"}],"event_choices":[{"event_name":"Golden Wing","player_choice":"Card Removal","floor":2,"damage_taken":0},{"event_name":"Big Fish","player_choice":"Banana","floor":4,"damage_taken":0},{"event_name":"Liars Game","player_choice":"disagreed","floor":14,"damage_taken":0},{"event_name":"The Library","player_choice":"Read","floor":21,"damage_taken":0},{"event_name":"Drug Dealer","player_choice":"Became Test Subject","floor":22,"damage_taken":0},{"event_name":"Winding Halls","player_choice":"Max HP","floor":36,"damage_taken":0},{"event_name":"SensoryStone","player_choice":"Memory 3","floor":38,"damage_taken":0}],"is_beta":true,"boss_relics":[{"not_picked":["Pandora\u0027s Box","Lizard Tail"],"picked":"Busted Crown"},{"not_picked":["Philosopher\u0027s Stone","Snecko Eye"],"picked":"Inserter"}],"items_purged_floors":[19,37,39],"is_endless":false,"potions_floor_spawned":[1,7,8,12,16,18,20,31,44,46,48],"ascension_level":14}