{"gold_per_floor":[114,133,150,160,170,198,198,217,241,241,241,254,288,306,306,383,383,364,364,375,375,394,394,394,394,420,420],"floor_reached":27,"playtime":1405,"items_purged":[],"score":441,"play_id":"81127b26-3bf4-431c-b045-4c84ab47d6b9","local_time":"20181228220651","is_ascension_mode":true,"campfire_choices":[{"floor":7,"key":"REST"},{"data":"Defragment","floor":10,"key":"SMITH"},{"floor":15,"key":"REST"},{"data":"Zap","floor":24,"key":"SMITH"}],"neow_cost":"NONE","seed_source_timestamp":703878609856525,"circlet_count":0,"master_deck":["AscendersBane","Defend_B","Defend_B","Defend_B","Defend_B","Zap+1","Dualcast","BootSequence","Ball Lightning","Defragment+1","Coolheaded","Ball Lightning","Machine Learning","Conserve Battery","Conserve Battery","Cold Snap","Hologram","Barrage","Buffer","Echo Form","Cold Snap","Sweeping Beam","Decay","Tempest+1","Bite","Bite","Bite","Bite","Bite"],"relics":["Cracked Core","Smiling Mask","PreservedInsect","Dream Catcher","Velvet Choker","Regal Pillow"],"potions_floor_usage":[2,16,16,22],"damage_taken":[{"damage":6,"enemies":"Cultist","floor":1,"turns":3},{"damage":0,"enemies":"Small Slimes","floor":2,"turns":3},{"damage":0,"enemies":"2 Louse","floor":3,"turns":2},{"damage":7,"enemies":"Looter","floor":4,"turns":3},{"damage":2,"enemies":"2 Fungi Beasts","floor":5,"turns":3},{"damage":38,"enemies":"3 Sentries","floor":6,"turns":7},{"damage":3,"enemies":"Blue Slaver","floor":8,"turns":5},{"damage":5,"enemies":"Exordium Thugs","floor":12,"turns":4},{"damage":0,"enemies":"Gremlin Nob","floor":13,"turns":3},{"damage":4,"enemies":"Exordium Wildlife","floor":14,"turns":4},{"damage":25,"enemies":"Hexaghost","floor":16,"turns":8},{"damage":20,"enemies":"2 Thieves","floor":18,"turns":4},{"damage":29,"enemies":"3 Byrds","floor":20,"turns":6},{"damage":2,"enemies":"Centurion and Healer","floor":22,"turns":7},{"damage":7,"enemies":"Colosseum Slavers","floor":25,"turns":4},{"damage":25,"enemies":"Snake Plant","floor":27,"turns":3}],"seed_played":"2167350636724021601","potions_obtained":[{"floor":1,"key":"EntropicBrew"},{"floor":16,"key":"FocusPotion"},{"floor":20,"key":"SpeedPotion"},{"floor":22,"key":"Dexterity Potion"}],"is_trial":false,"path_per_floor":["M","M","M","M","M","E","R","M","T","R","?","M","E","M","R","B",null,"M","?","M","?","M","?","R","?","T","M"],"character_chosen":"DEFECT","items_purchased":[],"campfire_rested":2,"item_purchase_floors":[],"current_hp_per_floor":[69,69,69,62,60,22,46,43,43,43,43,38,38,34,58,33,70,50,50,21,21,19,19,19,12,12,0],"gold":420,"neow_bonus":"TEN_PERCENT_HP_BONUS","is_prod":false,"is_daily":false,"chose_seed":false,"campfire_upgraded":2,"win_rate":0,"timestamp":1546056411,"path_taken":["M","M","M","M","?","E","R","M","T","R","?","M","E","?","R","BOSS","M","?","M","?","M","?","R","?","T","?"],"build_version":"2018-12-20","purchased_purges":0,"victory":false,"max_hp_per_floor":[82,82,82,82,82,82,82,82,82,82,82,82,82,82,82,82,82,82,82,82,82,82,57,57,57,57,57],"card_choices":[{"not_picked":["Double Energy","Hologram"],"picked":"BootSequence","floor":1},{"not_picked":["Leap","Rebound"],"picked":"Ball Lightning","floor":2},{"not_picked":["Sweeping Beam","Capacitor"],"picked":"Defragment","floor":3},{"not_picked":["Gash","Hologram"],"picked":"Coolheaded","floor":4},{"not_picked":["Stack","Auto Shields"],"picked":"Ball Lightning","floor":5},{"not_picked":["Fusion","Coolheaded"],"picked":"Machine Learning","floor":6},{"not_picked":["Genetic Algorithm","Go for the Eyes"],"picked":"Conserve Battery","floor":8},{"not_picked":["Consume","Leap"],"picked":"Cold Snap","floor":12},{"not_picked":["Redo","Ball Lightning"],"picked":"Hologram","floor":13},{"not_picked":["Redo","Leap"],"picked":"Barrage","floor":14},{"not_picked":["Turbo","Sunder"],"picked":"Buffer","floor":15},{"not_picked":["Creative AI","Reboot"],"picked":"Echo Form","floor":16},{"not_picked":["Ball Lightning","Rebound"],"picked":"Cold Snap","floor":18},{"not_picked":["Leap","Stack"],"picked":"Sweeping Beam","floor":20},{"not_picked":["Turbo","Storm"],"picked":"Tempest+1","floor":22}],"player_experience":330185,"relics_obtained":[{"floor":6,"key":"Smiling Mask"},{"floor":9,"key":"PreservedInsect"},{"floor":13,"key":"Dream Catcher"},{"floor":26,"key":"Regal Pillow"}],"event_choices":[{"damage_healed":0,"gold_gain":0,"player_choice":"1 cards matched","damage_taken":0,"max_hp_gain":0,"max_hp_loss":0,"event_name":"Match and Keep!","floor":11,"gold_loss":0,"cards_obtained":["Conserve Battery"]},{"damage_healed":0,"gold_gain":0,"player_choice":"Ignored","damage_taken":0,"max_hp_gain":0,"max_hp_loss":0,"event_name":"Ghosts","floor":19,"gold_loss":0},{"damage_healed":0,"gold_gain":0,"player_choice":"Smashed Altar","damage_taken":0,"max_hp_gain":0,"max_hp_loss":0,"event_name":"Forgotten Altar","floor":21,"gold_loss":0,"cards_obtained":["Decay"]},{"damage_healed":0,"gold_gain":0,"player_choice":"Became a vampire","damage_taken":0,"max_hp_gain":0,"max_hp_loss":25,"event_name":"Vampires","floor":23,"gold_loss":0,"cards_obtained":["Bite","Bite","Bite","Bite","Bite"]},{"damage_healed":0,"gold_gain":0,"player_choice":"Fight","damage_taken":0,"max_hp_gain":0,"max_hp_loss":0,"event_name":"Colosseum","floor":25,"gold_loss":0},{"damage_healed":0,"gold_gain":0,"player_choice":"Fled From Nobs","damage_taken":0,"max_hp_gain":0,"max_hp_loss":0,"event_name":"Colosseum","floor":25,"gold_loss":0}],"is_beta":false,"boss_relics":[{"not_picked":["Empty Cage","Black Star"],"picked":"Velvet Choker"}],"items_purged_floors":[],"is_endless":false,"potions_floor_spawned":[1,3,5,14,16,20,22],"killed_by":"Snake Plant","ascension_level":13}