{"gold_per_floor":[109,109,122,53,66,93,93,123,153,171,188,42,42,42,42,119,119,139,119,119,119,139,139],"floor_reached":23,"playtime":958,"items_purged":["Strike_G"],"score":348,"play_id":"0d08b0c4-ba02-4b33-b1ad-09932f1c1a96","local_time":"20180905214750","is_ascension_mode":true,"campfire_choices":[{"floor":7,"key":"REST"},{"floor":13,"key":"REST"},{"floor":15,"key":"REST"}],"neow_cost":"","seed_source_timestamp":897565909555342,"circlet_count":0,"master_deck":["Survivor","Neutralize","AscendersBane","Dagger Spray","Deflect","Footwork","Poisoned Stab","Infinite Blades","Glass Knife+1","Flying Knee+1","Poisoned Stab+1","Infinite Blades","Die Die Die+1","Flying Knee+1","Catalyst","Dodge and Roll","Flying Knee+1","Prepared","Acrobatics","Backflip","Deadly Poison","Necronomicurse","Underhanded Strike+1"],"relics":["Ring of the Snake","Orichalcum","Molten Egg 2","Tiny Chest","Pandora\u0027s Box","Necronomicon"],"potions_floor_usage":[6,22,22],"damage_taken":[{"damage":2,"enemies":"Cultist","floor":1,"turns":4},{"damage":0,"enemies":"Small Slimes","floor":3,"turns":3},{"damage":3,"enemies":"Jaw Worm","floor":5,"turns":5},{"damage":32,"enemies":"Gremlin Nob","floor":6,"turns":5},{"damage":25,"enemies":"Lagavulin","floor":8,"turns":9},{"damage":8,"enemies":"Exordium Thugs","floor":10,"turns":5},{"damage":3,"enemies":"Red Slaver","floor":11,"turns":3},{"damage":46,"enemies":"The Guardian","floor":16,"turns":10},{"damage":4,"enemies":"Shell Parasite","floor":18,"turns":4},{"damage":1,"enemies":"Spheric Guardian","floor":22,"turns":3},{"damage":33,"enemies":"Book of Stabbing","floor":23,"turns":4}],"seed_played":"-429681874635863592","potions_obtained":[{"floor":1,"key":"SpeedPotion"},{"floor":3,"key":"FairyPotion"},{"floor":5,"key":"AttackPotion"},{"floor":16,"key":"Explosive Potion"},{"floor":18,"key":"Energy Potion"},{"floor":19,"key":"AttackPotion"}],"is_trial":false,"path_per_floor":["M","?","M","$","M","E","R","E","T","M","M","$","R","?","R","B",null,"M","?","?","?","M"],"character_chosen":"THE_SILENT","items_purchased":["Footwork","Infinite Blades"],"campfire_rested":3,"item_purchase_floors":[4,12],"current_hp_per_floor":[57,62,62,62,59,27,48,23,23,15,12,12,33,33,54,8,55,51,51,51,30,29,0],"gold":139,"neow_bonus":"","is_prod":false,"is_daily":false,"chose_seed":false,"campfire_upgraded":0,"win_rate":0,"timestamp":1536209270,"path_taken":["M","?","?","?","?","E","R","E","T","M","M","$","R","?","R","BOSS","M","?","?","?","M","E"],"build_version":"2018-08-30","purchased_purges":1,"victory":false,"max_hp_per_floor":[66,71,71,71,71,71,71,71,71,71,71,71,71,71,71,71,71,71,71,71,71,71,71],"card_choices":[{"not_picked":["Tactician","Blade Dance"],"picked":"Dagger Spray","floor":1},{"not_picked":["Finisher","Prepared"],"picked":"Deflect","floor":3},{"not_picked":["Flying Knee","Deadly Poison"],"picked":"Poisoned Stab","floor":5},{"not_picked":["Dodge and Roll","Caltrops"],"picked":"Infinite Blades","floor":6},{"not_picked":["Outmaneuver","Expertise"],"picked":"Glass Knife","floor":8},{"not_picked":["Blur","Choke+1"],"picked":"Flying Knee+1","floor":10},{"not_picked":["Prepared","Slice+1"],"picked":"Poisoned Stab+1","floor":11},{"not_picked":["Phantasmal Killer","Unload+1"],"picked":"Die Die Die+1","floor":16},{"not_picked":["Prepared","Flying Knee+1"],"picked":"Deadly Poison","floor":18},{"not_picked":["Dagger Spray+1","Bane+1"],"picked":"Underhanded Strike+1","floor":22}],"player_experience":468273,"relics_obtained":[{"floor":6,"key":"Orichalcum"},{"floor":8,"key":"Molten Egg 2"},{"floor":9,"key":"Tiny Chest"},{"floor":21,"key":"Necronomicon"}],"event_choices":[{"event_name":"Big Fish","player_choice":"Donut","floor":2,"damage_taken":0},{"event_name":"Bonfire Elementals","player_choice":"BASIC","floor":14,"damage_taken":0},{"event_name":"The Woman in Blue","player_choice":"Bought 1 Potion","floor":19,"damage_taken":0},{"event_name":"Back to Basics","player_choice":"Elegance","floor":20,"damage_taken":0},{"event_name":"Cursed Tome","player_choice":"Obtained Book","floor":21,"damage_taken":0}],"is_beta":false,"boss_relics":[{"not_picked":["Astrolabe","Coffee Dripper"],"picked":"Pandora\u0027s Box"}],"items_purged_floors":[12],"is_endless":false,"potions_floor_spawned":[1,3,5,16,18],"killed_by":"Book of Stabbing","ascension_level":15}