{"path_per_floor":["M","M","?","M","M","R","E","R","T","$","M","M","M","M","R","B",null,"M","M","?","$","?","R","E","R","T","E","M","?","M","M","R"],"character_chosen":"THE_SILENT","items_purchased":["Bag of Marbles","Orichalcum"],"gold_per_floor":[116,132,209,222,240,240,275,275,275,57,74,86,103,121,121,226,226,238,249,164,19,19,19,47,47,47,80,91,91,111,130,130,130],"floor_reached":33,"campfire_rested":1,"playtime":2509,"current_hp_per_floor":[69,69,69,63,63,63,54,54,54,54,54,54,54,52,52,28,70,63,54,54,54,54,54,16,37,37,28,7,30,30,30,30,0],"items_purged":["Defend_G"],"gold":130,"score":291,"play_id":"39c7b58a-52c9-4444-aa79-f9372880242f","local_time":"20180323174516","is_prod":false,"is_daily":false,"is_ascension_mode":false,"campfire_upgraded":4,"timestamp":1521823516,"path_taken":["M","M","?","M","M","R","E","R","T","$","M","M","M","M","R","BOSS","M","M","?","$","?","R","E","R","T","E","M","?","M","M","R","BOSS"],"build_version":"2018-03-22","purchased_purges":1,"victory":false,"master_deck":["Defend_G","Defend_G+1","Defend_G","Defend_G","Strike_G","Strike_G","Strike_G","Strike_G","Strike_G","Survivor+1","Neutralize+1","Die Die Die+1","Bane","Deadly Poison","Deadly Poison","Unload","Bane","Flying Knee","Die Die Die","Terror+1","Venomology+1","Poisoned Stab+1","Backflip","Predator+1","Bullet Time","Dagger Throw+1"],"max_hp_per_floor":[70,70,70,70,70,70,70,70,70,70,70,70,70,70,70,70,70,70,70,70,70,70,70,70,70,70,70,70,70,70,70,70,70],"relics":["White Beast Statue","Toolbox","War Paint","Bag of Marbles","The Specimen","Ancient Tea Set","Orichalcum","Snake Skull","Shovel","Ice Cream","Torii"],"card_choices":[{"not_picked":["Underhanded Strike","Dagger Spray"],"picked":"Die Die Die","floor":1.0},{"not_picked":["Acrobatics","Well Laid Plans"],"picked":"Bane","floor":2.0},{"not_picked":["Flying Knee","Footwork"],"picked":"Deadly Poison","floor":4.0},{"not_picked":["Dagger Spray","Backflip"],"picked":"Deadly Poison","floor":5.0},{"not_picked":["Distraction","Dagger Spray"],"picked":"Unload","floor":7.0},{"not_picked":["Skewer","Terror"],"picked":"Bane","floor":11.0},{"not_picked":["Prepared","Underhanded Strike"],"picked":"Flying Knee","floor":12},{"not_picked":["Flying Knee","Crippling Poison"],"picked":"Die Die Die","floor":13},{"not_picked":["Flying Knee","PiercingWail"],"picked":"Terror","floor":14},{"not_picked":["Burst","Doppelganger"],"picked":"Venomology","floor":16},{"not_picked":["Acrobatics","Dagger Spray"],"picked":"Poisoned Stab","floor":19},{"not_picked":["Underhanded Strike","Eviscerate"],"picked":"Backflip","floor":24},{"not_picked":["Terror","Dagger Throw"],"picked":"Predator","floor":27},{"not_picked":["Catalyst","Calculated Gamble"],"picked":"Bullet Time","floor":28},{"not_picked":["Noxious Fumes","All Out Attack"],"picked":"Dagger Throw","floor":30}],"player_experience":46008,"potions_floor_usage":[14,16,16,18,19,24,27,27,30,31,31,31,33],"damage_taken":[{"damage":1.0,"enemies":"Cultist","floor":1.0,"turns":5.0},{"damage":0.0,"enemies":"2 Louse","floor":2.0,"turns":2.0},{"damage":6.0,"enemies":"Jaw Worm","floor":4.0,"turns":2.0},{"damage":0.0,"enemies":"3 Louse","floor":5.0,"turns":1.0},{"damage":9.0,"enemies":"3 Sentries","floor":7.0,"turns":6.0},{"damage":0.0,"enemies":"Blue Slaver","floor":11.0,"turns":3.0},{"damage":0.0,"enemies":"Lots of Slimes","floor":12.0,"turns":3.0},{"damage":0,"enemies":"2 Fungi Beasts","floor":13,"turns":1},{"damage":2,"enemies":"Looter","floor":14,"turns":2},{"damage":24,"enemies":"The Guardian","floor":16,"turns":6},{"damage":7,"enemies":"Shell Parasite","floor":18,"turns":3},{"damage":9,"enemies":"2 Thieves","floor":19,"turns":2},{"damage":38,"enemies":"Book of Stabbing","floor":24,"turns":5},{"damage":9,"enemies":"Gremlin Leader","floor":27,"turns":4},{"damage":21,"enemies":"Centurion and Healer","floor":28,"turns":4},{"damage":0,"enemies":"Snecko","floor":30,"turns":3},{"damage":0,"enemies":"Snake Plant","floor":31,"turns":2},{"damage":33,"enemies":"Collector","floor":33,"turns":3}],"event_choices":[{"event_name":"Golden Wing","player_choice":"Gained Gold","floor":3.0,"damage_taken":0.0},{"event_name":"Addict","player_choice":"Obtained Relic","floor":20,"damage_taken":0},{"event_name":"Drug Dealer","player_choice":"Ignored","floor":22,"damage_taken":0},{"event_name":"The Library","player_choice":"Heal","floor":29,"damage_taken":0}],"boss_relics":[{"not_picked":["Philosopher\u0027s Stone","Orrery"],"picked":"The Specimen"}],"potions_floor_spawned":[1,2,4,5,7,11,12,13,14,16,18,19,24,27,28,30,31],"seed_played":"8393884539267258908","killed_by":"Collector","ascension_level":0,"is_trial":false}