{"gold_per_floor":[115,115,135,210,210,210,238,238,238,270,27,27,38,103,103,204,204,223,241,241,253,253,253,269,194,248,248,262,262,275,17,17,120,120,132,148,166,17,30,30,48,48,48,48,48],"floor_reached":45,"playtime":2999,"items_purged":["Strike_R"],"score":520,"play_id":"c31dd114-8924-419d-a7b6-243c6b91bebd","local_time":"20190316112639","is_ascension_mode":true,"campfire_choices":[{"floor":6.0,"key":"REST"},{"data":"Sever Soul","floor":8.0,"key":"SMITH"},{"data":"Immolate","floor":12.0,"key":"SMITH"},{"data":"Offering","floor":15.0,"key":"SMITH"},{"floor":23.0,"key":"REST"},{"data":"Searing Blow","floor":29.0,"key":"SMITH"},{"floor":32.0,"key":"REST"},{"floor":40.0,"key":"REST"},{"floor":42,"key":"REST"}],"neow_cost":"PERCENT_DAMAGE","seed_source_timestamp":0,"circlet_count":0,"master_deck":["Defend_R","Defend_R","Defend_R","Defend_R","Bash","Bludgeon+1","Ghostly Armor","Battle Trance","Sever Soul+1","Offering+1","Immolate+1","Headbutt","Offering","Thunderclap+1","Carnage","Searing Blow+1","Shrug It Off+1","Exhume","Seeing Red","Dual Wield","Double Tap","Impervious"],"special_seed":0,"relics":["Burning Blood","GremlinMask","Pen Nib","Dodecahedron","Smiling Mask","Gremlin Horn","Philosopher\u0027s Stone","Tiny Chest","Turnip","Bottled Flame","Empty Cage","Gambling Chip"],"potions_floor_usage":[41,41],"damage_taken":[{"damage":0.0,"enemies":"Cultist","floor":1.0,"turns":2.0},{"damage":4.0,"enemies":"2 Louse","floor":3.0,"turns":3.0},{"damage":22.0,"enemies":"3 Sentries","floor":7.0,"turns":7.0},{"damage":4.0,"enemies":"Gremlin Nob","floor":10.0,"turns":4.0},{"damage":6.0,"enemies":"Small Slimes","floor":13.0,"turns":1.0},{"damage":7.0,"enemies":"Lagavulin Event","floor":14.0,"turns":3.0},{"damage":6.0,"enemies":"Slime Boss","floor":16.0,"turns":4.0},{"damage":33.0,"enemies":"3 Byrds","floor":18.0,"turns":2.0},{"damage":0.0,"enemies":"Chosen","floor":19.0,"turns":3.0},{"damage":17.0,"enemies":"Snake Plant","floor":21.0,"turns":2.0},{"damage":19.0,"enemies":"Shelled Parasite and Fungi","floor":24.0,"turns":2.0},{"damage":8.0,"enemies":"3 Cultists","floor":28.0,"turns":3.0},{"damage":6.0,"enemies":"Cultist and Chosen","floor":30.0,"turns":2.0},{"damage":64.0,"enemies":"Automaton","floor":33.0,"turns":8.0},{"damage":12.0,"enemies":"3 Darklings","floor":35.0,"turns":1.0},{"damage":16.0,"enemies":"3 Shapes","floor":36.0,"turns":2.0},{"damage":63.0,"enemies":"Maw","floor":37.0,"turns":8.0},{"damage":15.0,"enemies":"Jaw Worm Horde","floor":39.0,"turns":3.0},{"damage":34,"enemies":"Writhing Mass","floor":41,"turns":3},{"damage":37,"enemies":"Maw","floor":45,"turns":6}],"seed_played":"-7334748235631523209","potions_obtained":[{"floor":1.0,"key":"Block Potion"},{"floor":3.0,"key":"Fruit Juice"},{"floor":16.0,"key":"SkillPotion"},{"floor":24.0,"key":"Weak Potion"},{"floor":28.0,"key":"PowerPotion"},{"floor":37.0,"key":"Dexterity Potion"},{"floor":39.0,"key":"Swift Potion"}],"is_trial":false,"path_per_floor":["M","?","M","?","?","R","E","R","T","E","$","R","M","?","R","B",null,"M","M","?","M","?","R","M","?","T","T","M","R","M","$","R","B",null,"M","M","M","$","M","R","M","R","T","?","M"],"character_chosen":"IRONCLAD","items_purchased":["Immolate","Swift Potion","Bottled Flame","Regen Potion","Double Tap"],"campfire_rested":5,"item_purchase_floors":[11,11,31,38,38],"current_hp_per_floor":[62,62,64,53,53,77,61,61,61,63,63,63,63,62,62,62,80,53,59,59,48,48,72,59,59,59,59,57,57,57,57,80,22,80,74,64,7,7,12,37,9,34,34,34,0],"gold":48,"neow_bonus":"THREE_RARE_CARDS","is_prod":false,"is_daily":false,"chose_seed":false,"campfire_upgraded":4,"win_rate":0,"timestamp":1552735599,"path_taken":["M","?","M","?","?","R","E","R","T","E","$","R","?","?","R","BOSS","M","M","?","M","?","R","M","?","T","?","M","R","M","$","R","BOSS","M","?","M","$","M","R","M","R","T","?","M"],"build_version":"2019-01-23","purchased_purges":1,"victory":false,"max_hp_per_floor":[80,80,80,80,80,80,80,80,80,80,80,80,80,80,80,80,80,80,80,80,80,80,80,80,80,80,80,80,80,80,80,80,80,80,80,80,80,80,85,85,85,85,85,85,85],"card_choices":[{"not_picked":["Reaper","Brutality"],"picked":"Bludgeon","floor":0.0},{"not_picked":["Wild Strike","Warcry"],"picked":"Ghostly Armor","floor":1.0},{"not_picked":["Inflame","Pommel Strike"],"picked":"Battle Trance","floor":3.0},{"not_picked":["Feel No Pain","Evolve"],"picked":"Sever Soul","floor":7.0},{"not_picked":["Carnage","Intimidate"],"picked":"Offering","floor":10.0},{"not_picked":["Flex","Entrench","Iron Wave"],"picked":"SKIP","floor":13.0},{"not_picked":["Sword Boomerang","Sentinel"],"picked":"Headbutt","floor":14.0},{"not_picked":["Limit Break","Reaper"],"picked":"Offering","floor":16.0},{"not_picked":["Metallicize","Perfected Strike","Burning Pact"],"picked":"SKIP","floor":18.0},{"not_picked":["Heavy Blade","Body Slam"],"picked":"Thunderclap+1","floor":19.0},{"not_picked":["Barricade","Sword Boomerang"],"picked":"Carnage","floor":21.0},{"not_picked":["Uppercut+1","Evolve"],"picked":"Searing Blow","floor":24.0},{"not_picked":["Armaments","True Grit"],"picked":"Shrug It Off+1","floor":28.0},{"not_picked":["Power Through+1","Twin Strike","Perfected Strike"],"picked":"SKIP","floor":30.0},{"not_picked":["Reaper","Fiend Fire"],"picked":"Exhume","floor":33.0},{"not_picked":["Twin Strike+1","Clash+1","Pommel Strike+1"],"picked":"SKIP","floor":35.0},{"not_picked":["Sword Boomerang+1","Wild Strike"],"picked":"Seeing Red","floor":36.0},{"not_picked":["Perfected Strike+1","Inflame"],"picked":"Dual Wield","floor":37.0},{"not_picked":["Flex","Body Slam+1","Twin Strike"],"picked":"SKIP","floor":39.0},{"not_picked":["Infernal Blade+1","Thunderclap"],"picked":"Impervious","floor":41}],"player_experience":189353,"relics_obtained":[{"floor":7.0,"key":"Pen Nib"},{"floor":9.0,"key":"Dodecahedron"},{"floor":10.0,"key":"Smiling Mask"},{"floor":14.0,"key":"Gremlin Horn"},{"floor":26.0,"key":"Tiny Chest"},{"floor":27.0,"key":"Turnip"},{"floor":43,"key":"Gambling Chip"}],"event_choices":[{"damage_healed":0.0,"max_hp_gain":0.0,"max_hp_loss":0.0,"gold_gain":0.0,"event_name":"Living Wall","player_choice":"Grow","floor":2.0,"gold_loss":0.0,"damage_taken":0.0,"cards_upgraded":["Bludgeon"]},{"damage_healed":0.0,"max_hp_gain":0.0,"max_hp_loss":0.0,"gold_gain":75.0,"event_name":"World of Goop","player_choice":"Gather Gold","floor":4.0,"gold_loss":0.0,"damage_taken":11.0},{"damage_healed":0.0,"max_hp_gain":0.0,"max_hp_loss":0.0,"gold_gain":0.0,"event_name":"FaceTrader","player_choice":"Trade","floor":5.0,"gold_loss":0.0,"damage_taken":0.0,"relics_obtained":["GremlinMask"]},{"damage_healed":0.0,"max_hp_gain":0.0,"max_hp_loss":0.0,"gold_gain":0.0,"event_name":"Dead Adventurer","player_choice":"Searched \u00271\u0027 times","floor":14.0,"gold_loss":0.0,"damage_taken":0.0},{"damage_healed":0.0,"max_hp_gain":0.0,"max_hp_loss":0.0,"gold_gain":0.0,"event_name":"Vampires","player_choice":"Ignored","floor":20.0,"gold_loss":0.0,"damage_taken":0.0},{"damage_healed":0.0,"max_hp_gain":0.0,"max_hp_loss":0.0,"gold_gain":0.0,"event_name":"Cursed Tome","player_choice":"Ignored","floor":22.0,"gold_loss":0.0,"damage_taken":0.0},{"cards_removed":["Strike_R"],"damage_healed":0.0,"max_hp_gain":0.0,"max_hp_loss":0.0,"gold_gain":0.0,"event_name":"Beggar","player_choice":"Gave Gold","floor":25.0,"gold_loss":75.0,"damage_taken":0.0},{"cards_removed":["Strike_R"],"damage_healed":0,"gold_gain":0,"player_choice":"Card Removal","damage_taken":0,"max_hp_gain":0,"max_hp_loss":0,"event_name":"Wheel of Change","floor":44,"gold_loss":0}],"is_beta":false,"boss_relics":[{"not_picked":["Calling Bell","Runic Dome"],"picked":"Philosopher\u0027s Stone"},{"not_picked":["Lizard Tail","Orrery"],"picked":"Empty Cage"}],"items_purged_floors":[11],"is_endless":false,"potions_floor_spawned":[1,3,16,24,28,37,39],"killed_by":"Maw","ascension_level":2}