{"gold_per_floor":[115,115,190,190,40,40,5,20,20,31,49,63,26,43,43,138,138,138,138,138,138,138,138],"floor_reached":23,"playtime":4048,"items_purged":["Strike_G"],"score":185,"play_id":"63d13f21-7696-4ef4-a5dd-af1a3262aabb","local_time":"20190216162242","is_ascension_mode":false,"campfire_choices":[{"data":"Neutralize","floor":6.0,"key":"SMITH"},{"data":"Infinite Blades","floor":15.0,"key":"SMITH"}],"neow_cost":"NONE","seed_source_timestamp":13528305154121,"circlet_count":0,"master_deck":["Defend_G","Defend_G","Defend_G+1","Defend_G","Defend_G","Strike_G","Strike_G","Strike_G","Strike_G+1","Survivor","Neutralize+1","Blade Dance+1","Blade Dance","Infinite Blades+1","PiercingWail","Backstab","Footwork","Storm of Steel","Reflex+1","Setup+1","Well Laid Plans+1"],"special_seed":0,"relics":["Ring of the Snake","NeowsBlessing","Dead Branch","Ectoplasm"],"potions_floor_usage":[21,21,21,23,23],"damage_taken":[{"damage":0.0,"enemies":"2 Louse","floor":1.0,"turns":1.0},{"damage":0.0,"enemies":"Jaw Worm","floor":8.0,"turns":1.0},{"damage":0.0,"enemies":"Cultist","floor":10.0,"turns":1.0},{"damage":0.0,"enemies":"Exordium Wildlife","floor":11.0,"turns":4.0},{"damage":0.0,"enemies":"2 Fungi Beasts","floor":12.0,"turns":2.0},{"damage":1.0,"enemies":"Exordium Thugs","floor":14.0,"turns":4.0},{"damage":34,"enemies":"Hexaghost","floor":16,"turns":11},{"damage":2,"enemies":"Shell Parasite","floor":18,"turns":4},{"damage":6,"enemies":"Chosen","floor":19,"turns":4},{"damage":5,"enemies":"Centurion and Healer","floor":21,"turns":5},{"damage":25,"enemies":"Snake Plant","floor":22,"turns":6},{"damage":35,"enemies":"Gremlin Leader","floor":23,"turns":6}],"seed_played":"-4787433841332524842","potions_obtained":[{"floor":11.0,"key":"SkillPotion"},{"floor":14.0,"key":"Energy Potion"},{"floor":16,"key":"Regen Potion"},{"floor":21,"key":"GamblersBrew"},{"floor":22,"key":"Fire Potion"}],"is_trial":false,"path_per_floor":["M","?","?","?","$","R","?","M","T","M","M","M","$","M","R","B",null,"M","M","?","M","M","E"],"character_chosen":"THE_SILENT","items_purchased":["Blade Dance","Fire Potion","Footwork"],"campfire_rested":0,"item_purchase_floors":[5,5,13],"current_hp_per_floor":[70,70,59,45,45,45,62,62,62,62,62,62,62,61,61,27,70,68,62,49,58,33,0],"gold":138,"neow_bonus":"THREE_ENEMY_KILL","is_prod":false,"is_daily":false,"chose_seed":false,"campfire_upgraded":2,"win_rate":0,"timestamp":1550352162,"path_taken":["M","?","?","?","?","R","?","M","T","?","M","M","?","M","R","BOSS","M","M","?","M","M","E"],"build_version":"2019-01-23","purchased_purges":1,"victory":false,"max_hp_per_floor":[70,70,70,70,70,70,70,70,70,70,70,70,70,70,70,70,70,70,70,75,75,75,75],"card_choices":[{"not_picked":["Quick Slash","Slice"],"picked":"Blade Dance","floor":1.0},{"not_picked":["Slice","Sucker Punch","Blur"],"picked":"SKIP","floor":8.0},{"not_picked":["Dagger Spray","Caltrops"],"picked":"Infinite Blades","floor":10.0},{"not_picked":["Crippling Poison","Poisoned Stab"],"picked":"PiercingWail","floor":11.0},{"not_picked":["Expertise","Prepared"],"picked":"Backstab","floor":12.0},{"not_picked":["Dagger Throw","Leg Sweep","Concentrate"],"picked":"SKIP","floor":14.0},{"not_picked":["A Thousand Cuts","Doppelganger"],"picked":"Storm of Steel","floor":16},{"not_picked":["Slice","Skewer"],"picked":"Reflex+1","floor":18},{"not_picked":["Quick Slash","Riddle With Holes","Blade Dance"],"picked":"SKIP","floor":19},{"not_picked":["Underhanded Strike","Bane"],"picked":"Setup+1","floor":21},{"not_picked":["Dodge and Roll","Outmaneuver"],"picked":"Well Laid Plans+1","floor":22}],"player_experience":694407,"relics_obtained":[{"floor":9.0,"key":"Dead Branch"}],"event_choices":[{"damage_healed":0.0,"max_hp_gain":0.0,"max_hp_loss":0.0,"gold_gain":0.0,"event_name":"Living Wall","player_choice":"Grow","floor":2.0,"gold_loss":0.0,"damage_taken":0.0,"cards_upgraded":["Blade Dance"]},{"damage_healed":0.0,"max_hp_gain":0.0,"max_hp_loss":0.0,"gold_gain":75.0,"event_name":"World of Goop","player_choice":"Gather Gold","floor":3.0,"gold_loss":0.0,"damage_taken":11.0},{"damage_healed":0.0,"max_hp_gain":0.0,"max_hp_loss":0.0,"gold_gain":0.0,"event_name":"Shining Light","player_choice":"Entered Light","floor":4.0,"gold_loss":0.0,"damage_taken":14.0,"cards_upgraded":["Strike_G","Defend_G"]},{"damage_healed":17.0,"max_hp_gain":0.0,"max_hp_loss":0.0,"gold_gain":0.0,"event_name":"The Cleric","player_choice":"Healed","floor":7.0,"gold_loss":35.0,"damage_taken":0.0},{"damage_healed":0,"gold_gain":0,"player_choice":"Shed Blood","damage_taken":18,"max_hp_gain":5,"max_hp_loss":0,"event_name":"Forgotten Altar","floor":20,"gold_loss":0}],"is_beta":false,"boss_relics":[{"not_picked":["Empty Cage","Black Star"],"picked":"Ectoplasm"}],"items_purged_floors":[5],"is_endless":false,"potions_floor_spawned":[11,14,16,21,22],"killed_by":"Gremlin Leader","ascension_level":0}