{"gold_per_floor":[109,128,128,138,138,138,138,138,161,161,178,178,212,212,212,289,289,305,59,72,92,192,192,392,392,392,392,41,41,52,13,13,88,88,99,27,45,45,60,60,80,80,107,87,87,87,100,118,118,118],"floor_reached":50,"playtime":4496,"items_purged":["Strike_B","Strike_B"],"score":723,"play_id":"3181dec4-28a7-4986-a1a9-3887e51822f8","local_time":"20180920160238","is_ascension_mode":true,"campfire_choices":[{"floor":6,"key":"REST"},{"floor":8,"key":"REST"},{"data":"Dualcast","floor":10,"key":"SMITH"},{"floor":12,"key":"REST"},{"data":"Reinforced Body","floor":15,"key":"SMITH"},{"floor":23,"key":"REST"},{"data":"Reinforced Body","floor":27,"key":"SMITH"},{"floor":29,"key":"REST"},{"data":"Biased Cognition","floor":32,"key":"SMITH"},{"floor":40,"key":"REST"},{"data":"Echo Form","floor":42,"key":"SMITH"},{"data":"Defragment","floor":46,"key":"SMITH"},{"floor":49,"key":"REST"}],"neow_cost":"NONE","seed_source_timestamp":439970911173622,"circlet_count":0,"master_deck":["Strike_B","Strike_B","Defend_B","Defend_B+1","Defend_B+1","Zap+1","Dualcast+1","AscendersBane","Cold Snap+1","Electrodynamics","Reinforced Body+1","Melter","Biased Cognition+1","Tempest","Seek","Reinforced Body+1","Reprogram","Finesse","Biased Cognition","Loop","Echo Form+1","Defragment+1","Conserve Battery+1","Coolheaded+1","Conserve Battery+1"],"relics":["Cracked Core","War Paint","Bronze Scales","Regal Pillow","Inserter","Unceasing Top","Symbiotic Virus","Bottled Flame","Pantograph","Nuclear Battery","Vajra"],"potions_floor_usage":[16,16,16,18,19,20,22,33,37,41,50,50],"damage_taken":[{"damage":1,"enemies":"Cultist","floor":1,"turns":3},{"damage":12,"enemies":"Jaw Worm","floor":2,"turns":2},{"damage":8,"enemies":"Small Slimes","floor":4,"turns":3},{"damage":11,"enemies":"Exordium Wildlife","floor":11,"turns":2},{"damage":33,"enemies":"Gremlin Nob","floor":13,"turns":4},{"damage":9,"enemies":"Slime Boss","floor":16,"turns":11},{"damage":0,"enemies":"3 Byrds","floor":18,"turns":2},{"damage":0,"enemies":"Shell Parasite","floor":20,"turns":6},{"damage":3,"enemies":"Sentry and Sphere","floor":21,"turns":3},{"damage":13,"enemies":"Colosseum Slavers","floor":22,"turns":3},{"damage":36,"enemies":"Colosseum Nobs","floor":22,"turns":4},{"damage":0,"enemies":"Chosen and Byrds","floor":30,"turns":3},{"damage":64,"enemies":"Automaton","floor":33,"turns":9},{"damage":0,"enemies":"Orb Walker","floor":35,"turns":4},{"damage":18,"enemies":"3 Shapes","floor":37,"turns":3},{"damage":12,"enemies":"3 Darklings","floor":39,"turns":4},{"damage":0,"enemies":"Maw","floor":41,"turns":6},{"damage":13,"enemies":"Sphere and 2 Shapes","floor":47,"turns":4},{"damage":0,"enemies":"3 Darklings","floor":48,"turns":3},{"damage":91,"enemies":"Awakened One","floor":50,"turns":15}],"seed_played":"8748607738651920957","potions_obtained":[{"floor":2,"key":"SpeedPotion"},{"floor":4,"key":"Dexterity Potion"},{"floor":5,"key":"EntropicBrew"},{"floor":16,"key":"Dexterity Potion"},{"floor":18,"key":"SkillPotion"},{"floor":21,"key":"SkillPotion"},{"floor":30,"key":"Strength Potion"},{"floor":33,"key":"EssenceOfSteel"},{"floor":39,"key":"PowerPotion"},{"floor":41,"key":"Dexterity Potion"},{"floor":44,"key":"SneckoOil"}],"is_trial":false,"path_per_floor":["M","M","?","M","?","R","?","R","T","R","M","R","E","?","R","B",null,"M","$","M","M","?","R","?","?","T","R","$","R","M","$","R","B",null,"M","$","M","?","M","R","M","R","T","?","?","R","M","M","R"],"character_chosen":"DEFECT","items_purchased":["Seek","Fruit Juice","Pantograph","Loop","Defragment"],"campfire_rested":7,"item_purchase_floors":[19,19,28,31,36],"current_hp_per_floor":[67,55,43,35,35,57,42,64,64,64,53,75,42,67,67,58,71,71,76,76,73,24,63,63,63,63,63,63,80,80,80,80,16,64,64,64,46,46,34,71,71,71,71,71,71,71,58,58,76,0],"gold":118,"neow_bonus":"REMOVE_CARD","is_prod":false,"is_daily":false,"chose_seed":false,"campfire_upgraded":6,"win_rate":0,"timestamp":1537452158,"path_taken":["M","?","?","M","?","R","?","R","T","R","M","R","E","?","R","BOSS","M","$","M","M","?","R","?","?","T","R","$","R","M","$","R","BOSS","M","$","M","?","M","R","M","R","T","?","?","R","?","M","R","BOSS"],"build_version":"2018-09-06","purchased_purges":2,"victory":false,"max_hp_per_floor":[75,75,75,75,75,75,75,75,75,75,75,75,75,75,75,75,75,75,80,80,80,80,80,80,80,80,80,80,80,80,80,80,80,80,80,80,80,76,76,76,76,76,76,76,76,76,76,76,76,76],"card_choices":[{"not_picked":["Hologram","Redo"],"picked":"Cold Snap","floor":1},{"not_picked":["Steam","Leap","Barrage"],"picked":"SKIP","floor":2},{"not_picked":["Lockon","Self Repair"],"picked":"Electrodynamics","floor":4},{"not_picked":["Sweeping Beam","Redo"],"picked":"Reinforced Body","floor":11},{"not_picked":["Fusion","Stack"],"picked":"Melter","floor":13},{"not_picked":["Meteor Strike","Amplify"],"picked":"Biased Cognition","floor":16},{"not_picked":["Sweeping Beam","Sunder"],"picked":"Tempest","floor":18},{"not_picked":["BootSequence","Sunder"],"picked":"Reinforced Body","floor":20},{"not_picked":["Blizzard","Compile Driver","Chill"],"picked":"SKIP","floor":21},{"not_picked":["Ball Lightning","Storm"],"picked":"Reprogram","floor":22},{"not_picked":["Barrage","Stack"],"picked":"Biased Cognition","floor":30},{"not_picked":["Core Surge","Buffer"],"picked":"Echo Form","floor":33},{"not_picked":["Conserve Battery","Undo","Streamline"],"picked":"SKIP","floor":35},{"not_picked":["Chill","Ball Lightning"],"picked":"Conserve Battery+1","floor":37},{"not_picked":["Redo+1","Beam Cell+1"],"picked":"Coolheaded+1","floor":39},{"not_picked":["Reprogram","Reinforced Body","Sweeping Beam"],"picked":"SKIP","floor":41},{"not_picked":["Hyperbeam","BootSequence"],"picked":"Conserve Battery+1","floor":47},{"not_picked":["Sweeping Beam","BootSequence","Capacitor"],"picked":"SKIP","floor":48}],"player_experience":464714,"relics_obtained":[{"floor":9,"key":"Bronze Scales"},{"floor":13,"key":"Regal Pillow"},{"floor":22,"key":"Unceasing Top"},{"floor":22,"key":"Symbiotic Virus"},{"floor":26,"key":"Bottled Flame"},{"floor":43,"key":"Vajra"}],"event_choices":[{"event_name":"Scrap Ooze","player_choice":"success","floor":3,"damage_taken":12},{"event_name":"The Lab","player_choice":"Got Potions","floor":5,"damage_taken":0},{"event_name":"Shining Light","player_choice":"Entered Light","floor":7,"damage_taken":0},{"event_name":"Big Fish","player_choice":"Banana","floor":14,"damage_taken":0},{"event_name":"Colosseum","player_choice":"Fight","floor":22,"damage_taken":0},{"event_name":"Colosseum","player_choice":"Fought Nobs","floor":22,"damage_taken":0},{"event_name":"The Joust","player_choice":"Bet on Owner","floor":24,"damage_taken":0},{"event_name":"Match and Keep!","player_choice":"1 cards matched","floor":25,"damage_taken":0},{"event_name":"Winding Halls","player_choice":"Max HP","floor":38,"damage_taken":0},{"event_name":"The Woman in Blue","player_choice":"Bought 1 Potion","floor":44,"damage_taken":0},{"event_name":"SecretPortal","player_choice":"Rejected Portal.","floor":45,"damage_taken":0}],"is_beta":false,"boss_relics":[{"not_picked":["Coffee Dripper","Runic Dome"],"picked":"Inserter"},{"not_picked":["Fusion Hammer","Cursed Key"],"picked":"Nuclear Battery"}],"items_purged_floors":[19,28],"is_endless":false,"potions_floor_spawned":[2,4,16,18,21,30,33,39,41],"killed_by":"Awakened One","ascension_level":13}