{"gold_per_floor":[118,128,53,64,82,82,102,102,102,120,120,120,270,270,270,347,347,366,380,380,380],"floor_reached":21,"playtime":881,"items_purged":["Strike_B"],"score":358,"play_id":"21380dbb-18ac-4acf-b5be-5c95f0d0be28","local_time":"20181220055718","is_ascension_mode":true,"campfire_choices":[{"data":"Defragment","floor":6,"key":"SMITH"},{"data":"Defragment","floor":8,"key":"SMITH"},{"data":"Zap","floor":12,"key":"SMITH"},{"data":"Reinforced Body","floor":15,"key":"SMITH"}],"neow_cost":"NONE","seed_source_timestamp":488190495723887,"circlet_count":0,"master_deck":["AscendersBane","Defend_B","Defend_B","Defend_B","Defend_B","Zap+1","Dualcast","Defragment+1","Ball Lightning","Reinforced Body+1","Defragment+1","Parasite","Doubt","Echo Form","Static Discharge","Bite","Bite","Bite","Bite","Bite"],"relics":["Cracked Core","NeowsBlessing","Mummified Hand","Velvet Choker"],"potions_floor_usage":[7,10,16,21],"damage_taken":[{"damage":0,"enemies":"Cultist","floor":1,"turns":1},{"damage":0,"enemies":"2 Louse","floor":2,"turns":1},{"damage":0,"enemies":"Small Slimes","floor":4,"turns":1},{"damage":15,"enemies":"3 Louse","floor":5,"turns":4},{"damage":12,"enemies":"Looter","floor":7,"turns":3},{"damage":7,"enemies":"Large Slime","floor":10,"turns":4},{"damage":55,"enemies":"The Guardian","floor":16,"turns":8},{"damage":18,"enemies":"3 Byrds","floor":18,"turns":5},{"damage":25,"enemies":"Shell Parasite","floor":19,"turns":5},{"damage":45,"enemies":"Centurion and Healer","floor":21,"turns":5}],"seed_played":"4228105353858712380","potions_obtained":[{"floor":4,"key":"Regen Potion"},{"floor":7,"key":"AttackPotion"},{"floor":10,"key":"AttackPotion"},{"floor":19,"key":"Regen Potion"}],"is_trial":false,"path_per_floor":["M","M","$","M","M","R","M","R","T","M","?","R","?","?","R","B",null,"M","M","?","M"],"character_chosen":"DEFECT","items_purchased":[],"campfire_rested":0,"item_purchase_floors":[],"current_hp_per_floor":[64,64,64,64,49,49,46,46,46,39,56,56,56,56,56,1,54,36,11,11,0],"gold":380,"neow_bonus":"THREE_ENEMY_KILL","is_prod":false,"is_daily":false,"chose_seed":false,"campfire_upgraded":4,"win_rate":0,"timestamp":1545281838,"path_taken":["M","M","$","M","M","R","M","R","T","?","?","R","?","?","R","BOSS","M","M","?","M"],"build_version":"2018-12-13","purchased_purges":1,"victory":false,"max_hp_per_floor":[71,71,71,71,71,71,71,71,71,71,71,71,71,71,71,71,71,71,71,49,49],"card_choices":[{"not_picked":["Barrage","Gash"],"picked":"Defragment","floor":1},{"not_picked":["Force Field","Heatsinks","Go for the Eyes"],"picked":"SKIP","floor":2},{"not_picked":["Steam","Genetic Algorithm"],"picked":"Ball Lightning","floor":4},{"not_picked":["Steam Power","Cold Snap"],"picked":"Reinforced Body","floor":5},{"not_picked":["Ball Lightning","Glacier"],"picked":"Defragment","floor":7},{"not_picked":["Double Energy","Genetic Algorithm","Hologram"],"picked":"SKIP","floor":10},{"not_picked":["Core Surge","Reboot"],"picked":"Echo Form","floor":16},{"not_picked":["Conserve Battery","Ball Lightning"],"picked":"Static Discharge","floor":18},{"not_picked":["Barrage","Rip and Tear","Tempest"],"picked":"SKIP","floor":19}],"player_experience":758199,"relics_obtained":[{"floor":9,"key":"Mummified Hand"}],"event_choices":[{"damage_healed":17,"gold_gain":0,"player_choice":"Healed and dodged fight","damage_taken":0,"max_hp_gain":0,"max_hp_loss":0,"event_name":"Mushrooms","floor":11,"gold_loss":0,"cards_obtained":["Parasite"]},{"damage_healed":0,"gold_gain":150,"player_choice":"AGREE","damage_taken":0,"max_hp_gain":0,"max_hp_loss":0,"event_name":"Liars Game","floor":13,"gold_loss":0,"cards_obtained":["Doubt"]},{"damage_healed":0,"gold_gain":0,"player_choice":"Ignored","damage_taken":0,"max_hp_gain":0,"max_hp_loss":0,"event_name":"Shining Light","floor":14,"gold_loss":0},{"damage_healed":0,"gold_gain":0,"player_choice":"Became a vampire","damage_taken":0,"max_hp_gain":0,"max_hp_loss":22,"event_name":"Vampires","floor":20,"gold_loss":0,"cards_obtained":["Bite","Bite","Bite","Bite","Bite"]}],"is_beta":false,"boss_relics":[{"not_picked":["Snecko Eye","Runic Dome"],"picked":"Velvet Choker"}],"items_purged_floors":[3],"is_endless":false,"potions_floor_spawned":[4,7,10,19],"killed_by":"Centurion and Healer","ascension_level":19}