{"gold_per_floor":[113,132,132,149,160,160,175,175,175,175,175,175,100,100,100,174,174,189,202,202,202],"floor_reached":21,"playtime":805,"items_purged":["Strike_B"],"score":279,"play_id":"b9efb6aa-0892-4273-b5e4-b54f3ddf31ed","local_time":"20180921204140","is_ascension_mode":true,"campfire_choices":[{"data":"Zap","floor":6,"key":"SMITH"},{"data":"Streamline","floor":8,"key":"SMITH"},{"data":"Gash","floor":10,"key":"SMITH"},{"floor":15,"key":"REST"}],"neow_cost":"NONE","seed_source_timestamp":546807537283530,"circlet_count":0,"master_deck":["Strike_B","Strike_B+1","Strike_B","Defend_B","Defend_B","Defend_B","Defend_B+1","Zap+1","Dualcast+1","AscendersBane","Gash+1","Streamline+1","Melter","Go for the Eyes+1","Auto Shields","Redo+1"],"relics":["Cracked Core","Pantograph","Black Star"],"potions_floor_usage":[16,16],"damage_taken":[{"damage":0,"enemies":"2 Louse","floor":1,"turns":2},{"damage":2,"enemies":"Jaw Worm","floor":2,"turns":4},{"damage":6,"enemies":"Cultist","floor":4,"turns":3},{"damage":3,"enemies":"Blue Slaver","floor":5,"turns":3},{"damage":0,"enemies":"Exordium Thugs","floor":7,"turns":3},{"damage":36,"enemies":"The Guardian","floor":16,"turns":10},{"damage":6,"enemies":"Spheric Guardian","floor":18,"turns":3},{"damage":18,"enemies":"Shell Parasite","floor":19,"turns":4},{"damage":47,"enemies":"Snecko","floor":21,"turns":5}],"seed_played":"-5935914882511558553","potions_obtained":[{"floor":2,"key":"EssenceOfSteel"},{"floor":5,"key":"Dexterity Potion"},{"floor":7,"key":"Weak Potion"},{"floor":19,"key":"Dexterity Potion"}],"is_trial":false,"path_per_floor":["M","M","?","M","M","R","M","R","T","R","?","?","$","?","R","B",null,"M","M","?"],"character_chosen":"DEFECT","items_purchased":[],"campfire_rested":1,"item_purchase_floors":[],"current_hp_per_floor":[68,66,66,60,57,57,57,57,57,57,42,42,42,42,64,39,66,60,42,42,0],"gold":202,"neow_bonus":"UPGRADE_CARD","is_prod":false,"is_daily":false,"chose_seed":false,"campfire_upgraded":3,"win_rate":0,"timestamp":1537555300,"path_taken":["M","M","?","M","?","R","M","R","T","R","?","?","?","?","R","BOSS","M","M","?","M"],"build_version":"2018-09-20","purchased_purges":1,"victory":false,"max_hp_per_floor":[75,75,75,75,75,75,75,75,75,75,75,75,75,75,75,75,75,75,75,75,75],"card_choices":[{"not_picked":["Coolheaded","Cold Snap"],"picked":"Gash","floor":1},{"not_picked":["Skim","Darkness"],"picked":"Streamline","floor":2},{"not_picked":["Redo","Streamline"],"picked":"Melter","floor":4},{"not_picked":["Turbo","Aggregate","Coolheaded"],"picked":"SKIP","floor":5},{"not_picked":["Defragment","Cold Snap"],"picked":"Go for the Eyes","floor":7},{"not_picked":["Streamline+1","Go for the Eyes"],"picked":"Auto Shields","floor":18},{"not_picked":["Undo","Go for the Eyes"],"picked":"Redo+1","floor":19}],"player_experience":487303,"relics_obtained":[{"floor":9,"key":"Pantograph"}],"event_choices":[{"event_name":"Liars Game","player_choice":"disagreed","floor":3,"damage_taken":0},{"event_name":"Shining Light","player_choice":"Entered Light","floor":11,"damage_taken":0},{"event_name":"Living Wall","player_choice":"Grow","floor":12,"damage_taken":0},{"event_name":"The Woman in Blue","player_choice":"Bought 0 Potions","floor":14,"damage_taken":0},{"event_name":"Ghosts","player_choice":"Ignored","floor":20,"damage_taken":0}],"is_beta":false,"boss_relics":[{"not_picked":["Runic Pyramid","Snecko Eye"],"picked":"Black Star"}],"items_purged_floors":[13],"is_endless":false,"potions_floor_spawned":[2,5,7,19],"killed_by":"Snecko","ascension_level":13}