{"gold_per_floor":[359,22,22,36,49,49,80,80,80,99,99,99,128,128,128,257,257,270,293,293,4,29,29,45,61,114,129,154,29,29,29,29,152,152,177,192,216,31,56,56,77,77,100,12,12,32,70,85,85,85],"floor_reached":51,"playtime":2383,"items_purged":["Strike_B","Strike_B","Defend_B","Strike_B"],"score":1042,"play_id":"a904a7ce-1dc2-4f96-8c9b-4546f0b80c19","local_time":"20180916183140","is_ascension_mode":true,"campfire_choices":[{"data":"Storm","floor":6,"key":"SMITH"},{"floor":8,"key":"REST"},{"floor":15,"key":"REST"},{"data":"Storm","floor":23,"key":"SMITH"},{"floor":30,"key":"REST"},{"floor":32,"key":"REST"},{"floor":40,"key":"REST"},{"floor":45,"key":"REST"},{"floor":49,"key":"REST"}],"neow_cost":"TEN_PERCENT_HP_LOSS","seed_source_timestamp":105407796370252,"circlet_count":0,"master_deck":["Strike_B","Defend_B","Defend_B","Zap","Dualcast","Storm+1","Panache","Static Discharge","Storm+1","Leap","Conserve Battery+1","Electrodynamics","Static Discharge","Hologram+1","Conserve Battery+1","Coolheaded+1","Lockon+1","Hologram+1","Leap+1","Lockon+1","Streamline+1","Conserve Battery+1","Consume+1","Reboot+1","Reinforced Body+1","Undo+1","Defragment","Defragment","Undo+1","Static Discharge+1","Self Repair"],"relics":["Cracked Core","Letter Opener","Toxic Egg 2","Mummified Hand","Pantograph","Golden Idol","Orrery","Darkstone Periapt","Happy Flower","Anchor","Black Star","Pen Nib","Strawberry","Singing Bowl","Pear"],"potions_floor_usage":[7,13,13,13,16,22,25,25,36,47,50,50],"damage_taken":[{"damage":1,"enemies":"Cultist","floor":1,"turns":3},{"damage":0,"enemies":"2 Louse","floor":4,"turns":2},{"damage":6,"enemies":"Small Slimes","floor":5,"turns":3},{"damage":20,"enemies":"Lagavulin","floor":7,"turns":4},{"damage":16,"enemies":"2 Fungi Beasts","floor":10,"turns":3},{"damage":10,"enemies":"3 Sentries","floor":13,"turns":3},{"damage":0,"enemies":"Slime Boss","floor":16,"turns":7},{"damage":0,"enemies":"Chosen","floor":18,"turns":3},{"damage":0,"enemies":"Spheric Guardian","floor":19,"turns":2},{"damage":9,"enemies":"Centurion and Healer","floor":22,"turns":3},{"damage":10,"enemies":"Snecko","floor":24,"turns":4},{"damage":12,"enemies":"Shelled Parasite and Fungi","floor":25,"turns":3},{"damage":2,"enemies":"Centurion and Healer","floor":27,"turns":4},{"damage":0,"enemies":"3 Cultists","floor":28,"turns":3},{"damage":11,"enemies":"Collector","floor":33,"turns":7},{"damage":10,"enemies":"Orb Walker","floor":35,"turns":3},{"damage":0,"enemies":"3 Shapes","floor":36,"turns":2},{"damage":0,"enemies":"Sphere and 2 Shapes","floor":37,"turns":4},{"damage":32,"enemies":"Reptomancer","floor":39,"turns":4},{"damage":2,"enemies":"Maw","floor":41,"turns":5},{"damage":48,"enemies":"4 Shapes","floor":46,"turns":4},{"damage":0,"enemies":"Nemesis","floor":47,"turns":5},{"damage":3,"enemies":"Spire Growth","floor":48,"turns":3},{"damage":62,"enemies":"Donu and Deca","floor":50,"turns":6}],"seed_played":"-7441267865026501666","potions_obtained":[{"floor":1,"key":"FocusPotion"},{"floor":4,"key":"FocusPotion"},{"floor":7,"key":"FocusPotion"},{"floor":10,"key":"FocusPotion"},{"floor":13,"key":"Fire Potion"},{"floor":18,"key":"AttackPotion"},{"floor":22,"key":"EssenceOfSteel"},{"floor":24,"key":"EssenceOfSteel"},{"floor":25,"key":"FairyPotion"},{"floor":35,"key":"Energy Potion"},{"floor":41,"key":"SteroidPotion"},{"floor":46,"key":"FearPotion"},{"floor":47,"key":"Energy Potion"}],"is_trial":false,"path_per_floor":["M","$","?","M","M","R","E","R","T","M","?","?","E","?","R","B",null,"M","M","?","$","M","R","M","M","T","M","M","$","R","?","R","B",null,"M","M","M","$","M","R","M","?","T","?","R","M","E","M","R","B"],"character_chosen":"DEFECT","items_purchased":["Panache","Static Discharge","Happy Flower","Leap+1","Defragment"],"campfire_rested":7,"item_purchase_floors":[2,2,21,21,38],"current_hp_per_floor":[67,67,67,67,61,61,41,61,61,45,20,20,10,10,28,53,61,61,61,61,61,52,52,42,30,30,28,28,28,46,40,58,52,60,50,50,50,50,18,36,34,34,34,41,62,14,24,30,54,24],"gold":85,"neow_bonus":"TWO_FIFTY_GOLD","is_prod":false,"is_daily":false,"chose_seed":false,"campfire_upgraded":2,"win_rate":0,"timestamp":1537115500,"path_taken":["M","$","?","?","M","R","E","R","T","M","?","?","E","?","R","BOSS","M","M","?","$","M","R","M","M","T","M","M","$","R","?","R","BOSS","M","M","M","$","M","R","M","?","T","?","R","M","E","M","R","BOSS"],"build_version":"2018-09-06","purchased_purges":4,"victory":true,"max_hp_per_floor":[68,68,68,68,68,68,68,68,68,68,68,68,68,63,63,63,63,63,63,63,63,63,63,63,63,63,63,63,63,63,63,63,63,63,63,63,63,63,63,63,63,63,63,70,70,70,80,82,82,82],"card_choices":[{"not_picked":["Sunder","Cold Snap"],"picked":"Storm","floor":1},{"not_picked":["Gash","Chill","Hologram"],"picked":"SKIP","floor":4},{"not_picked":["Cold Snap","Compile Driver"],"picked":"Storm","floor":5},{"not_picked":["Blizzard","Cold Snap"],"picked":"Leap","floor":7},{"not_picked":["Stack+1","Rebound","Cold Snap"],"picked":"SKIP","floor":10},{"not_picked":["Steam Power+1","Beam Cell"],"picked":"Conserve Battery+1","floor":13},{"not_picked":["Buffer","Rainbow+1"],"picked":"Electrodynamics","floor":16},{"not_picked":["Rip and Tear","Streamline"],"picked":"Static Discharge","floor":17},{"not_picked":["Fusion+1","Compile Driver"],"picked":"Hologram+1","floor":17},{"not_picked":["Reprogram+1","Sunder"],"picked":"Conserve Battery+1","floor":17},{"not_picked":["Lockon","Chaos+1"],"picked":"Coolheaded+1","floor":17},{"not_picked":["Chill+1","Chaos+1"],"picked":"Lockon+1","floor":18},{"not_picked":["Sweeping Beam+1","Redo+1"],"picked":"Hologram+1","floor":19},{"not_picked":["Turbo+1","Recycle+1"],"picked":"Lockon+1","floor":22},{"not_picked":["Go for the Eyes+1","Redo+1"],"picked":"Streamline+1","floor":24},{"not_picked":["Hello World","Hologram+1","Turbo+1"],"picked":"SKIP","floor":25},{"not_picked":["Rebound","Chill+1"],"picked":"Conserve Battery+1","floor":27},{"not_picked":["Beam Cell","Ball Lightning"],"picked":"Consume+1","floor":28},{"not_picked":["Machine Learning","Meteor Strike"],"picked":"Reboot+1","floor":33},{"not_picked":["Steam+1","Streamline+1"],"picked":"Reinforced Body+1","floor":35},{"not_picked":["Sweeping Beam","Gash"],"picked":"Undo+1","floor":36},{"not_picked":["Glacier+1","Redo+1"],"picked":"Defragment","floor":37},{"not_picked":["Barrage+1","Go for the Eyes","Cold Snap"],"picked":"SKIP","floor":39},{"not_picked":["Fusion+1","Coolheaded+1"],"picked":"Undo+1","floor":41},{"not_picked":["Conserve Battery+1","Scrape+1"],"picked":"Static Discharge+1","floor":46},{"not_picked":["Steam Power+1","Sweeping Beam"],"picked":"Self Repair","floor":47},{"not_picked":["Sweeping Beam","Blizzard+1","Lockon"],"picked":"Singing Bowl","floor":48}],"player_experience":239984,"relics_obtained":[{"floor":7,"key":"Letter Opener"},{"floor":9,"key":"Toxic Egg 2"},{"floor":13,"key":"Pantograph"},{"floor":26,"key":"Anchor"},{"floor":43,"key":"Pen Nib"},{"floor":47,"key":"Singing Bowl"},{"floor":47,"key":"Pear"}],"event_choices":[{"event_name":"Purifier","player_choice":"One Purge","floor":3,"damage_taken":0},{"event_name":"Scrap Ooze","player_choice":"success","floor":11,"damage_taken":25},{"event_name":"Dead Adventurer","player_choice":"Searched \u00270\u0027 times","floor":12,"damage_taken":0},{"event_name":"Golden Idol","player_choice":"Lose Max HP","floor":14,"damage_taken":0},{"event_name":"The Mausoleum","player_choice":"Yes","floor":20,"damage_taken":0},{"event_name":"Wheel of Change","player_choice":"Damage","floor":31,"damage_taken":0},{"event_name":"Mysterious Sphere","player_choice":"Ignore","floor":42,"damage_taken":0},{"event_name":"WeMeetAgain","player_choice":"Gold","floor":44,"damage_taken":0}],"is_beta":false,"boss_relics":[{"not_picked":["Velvet Choker","Pandora\u0027s Box"],"picked":"Orrery"},{"not_picked":["Astrolabe","Snecko Eye"],"picked":"Black Star"}],"items_purged_floors":[2,21,29,38],"is_endless":false,"potions_floor_spawned":[1,4,7,10,13,18,22,24,25,35,41,46,47],"ascension_level":7}