{"gold_per_floor":[144,189,234,9,54,144,144,189,239,284,296,308,410,467,479,791,803,860,917,929,941,953,965,332,332,357,317,242,117,162,207,207,507,507,552,134,179,179,179,179,224,269,344,434,434,443,443,488,488,488],"floor_reached":51,"playtime":2145,"items_purged":["Strike_R","Strike_R","Parasite"],"score":862,"play_id":"f28ed0c5-9cb5-4bcd-94b5-3ae98ec20a66","local_time":"20180824171831","daily_mods":["Specialized","Midas","Vintage"],"is_ascension_mode":false,"campfire_choices":[{"floor":7,"key":"DIG"},{"floor":15,"key":"DIG"},{"floor":23,"key":"DIG"},{"floor":32,"key":"DIG"},{"floor":40,"key":"DIG"},{"floor":45,"key":"DIG"},{"floor":49,"key":"DIG"}],"neow_cost":"","seed_source_timestamp":0,"circlet_count":0,"master_deck":["Strike_R+1","Defend_R","Defend_R","Defend_R+1","Defend_R+1","Bash","Reaper","Reaper","Reaper","Reaper+1","Iron Wave","Rampage","Demon Form","Shrug It Off","Feed+1","Offering","Heavy Blade+1","Madness","Clothesline+1","Double Tap+1"],"special_seed":17767,"relics":["Burning Blood","Bronze Scales","Unceasing Top","Orichalcum","Oddly Smooth Stone","Strawberry","Shovel","Omamori","Self Forming Clay","Whetstone","MawBank","Matryoshka","Red Skull","Torii","War Paint","Cursed Key","Bag of Preparation","Ornamental Fan","Pen Nib","Dream Catcher","Juzu Bracelet","Dodecahedron","Bottled Flame","Potion Belt","Vajra","Blood Vial","Anchor","Gremlin Horn","Boot","Ancient Tea Set","Molten Egg 2","Runic Cube","Meat on the Bone","Paper Frog","Bottled Tornado","Bag of Marbles","Lantern","Regal Pillow","Mummified Hand","Art of War","Toxic Egg 2","Peace Pipe","Pantograph","The Courier"],"potions_floor_usage":[5,6,16,41,50,50,50,50,50],"damage_taken":[{"damage":15,"enemies":"Cultist","floor":1,"turns":4},{"damage":6,"enemies":"Small Slimes","floor":2,"turns":4},{"damage":11,"enemies":"Jaw Worm","floor":3,"turns":3},{"damage":8,"enemies":"Looter","floor":5,"turns":4},{"damage":36,"enemies":"3 Sentries","floor":6,"turns":10},{"damage":9,"enemies":"3 Louse","floor":8,"turns":3},{"damage":5,"enemies":"Exordium Wildlife","floor":10,"turns":4},{"damage":42,"enemies":"Lagavulin","floor":13,"turns":9},{"damage":15,"enemies":"Exordium Thugs","floor":14,"turns":4},{"damage":42,"enemies":"The Guardian","floor":16,"turns":12},{"damage":8,"enemies":"Spheric Guardian","floor":18,"turns":4},{"damage":32,"enemies":"2 Thieves","floor":19,"turns":4},{"damage":1,"enemies":"Centurion and Healer","floor":30,"turns":5},{"damage":18,"enemies":"Shelled Parasite and Fungi","floor":31,"turns":5},{"damage":44,"enemies":"Champ","floor":33,"turns":9},{"damage":0,"enemies":"Orb Walker","floor":35,"turns":3},{"damage":18,"enemies":"Flame Bruiser 1 Orb","floor":37,"turns":3},{"damage":7,"enemies":"Spire Growth","floor":41,"turns":4},{"damage":21,"enemies":"Sphere and 2 Shapes","floor":42,"turns":5},{"damage":22,"enemies":"2 Orb Walkers","floor":44,"turns":4},{"damage":13,"enemies":"Mysterious Sphere","floor":46,"turns":4},{"damage":6,"enemies":"Maw","floor":48,"turns":4},{"damage":17,"enemies":"Donu and Deca","floor":50,"turns":7}],"seed_played":"-2736081404112847193","potions_obtained":[{"floor":2,"key":"Block Potion"},{"floor":3,"key":"Strength Potion"},{"floor":8,"key":"SpeedPotion"},{"floor":13,"key":"Strength Potion"},{"floor":16,"key":"Ancient Potion"},{"floor":27,"key":"Poison Potion"},{"floor":27,"key":"Ancient Potion"},{"floor":27,"key":"Energy Potion"},{"floor":30,"key":"SpeedPotion"},{"floor":31,"key":"Dexterity Potion"},{"floor":37,"key":"EssenceOfSteel"},{"floor":42,"key":"Weak Potion"}],"is_trial":false,"path_per_floor":["M","M","M","$","M","E","R","M","T","M","?","$","E","M","R","B",null,"M","M","?","?","?","R","$","T","T","?","?","$","M","M","R","B",null,"M","$","M","?","?","R","M","M","T","E","R","?","?","M","R","B"],"character_chosen":"IRONCLAD","items_purchased":["Oddly Smooth Stone","Dodecahedron","Bottled Flame","Shrug It Off","Offering","Paper Frog","Heavy Blade+1"],"campfire_rested":0,"item_purchase_floors":[4,24,24,24,36,36,36],"current_hp_per_floor":[71,80,78,78,87,87,87,87,87,87,97,97,75,75,75,73,97,97,97,97,97,97,97,97,97,97,97,97,94,94,91,91,65,94,94,94,94,82,82,82,94,98,98,98,98,102,102,106,106,106],"gold":488,"neow_bonus":"","is_prod":false,"is_daily":true,"chose_seed":false,"campfire_upgraded":0,"win_rate":0,"timestamp":1535156311,"path_taken":["M","M","M","$","M","E","R","M","T","M","?","$","E","M","R","BOSS","M","M","?","?","?","R","$","?","T","?","?","?","M","M","R","BOSS","M","$","M","?","?","R","M","M","T","E","R","?","?","M","R","BOSS"],"build_version":"2018-08-23v2","purchased_purges":3,"victory":true,"max_hp_per_floor":[80,80,80,80,87,87,87,87,87,87,97,97,97,97,97,97,97,97,97,97,97,97,97,97,97,97,97,97,94,94,94,94,94,94,94,94,94,94,94,94,94,98,98,98,98,102,102,106,106,106],"card_choices":[{"not_picked":["Clash","Seeing Red"],"picked":"Iron Wave","floor":6},{"not_picked":["Fire Breathing","Ghostly Armor"],"picked":"Rampage","floor":13},{"not_picked":["Immolate","Juggernaut"],"picked":"Demon Form","floor":16},{"not_picked":["Juggernaut","Demon Form"],"picked":"Feed","floor":33},{"not_picked":["Sword Boomerang+1","Cleave+1"],"picked":"Clothesline+1","floor":44},{"not_picked":["Iron Wave+1","Thunderclap+1"],"picked":"Double Tap+1","floor":46}],"player_experience":430671,"relics_obtained":[{"floor":1,"key":"Bronze Scales"},{"floor":2,"key":"Unceasing Top"},{"floor":3,"key":"Orichalcum"},{"floor":5,"key":"Strawberry"},{"floor":6,"key":"Shovel"},{"floor":7,"key":"Omamori"},{"floor":8,"key":"Self Forming Clay"},{"floor":9,"key":"Whetstone"},{"floor":10,"key":"MawBank"},{"floor":13,"key":"Matryoshka"},{"floor":14,"key":"Red Skull"},{"floor":15,"key":"Torii"},{"floor":16,"key":"War Paint"},{"floor":18,"key":"Bag of Preparation"},{"floor":19,"key":"Ornamental Fan"},{"floor":23,"key":"Juzu Bracelet"},{"floor":25,"key":"Potion Belt"},{"floor":25,"key":"Vajra"},{"floor":26,"key":"Blood Vial"},{"floor":26,"key":"Anchor"},{"floor":30,"key":"Gremlin Horn"},{"floor":31,"key":"Boot"},{"floor":32,"key":"Ancient Tea Set"},{"floor":33,"key":"Molten Egg 2"},{"floor":35,"key":"Meat on the Bone"},{"floor":37,"key":"Bottled Tornado"},{"floor":40,"key":"Bag of Marbles"},{"floor":41,"key":"Lantern"},{"floor":42,"key":"Regal Pillow"},{"floor":43,"key":"Mummified Hand"},{"floor":44,"key":"Art of War"},{"floor":45,"key":"Toxic Egg 2"},{"floor":46,"key":"Peace Pipe"},{"floor":48,"key":"Pantograph"},{"floor":49,"key":"The Courier"}],"event_choices":[{"event_name":"Bonfire Elementals","player_choice":"RARE","floor":11,"damage_taken":0},{"event_name":"The Mausoleum","player_choice":"Yes","floor":20,"damage_taken":0},{"event_name":"Purifier","player_choice":"One Purge","floor":21,"damage_taken":0},{"event_name":"WeMeetAgain","player_choice":"Potion","floor":22,"damage_taken":0},{"event_name":"The Woman in Blue","player_choice":"Bought 3 Potions","floor":27,"damage_taken":0},{"event_name":"Beggar","player_choice":"Gave Gold","floor":28,"damage_taken":0},{"event_name":"Winding Halls","player_choice":"Embrace Madness","floor":38,"damage_taken":0},{"event_name":"Falling","player_choice":"Removed Skill","floor":39,"damage_taken":0},{"event_name":"Mysterious Sphere","player_choice":"Fight","floor":46,"damage_taken":0},{"event_name":"Purifier","player_choice":"One Purge","floor":47,"damage_taken":0}],"is_beta":false,"boss_relics":[{"not_picked":["Astrolabe","White Beast Statue"],"picked":"Cursed Key"},{"not_picked":["Orrery","Runic Pyramid"],"picked":"Runic Cube"}],"items_purged_floors":[4,24,29],"is_endless":false,"potions_floor_spawned":[2,3,8,13,16,30,31,37,42],"ascension_level":0}