{"path_per_floor":["M","?","M","?","M","R","E","R","T","R","M","$","?","M","R","B",null,"M","?","?","$","M","R","M","M","T","E","R","E","?","M","R","B",null,"M","M","$","M","?","E","M","M","T","R","M","E","R","?","R","B"],"character_chosen":"THE_SILENT","items_purchased":["Vajra","Burst"],"gold_per_floor":[109,109,127,127,140,140,165,165,165,165,184,109,109,119,119,223,223,243,243,243,143,157,157,177,187,187,222,222,249,174,194,194,298,298,309,321,36,56,56,84,100,119,119,119,134,169,169,0,0,0],"floor_reached":51,"campfire_rested":1,"playtime":5160,"current_hp_per_floor":[70,72,72,72,70,70,48,48,48,48,48,48,48,47,47,31,84,84,84,84,84,84,84,84,77,77,72,72,56,56,57,57,59,84,84,79,79,65,65,72,74,84,84,84,84,65,65,65,84,61],"items_purged":["Doubt","Regret"],"gold":0,"play_id":"aa28c550-4e9d-499a-8ac5-bf33fd164147","is_prod":false,"is_daily":false,"is_ascension_mode":false,"campfire_upgraded":7,"path_taken":["M","?","M","?","M","R","E","R","T","R","M","$","?","M","R","BOSS","M","?","?","$","M","R","M","M","T","E","R","E","?","M","R","BOSS","M","M","$","M","?","E","M","M","T","R","M","E","R","?","R","BOSS"],"build_version":"2018-02-01-PROD3","purchased_purges":3,"victory":true,"master_deck":["Defend_G+1","Defend_G+1","Defend_G","Strike_G","Strike_G","Strike_G","Survivor+1","Neutralize+1","Predator+1","Predator","Dagger Throw+1","Prepared","Finisher+1","Escape Plan","Well Laid Plans+1","Terror+1","Leg Sweep+1","Adrenaline+1","Backflip+1","Outmaneuver+1","Cloak And Dagger+1","PiercingWail+1","Doppelganger+1","Distraction+1","Writhe","Escape Plan+1","Sucker Punch+1","Backstab+1","Distraction+1","Cloak And Dagger+1","Venomology+1","Phantasmal Killer+1","Outmaneuver+1","Dodge and Roll+1","Burst+1","Distraction+1","Footwork+1","Caltrops+1","Terror+1","Deadly Poison+1"],"max_hp_per_floor":[70,84,84,84,84,84,84,84,84,84,84,84,84,84,84,84,84,84,84,84,84,84,84,84,84,84,84,84,84,84,84,84,84,84,84,84,84,84,84,84,84,84,84,84,84,84,84,84,84,84],"relics":["Ring of the Snake","Mango","Oddly Smooth Stone","Gambling Chip","Toxic Egg 2","Orrery","Frozen Egg 2","Calipers","War Paint","Blood Vial","Black Star","Vajra","Kunai","Mummified Hand","Girya","Blue Candle","Matryoshka","Red Mask"],"card_choices":[{"not_picked":["PiercingWail","Quick Slash"],"picked":"Dagger Throw"},{"not_picked":["Skewer","Deadly Poison"],"picked":"Prepared"},{"not_picked":["Blur","Riddle With Holes"],"picked":"Escape Plan"},{"not_picked":["Eviscerate","Poisoned Stab"],"picked":"Well Laid Plans"},{"not_picked":["Footwork","Well Laid Plans"],"picked":"Terror"},{"not_picked":["Dodge and Roll","Calculated Gamble"],"picked":"Leg Sweep"},{"not_picked":["After Image","Tactician"],"picked":"Adrenaline"},{"not_picked":["Riddle With Holes","Deadly Poison"],"picked":"Backflip"},{"not_picked":["Well Laid Plans","Prepared"],"picked":"Outmaneuver"},{"not_picked":["Slice","Caltrops"],"picked":"Cloak And Dagger"},{"not_picked":["Quick Slash","Slice"],"picked":"PiercingWail"},{"not_picked":["Dagger Spray","Deadly Poison"],"picked":"Doppelganger"},{"not_picked":["Dagger Spray","All Out Attack"],"picked":"Distraction"},{"not_picked":["Acrobatics","Dodge and Roll"],"picked":"Escape Plan"},{"not_picked":["Acrobatics","Riddle With Holes"],"picked":"Sucker Punch"},{"not_picked":["Deadly Poison","Cloak And Dagger"],"picked":"Backstab"},{"not_picked":["Deadly Poison","Poisoned Stab"],"picked":"Distraction"},{"not_picked":["Poisoned Stab","Flying Knee"],"picked":"Cloak And Dagger"},{"not_picked":["Dagger Throw","Quick Slash"],"picked":"Venomology"},{"not_picked":["Tactician","Storm of Steel"],"picked":"Phantasmal Killer"},{"not_picked":["Underhanded Strike","Flying Knee"],"picked":"Outmaneuver"},{"not_picked":["Well Laid Plans","Outmaneuver"],"picked":"Dodge and Roll"},{"not_picked":["Reflex","Masterful Stab"],"picked":"Distraction"},{"not_picked":["Acrobatics","Blur"],"picked":"Footwork"},{"not_picked":["Cloak And Dagger","Bullet Time"],"picked":"Caltrops"},{"not_picked":["Flying Knee","Backflip"],"picked":"Terror"},{"not_picked":["Dodge and Roll","Catalyst"],"picked":"Deadly Poison"}],"player_experience":90900,"potions_floor_usage":[7,11,16,27,29,33,33,36,38,40,41,42,45,46,46,50,50,50],"damage_taken":[{"damage":0,"enemies":"2 Louse","floor":1,"turns":2},{"damage":0,"enemies":"Small Slimes","floor":3,"turns":2},{"damage":2,"enemies":"Jaw Worm","floor":5,"turns":4},{"damage":22,"enemies":"3 Sentries","floor":7,"turns":5},{"damage":0,"enemies":"2 Fungi Beasts","floor":11,"turns":2},{"damage":1,"enemies":"Looter","floor":14,"turns":2},{"damage":16,"enemies":"Hexaghost","floor":16,"turns":8},{"damage":0,"enemies":"3 Byrds","floor":18,"turns":5},{"damage":0,"enemies":"Shell Parasite","floor":22,"turns":3},{"damage":0,"enemies":"3 Cultists","floor":24,"turns":5},{"damage":7,"enemies":"Centurion and Healer","floor":25,"turns":6},{"damage":5,"enemies":"Slavers","floor":27,"turns":8},{"damage":16,"enemies":"Gremlin Leader","floor":29,"turns":7},{"damage":1,"enemies":"Slaver and Parasite","floor":31,"turns":4},{"damage":0,"enemies":"Collector","floor":33,"turns":11},{"damage":0,"enemies":"Orb Walker","floor":35,"turns":3},{"damage":5,"enemies":"3 Darklings","floor":36,"turns":6},{"damage":16,"enemies":"4 Shapes","floor":38,"turns":8},{"damage":10,"enemies":"2 Orb Walkers","floor":40,"turns":6},{"damage":0,"enemies":"Maw","floor":41,"turns":6},{"damage":4,"enemies":"Sphere and 2 Shapes","floor":42,"turns":6},{"damage":0,"enemies":"3 Darklings","floor":45,"turns":6},{"damage":19,"enemies":"Nemesis","floor":46,"turns":7},{"damage":29,"enemies":"Donu and Deca","floor":50,"turns":7}],"event_choices":[{"event_name":"Scrap Ooze","player_choice":"success","floor":2,"damage_taken":12},{"event_name":"Living Wall","player_choice":"Change","floor":4,"damage_taken":0},{"event_name":"Big Fish","player_choice":"Box","floor":13,"damage_taken":0},{"event_name":"The Mausoleum","player_choice":"Yes","floor":19,"damage_taken":0},{"event_name":"Vampires","player_choice":"Ignored","floor":20,"damage_taken":0},{"event_name":"Beggar","player_choice":"Gave Gold","floor":30,"damage_taken":0},{"event_name":"Upgrade Shrine","player_choice":"Upgraded","floor":39,"damage_taken":0},{"event_name":"Tomb of Lord Red Mask","player_choice":"Paid","floor":48,"damage_taken":0}],"boss_relics":[{"not_picked":["Question Card","Tiny House"],"picked":"Orrery"},{"not_picked":["Velvet Choker","Lizard Tail"],"picked":"Black Star"}],"potions_floor_spawned":[5,7,11,22,25,27,31,38,40,41,42],"seed_played":"1055983678011034740","ascension_level":0,"is_trial":false}