{"gold_per_floor":[111,32,48,62,237,237,237,237,315,331,351,368,368,387,387,483,483,494,507,129,129,129],"floor_reached":22,"playtime":1090,"items_purged":["Doubt"],"score":231,"play_id":"bbf08355-0865-4ce2-8bac-567cd777d5eb","local_time":"20180916013938","is_ascension_mode":true,"campfire_choices":[{"data":"Zap","floor":6,"key":"SMITH"},{"data":"Capacitor","floor":8,"key":"SMITH"},{"data":"White Noise","floor":13,"key":"SMITH"},{"data":"Consume","floor":15,"key":"SMITH"}],"neow_cost":"NONE","seed_source_timestamp":45994110435975,"circlet_count":0,"master_deck":["Strike_B","Strike_B+1","Strike_B","Strike_B","Defend_B","Defend_B+1","Defend_B","Defend_B+1","Zap+1","Dualcast+1","Capacitor+1","Doom and Gloom+1","Glacier","White Noise+1","Consume+1","Gash","Buffer","Glacier+1","Self Repair"],"relics":["Cracked Core","Lantern","Singing Bowl","Fusion Hammer","War Paint","Whetstone"],"potions_floor_usage":[10,11,12,14,22],"damage_taken":[{"damage":0,"enemies":"Small Slimes","floor":1,"turns":2},{"damage":6,"enemies":"2 Louse","floor":3,"turns":3},{"damage":1,"enemies":"Jaw Worm","floor":4,"turns":3},{"damage":8,"enemies":"Large Slime","floor":10,"turns":5},{"damage":3,"enemies":"Exordium Wildlife","floor":11,"turns":5},{"damage":6,"enemies":"Lots of Slimes","floor":12,"turns":2},{"damage":5,"enemies":"2 Fungi Beasts","floor":14,"turns":3},{"damage":19,"enemies":"Hexaghost","floor":16,"turns":9},{"damage":21,"enemies":"Spheric Guardian","floor":18,"turns":6},{"damage":0,"enemies":"Shell Parasite","floor":19,"turns":5},{"damage":51,"enemies":"3 Cultists","floor":22,"turns":5}],"seed_played":"7919095644743419537","potions_obtained":[{"floor":1,"key":"Dexterity Potion"},{"floor":3,"key":"LiquidBronze"},{"floor":11,"key":"Fruit Juice"},{"floor":12,"key":"Fire Potion"},{"floor":18,"key":"LiquidBronze"}],"is_trial":false,"path_per_floor":["M","$","M","M","?","R","?","R","T","M","M","M","R","M","R","B",null,"M","M","$","?"],"character_chosen":"DEFECT","items_purchased":["Doom and Gloom","War Paint","Whetstone"],"campfire_rested":0,"item_purchase_floors":[2,20,20],"current_hp_per_floor":[68,68,62,61,61,61,61,61,61,53,55,51,51,53,53,34,70,49,49,49,49,0],"gold":129,"neow_bonus":"UPGRADE_CARD","is_prod":false,"is_daily":false,"chose_seed":false,"campfire_upgraded":4,"win_rate":0,"timestamp":1537054778,"path_taken":["M","$","M","M","?","R","?","R","T","?","M","M","R","M","R","BOSS","M","M","$","?","M"],"build_version":"2018-09-06","purchased_purges":1,"victory":false,"max_hp_per_floor":[75,75,75,75,75,75,75,75,75,75,80,82,82,82,82,82,82,82,82,82,82,82],"card_choices":[{"not_picked":["Sweeping Beam","Streamline"],"picked":"Capacitor","floor":1},{"not_picked":["Coolheaded","Streamline"],"picked":"Glacier","floor":3},{"not_picked":["Go for the Eyes","Streamline","Turbo"],"picked":"SKIP","floor":4},{"not_picked":["Steam Power","Hologram"],"picked":"White Noise","floor":10},{"not_picked":["Heatsinks","Reprogram"],"picked":"Consume","floor":11},{"not_picked":["Echo Form","Hello World","Gash"],"picked":"Singing Bowl","floor":12},{"not_picked":["Genetic Algorithm","Ball Lightning"],"picked":"Gash","floor":14},{"not_picked":["Hyperbeam","Core Surge"],"picked":"Buffer","floor":16},{"not_picked":["Coolheaded","Compile Driver+1"],"picked":"Glacier+1","floor":18},{"not_picked":["Redo","Scrape+1"],"picked":"Self Repair","floor":19}],"player_experience":211160,"relics_obtained":[{"floor":9,"key":"Singing Bowl"}],"event_choices":[{"event_name":"Liars Game","player_choice":"agreed","floor":5,"damage_taken":0},{"event_name":"Dead Adventurer","player_choice":"Searched \u00271\u0027 times","floor":7,"damage_taken":0},{"event_name":"Vampires","player_choice":"Ignored","floor":21,"damage_taken":0}],"is_beta":false,"boss_relics":[{"not_picked":["Runic Dome","Philosopher\u0027s Stone"],"picked":"Fusion Hammer"}],"items_purged_floors":[20],"is_endless":false,"potions_floor_spawned":[1,3,11,12,18],"killed_by":"3 Cultists","ascension_level":6}