{"gold_per_floor":[115,115,40,40,58,58,58,58,58,83,95,95,127,127,127,198,198,217,230,246,265,265,265],"floor_reached":23,"playtime":917,"items_purged":["Decay"],"score":358,"play_id":"0ea5dc7f-19e6-4d10-af2e-f241ec01cf06","local_time":"20181019231942","is_ascension_mode":true,"campfire_choices":[{"data":"Zap","floor":6,"key":"SMITH"},{"data":"Dualcast","floor":8,"key":"SMITH"},{"data":"Lockon","floor":12,"key":"SMITH"},{"data":"Static Discharge","floor":15,"key":"SMITH"}],"neow_cost":"CURSE","seed_source_timestamp":565279811690843,"circlet_count":0,"master_deck":["Strike_B+1","Strike_B+1","Strike_B+1","Defend_B+1","Defend_B+1","Defend_B+1","Defend_B+1","Zap+1","Dualcast+1","AscendersBane","Conserve Battery","Auto Shields","Lockon+1","Cold Snap","Glacier","Static Discharge+1","Machine Learning","Self Repair","Capacitor","Ball Lightning","Go for the Eyes"],"relics":["Cracked Core","StoneCalendar","Potion Belt","Gremlin Horn","Mercury Hourglass","Dodecahedron","Nuclear Battery"],"potions_floor_usage":[21,23],"damage_taken":[{"damage":6,"enemies":"2 Louse","floor":1,"turns":2},{"damage":0,"enemies":"Small Slimes","floor":5,"turns":3},{"damage":12,"enemies":"Lagavulin","floor":10,"turns":7},{"damage":1,"enemies":"Jaw Worm","floor":11,"turns":2},{"damage":12,"enemies":"Gremlin Nob","floor":13,"turns":4},{"damage":13,"enemies":"Slime Boss","floor":16,"turns":7},{"damage":16,"enemies":"Chosen","floor":18,"turns":5},{"damage":0,"enemies":"Shell Parasite","floor":19,"turns":7},{"damage":24,"enemies":"Snecko","floor":20,"turns":7},{"damage":7,"enemies":"Centurion and Healer","floor":21,"turns":8},{"damage":31,"enemies":"Chosen and Byrds","floor":23,"turns":5}],"seed_played":"-2469856917372232115","potions_obtained":[{"floor":16,"key":"Strength Potion"},{"floor":20,"key":"Energy Potion"},{"floor":21,"key":"Weak Potion"}],"is_trial":false,"path_per_floor":["M","?","$","?","M","R","?","R","T","E","M","R","E","?","R","B",null,"M","M","M","M","?"],"character_chosen":"DEFECT","items_purchased":[],"campfire_rested":0,"item_purchase_floors":[],"current_hp_per_floor":[58,58,58,53,53,53,53,53,53,41,40,40,28,28,28,15,57,41,48,31,31,31,0],"gold":265,"neow_bonus":"ONE_RARE_RELIC","is_prod":false,"is_daily":false,"chose_seed":false,"campfire_upgraded":4,"win_rate":0,"timestamp":1539983982,"path_taken":["M","?","$","?","M","R","?","R","T","E","?","R","E","?","R","BOSS","M","M","?","?","?","M"],"build_version":"2018-10-18","purchased_purges":1,"victory":false,"max_hp_per_floor":[71,71,71,71,71,71,71,71,71,71,71,71,71,71,71,71,71,71,71,71,71,71,71],"card_choices":[{"not_picked":["Steam","Redo"],"picked":"Conserve Battery","floor":1},{"not_picked":["Hologram","Aggregate"],"picked":"Auto Shields","floor":5},{"not_picked":["Undo","Gash"],"picked":"Lockon","floor":10},{"not_picked":["Scrape","Lockon"],"picked":"Cold Snap","floor":11},{"not_picked":["Reboot","Leap"],"picked":"Glacier","floor":13},{"not_picked":["Core Surge","Reboot"],"picked":"Machine Learning","floor":16},{"not_picked":["Turbo","Chill"],"picked":"Self Repair","floor":18},{"not_picked":["Reprogram+1","Steam"],"picked":"Capacitor","floor":19},{"not_picked":["Genetic Algorithm","Gash"],"picked":"Ball Lightning","floor":20},{"not_picked":["All For One","Reinforced Body"],"picked":"Go for the Eyes","floor":21}],"player_experience":250122,"relics_obtained":[{"floor":9,"key":"Gremlin Horn"},{"floor":10,"key":"Mercury Hourglass"},{"floor":13,"key":"Dodecahedron"}],"event_choices":[{"damage_healed":0,"gold_gain":0,"player_choice":"Ignored","damage_taken":0,"max_hp_gain":0,"max_hp_loss":0,"event_name":"Shining Light","floor":2,"gold_loss":0},{"damage_healed":0,"gold_gain":0,"player_choice":"Success","damage_taken":5,"relics_obtained":["Potion Belt"],"max_hp_gain":0,"max_hp_loss":0,"event_name":"Scrap Ooze","floor":4,"gold_loss":0},{"damage_healed":0,"gold_gain":0,"player_choice":"Ignored","damage_taken":0,"max_hp_gain":0,"max_hp_loss":0,"event_name":"Golden Idol","floor":7,"gold_loss":0},{"damage_healed":0,"gold_gain":0,"cards_transformed":["Strike_B"],"player_choice":"Change","damage_taken":0,"max_hp_gain":0,"max_hp_loss":0,"event_name":"Living Wall","floor":14,"gold_loss":0,"cards_obtained":["Static Discharge"]},{"damage_healed":0,"gold_gain":0,"player_choice":"Simplicity","damage_taken":0,"max_hp_gain":0,"max_hp_loss":0,"event_name":"Back to Basics","floor":22,"gold_loss":0,"cards_upgraded":["Strike_B","Strike_B","Strike_B","Defend_B","Defend_B","Defend_B","Defend_B"]}],"is_beta":true,"boss_relics":[{"not_picked":["Runic Dome","Tiny House"],"picked":"Nuclear Battery"}],"items_purged_floors":[3],"is_endless":false,"potions_floor_spawned":[16,20,21],"killed_by":"Chosen and Byrds","ascension_level":16}