{"path_per_floor":["M","$","?","M","M","R","E","M","T","$","M","M","R","M","R","B",null,"M","$","M","?","?","R","M","R","T","T","$","M","?","M","R","B",null,"M","M","$","?","?","R","?","R","T","$","R","E","R","M","R","B"],"character_chosen":"THE_SILENT","items_purchased":["Orichalcum","Molten Egg 2","Adrenaline"],"gold_per_floor":[311,80,255,266,277,277,303,321,321,81,99,117,117,134,134,239,239,252,152,163,163,163,163,174,174,174,174,102,113,113,131,131,227,227,241,252,127,127,0,0,0,0,0,0,0,32,32,51,51,51],"floor_reached":51,"campfire_rested":3,"playtime":1842,"current_hp_per_floor":[67,67,67,64,60,60,52,52,52,52,46,44,44,39,60,5,70,68,68,68,68,68,68,50,50,50,50,50,37,21,21,42,32,70,64,49,49,49,49,49,49,49,49,49,49,39,60,55,55,33],"items_purged":["Defend_G","Doubt","Writhe"],"gold":51,"score":738,"play_id":"bf6d4ce7-7262-4582-969f-13ec268c2a69","local_time":"20180330171421","is_prod":false,"is_daily":false,"is_ascension_mode":true,"campfire_upgraded":4,"timestamp":1522422861,"path_taken":["M","$","?","M","M","R","E","M","T","$","M","M","R","M","R","BOSS","M","$","M","?","?","R","M","R","T","?","?","M","?","M","R","BOSS","M","?","$","?","?","R","?","R","T","?","R","E","R","M","R","BOSS"],"build_version":"2018-03-29v2","purchased_purges":3,"victory":true,"master_deck":["Neutralize+1","Quick Slash","Skewer+1","Backflip","Distraction","Outmaneuver","Outmaneuver+1","Doppelganger+1","Sucker Punch+1","Concentrate","Underhanded Strike+1","Dash+1","Quick Slash+1","Poisoned Stab+1","Skewer+1","Outmaneuver+1","Adrenaline+1","Acrobatics","Necronomicurse","Predator+1","Predator+1"],"max_hp_per_floor":[70,70,70,70,70,70,70,70,70,70,70,70,70,70,70,70,70,70,70,70,70,70,70,70,70,70,70,70,70,70,70,70,70,70,70,70,70,70,70,70,70,70,70,70,70,70,70,70,70,70],"relics":["Ring of the Snake","Old Coin","Orichalcum","Ginger","Bird Faced Urn","Molten Egg 2","Pandora\u0027s Box","Lantern","Sundial","Peace Pipe","Necronomicon","Runic Pyramid","Red Mask","Happy Flower","Matryoshka"],"card_choices":[{"not_picked":["Underhanded Strike","Flying Knee"],"picked":"Quick Slash","floor":1},{"not_picked":["Dodge and Roll","Deflect"],"picked":"Cloak And Dagger","floor":4},{"not_picked":["Cloak And Dagger","A Thousand Cuts"],"picked":"Skewer","floor":5},{"not_picked":["Slice","Dagger Throw"],"picked":"Backflip","floor":7},{"not_picked":["Bullet Time","Slice"],"picked":"Distraction","floor":8},{"not_picked":["Bane","Deflect"],"picked":"Outmaneuver","floor":11},{"not_picked":["Heel Hook","Endless Agony"],"picked":"Outmaneuver","floor":12},{"not_picked":["Bullet Time","Wraith Form"],"picked":"Doppelganger","floor":16},{"not_picked":["Distraction","Deflect"],"picked":"Skewer","floor":18},{"not_picked":["Bane","Cloak And Dagger"],"picked":"Outmaneuver","floor":24},{"not_picked":["Finisher","Dodge and Roll"],"picked":"Acrobatics","floor":29},{"not_picked":["Slice","Backflip"],"picked":"Predator","floor":36},{"not_picked":["Accuracy","Storm of Steel"],"picked":"Predator","floor":46}],"player_experience":157050,"potions_floor_usage":[24,33,36,50,50],"damage_taken":[{"damage":3,"enemies":"2 Louse","floor":1,"turns":3},{"damage":3,"enemies":"Jaw Worm","floor":4,"turns":3},{"damage":4,"enemies":"Cultist","floor":5,"turns":4},{"damage":8,"enemies":"3 Sentries","floor":7,"turns":8},{"damage":0,"enemies":"3 Louse","floor":8,"turns":3},{"damage":6,"enemies":"Exordium Wildlife","floor":11,"turns":4},{"damage":2,"enemies":"Blue Slaver","floor":12,"turns":3},{"damage":5,"enemies":"Looter","floor":14,"turns":3},{"damage":55,"enemies":"Hexaghost","floor":16,"turns":12},{"damage":2,"enemies":"Spheric Guardian","floor":18,"turns":4},{"damage":0,"enemies":"Chosen","floor":20,"turns":3},{"damage":18,"enemies":"Centurion and Healer","floor":24,"turns":4},{"damage":13,"enemies":"Snake Plant","floor":29,"turns":3},{"damage":0,"enemies":"Snecko","floor":31,"turns":2},{"damage":10,"enemies":"Automaton","floor":33,"turns":3},{"damage":6,"enemies":"Orb Walker","floor":35,"turns":2},{"damage":15,"enemies":"3 Shapes","floor":36,"turns":4},{"damage":10,"enemies":"2 Orb Walkers","floor":46,"turns":3},{"damage":5,"enemies":"3 Darklings","floor":48,"turns":3},{"damage":34,"enemies":"Donu and Deca","floor":50,"turns":5}],"event_choices":[{"event_name":"Liars Game","player_choice":"agreed","floor":3,"damage_taken":0},{"event_name":"The Mausoleum","player_choice":"Yes","floor":21,"damage_taken":0},{"event_name":"Vampires","player_choice":"Ignored","floor":22,"damage_taken":0},{"event_name":"Cursed Tome","player_choice":"Obtained Book","floor":30,"damage_taken":0},{"event_name":"Accursed Blacksmith","player_choice":"Forge","floor":38,"damage_taken":0},{"event_name":"Tomb of Lord Red Mask","player_choice":"Paid","floor":39,"damage_taken":0}],"boss_relics":[{"not_picked":["Cursed Key","Velvet Choker"],"picked":"Pandora\u0027s Box"},{"not_picked":["The Specimen","Orrery"],"picked":"Runic Pyramid"}],"potions_floor_spawned":[7,8,11,12,29,31,33,35],"seed_played":"6255453282038217517","ascension_level":2,"is_trial":false}