{"gold_per_floor":[117,67,10,22,22,22,47,47,97,34,34,34,51,51,51,125,125,136,156,56,56,66,66,83,83],"floor_reached":25,"playtime":1012,"items_purged":["Strike_B","Strike_B"],"score":342,"play_id":"1a92fddb-c1ad-46d5-bc4f-b40a2e55647e","local_time":"20180922114513","is_ascension_mode":true,"campfire_choices":[{"data":"Dualcast","floor":6,"key":"SMITH"},{"floor":12,"key":"REST"},{"data":"Cold Snap","floor":15,"key":"SMITH"},{"data":"J.A.X.","floor":23,"key":"SMITH"}],"neow_cost":"NONE","seed_source_timestamp":600808175797023,"circlet_count":0,"master_deck":["Strike_B","Defend_B","Defend_B","Zap+1","Dualcast+1","AscendersBane","Melter","Ball Lightning","Cold Snap+1","Echo Form","Cold Snap","Cold Snap","J.A.X.+1"],"relics":["Cracked Core","Strawberry","Shovel","MawBank","Boot","Inserter"],"potions_floor_usage":[7,7,16],"damage_taken":[{"damage":2,"enemies":"Jaw Worm","floor":1,"turns":3},{"damage":0,"enemies":"Small Slimes","floor":4,"turns":3},{"damage":20,"enemies":"Lagavulin","floor":7,"turns":5},{"damage":0,"enemies":"Cultist","floor":8,"turns":2},{"damage":1,"enemies":"Looter","floor":13,"turns":2},{"damage":32,"enemies":"Hexaghost","floor":16,"turns":7},{"damage":5,"enemies":"Chosen","floor":18,"turns":4},{"damage":0,"enemies":"Spheric Guardian","floor":19,"turns":2},{"damage":10,"enemies":"Snecko","floor":22,"turns":6},{"damage":27,"enemies":"Centurion and Healer","floor":24,"turns":6},{"damage":27,"enemies":"Shelled Parasite and Fungi","floor":25,"turns":2}],"seed_played":"659910158937420979","potions_obtained":[{"floor":1,"key":"EssenceOfSteel"},{"floor":4,"key":"EssenceOfSteel"},{"floor":7,"key":"FocusPotion"}],"is_trial":false,"path_per_floor":["M","?","?","M","?","R","E","M","T","$","?","R","M","?","R","B",null,"M","M","$","?","M","R","M"],"character_chosen":"DEFECT","items_purchased":[],"campfire_rested":1,"item_purchase_floors":[],"current_hp_per_floor":[62,62,69,69,69,69,49,49,49,49,49,72,71,64,64,32,67,62,62,62,62,52,52,25,0],"gold":83,"neow_bonus":"REMOVE_CARD","is_prod":false,"is_daily":false,"chose_seed":false,"campfire_upgraded":3,"win_rate":0,"timestamp":1537609513,"path_taken":["M","?","?","M","?","R","E","?","T","?","?","R","?","?","R","BOSS","M","M","$","?","M","R","M","M"],"build_version":"2018-09-20","purchased_purges":2,"victory":false,"max_hp_per_floor":[71,71,78,78,78,78,78,78,78,78,78,78,78,78,78,78,78,78,78,78,78,78,78,78,78],"card_choices":[{"not_picked":["Lockon","Turbo","Compile Driver"],"picked":"SKIP","floor":1},{"not_picked":["Rip and Tear","Force Field"],"picked":"Melter","floor":4},{"not_picked":["Beam Cell","Steam"],"picked":"Ball Lightning","floor":7},{"not_picked":["Ball Lightning","Lockon"],"picked":"Cold Snap","floor":8},{"not_picked":["Turbo","Go for the Eyes","Double Energy"],"picked":"SKIP","floor":13},{"not_picked":["Machine Learning","Rainbow"],"picked":"Echo Form","floor":16},{"not_picked":["Compile Driver","Beam Cell+1"],"picked":"Cold Snap","floor":18},{"not_picked":["Stack+1","Genetic Algorithm"],"picked":"Cold Snap","floor":19},{"not_picked":["Leap","Redo","Compile Driver"],"picked":"SKIP","floor":22},{"not_picked":["Streamline","Go for the Eyes","Gash"],"picked":"SKIP","floor":24}],"player_experience":535558,"relics_obtained":[{"floor":7,"key":"Shovel"},{"floor":9,"key":"MawBank"}],"event_choices":[{"event_name":"The Cleric","player_choice":"Card Removal","floor":2,"damage_taken":0},{"event_name":"WeMeetAgain","player_choice":"Gold","floor":3,"damage_taken":0},{"event_name":"Upgrade Shrine","player_choice":"Upgraded","floor":5,"damage_taken":0},{"event_name":"Purifier","player_choice":"One Purge","floor":11,"damage_taken":0},{"event_name":"Scrap Ooze","player_choice":"success","floor":14,"damage_taken":7},{"event_name":"Drug Dealer","player_choice":"Got JAX","floor":21,"damage_taken":0}],"is_beta":false,"boss_relics":[{"not_picked":["Pandora\u0027s Box","Black Star"],"picked":"Inserter"}],"items_purged_floors":[10,20],"is_endless":false,"potions_floor_spawned":[1,4,7],"killed_by":"Shelled Parasite and Fungi","ascension_level":14}