{"gold_per_floor":[116,132,148,166,178,190,190,209,233,233,249,249,314,32,32,129,129,147,147,147,163,177,177,177],"floor_reached":24,"playtime":1311,"items_purged":[],"score":192,"play_id":"a430ff0a-284e-4153-8487-52f4f94bd913","local_time":"20180719220347","is_ascension_mode":false,"campfire_choices":[{"data":"Combust","floor":7,"key":"SMITH"},{"data":"Berserk","floor":10,"key":"SMITH"},{"data":"Armaments","floor":12,"key":"SMITH"},{"floor":15,"key":"REST"},{"floor":23,"key":"REST"}],"neow_cost":"NONE","seed_source_timestamp":768954462180795,"circlet_count":0,"master_deck":["Strike_R","Strike_R","Strike_R","Strike_R","Strike_R","Defend_R","Defend_R","Defend_R","Defend_R","Bash","Flex","Combust+1","Armaments+1","Armaments","Berserk+1","Metallicize","Dropkick","Intimidate","Flex","Iron Wave","Berserk","Spot Weakness","Intimidate","Demon Form"],"relics":["Burning Blood","Happy Flower","Orichalcum","Champion Belt","Ornamental Fan","Runic Cube","Smiling Mask"],"potions_floor_usage":[13,13,18,24],"damage_taken":[{"damage":1,"enemies":"Cultist","floor":1,"turns":3},{"damage":11,"enemies":"Jaw Worm","floor":2,"turns":2},{"damage":8,"enemies":"Small Slimes","floor":3,"turns":3},{"damage":14,"enemies":"Blue Slaver","floor":4,"turns":3},{"damage":16,"enemies":"2 Fungi Beasts","floor":5,"turns":3},{"damage":1,"enemies":"Large Slime","floor":6,"turns":4},{"damage":3,"enemies":"Exordium Wildlife","floor":8,"turns":3},{"damage":18,"enemies":"3 Louse","floor":11,"turns":5},{"damage":7,"enemies":"Gremlin Nob","floor":13,"turns":5},{"damage":34,"enemies":"The Guardian","floor":16,"turns":10},{"damage":30,"enemies":"Shell Parasite","floor":18,"turns":6},{"damage":19,"enemies":"Chosen","floor":21,"turns":4},{"damage":37,"enemies":"Snake Plant","floor":22,"turns":5},{"damage":56,"enemies":"Cultist and Chosen","floor":24,"turns":6}],"seed_played":"-5263763750898968468","potions_obtained":[{"floor":4,"key":"Ancient Potion"},{"floor":5,"key":"EssenceOfSteel"},{"floor":11,"key":"Ancient Potion"},{"floor":16,"key":"Poison Potion"},{"floor":22,"key":"Poison Potion"}],"is_trial":false,"path_per_floor":["M","M","M","M","M","M","R","M","T","R","M","R","?","$","R","B",null,"M","?","?","M","M","R"],"character_chosen":"IRONCLAD","items_purchased":["Ornamental Fan","Iron Wave"],"campfire_rested":2,"item_purchase_floors":[14,14],"current_hp_per_floor":[80,75,73,65,55,60,60,63,63,63,51,51,50,50,74,46,80,56,56,56,43,12,36,0],"gold":177,"neow_bonus":"RANDOM_COMMON_RELIC","is_prod":false,"is_daily":false,"chose_seed":false,"campfire_upgraded":3,"win_rate":0.0,"timestamp":1532030627,"path_taken":["M","?","M","M","M","M","R","M","T","R","?","R","?","?","R","BOSS","M","?","?","?","M","R","M"],"build_version":"2018-07-12","purchased_purges":0,"victory":false,"max_hp_per_floor":[80,80,80,80,80,80,80,80,80,80,80,80,80,80,80,80,80,80,80,80,80,80,80,80],"card_choices":[{"not_picked":["Cleave","Clothesline"],"picked":"Flex","floor":1},{"not_picked":["Havoc","Flex"],"picked":"Combust","floor":2},{"not_picked":["Sword Boomerang","Clothesline"],"picked":"Armaments","floor":3},{"not_picked":["Clothesline","Iron Wave"],"picked":"Armaments","floor":4},{"not_picked":["Anger","Heavy Blade"],"picked":"Berserk","floor":5},{"not_picked":["Body Slam","Ghostly Armor"],"picked":"Metallicize","floor":6},{"not_picked":["Ghostly Armor","Shockwave"],"picked":"Dropkick","floor":8},{"not_picked":["Cleave","Thunderclap"],"picked":"Intimidate","floor":11},{"not_picked":["Headbutt","Entrench"],"picked":"Flex","floor":13},{"not_picked":["Immolate","Dark Embrace"],"picked":"Berserk","floor":16},{"not_picked":["Blood for Blood","Clash"],"picked":"Spot Weakness","floor":18},{"not_picked":["Headbutt","Clothesline"],"picked":"Intimidate","floor":21},{"not_picked":["Body Slam","Headbutt"],"picked":"Demon Form","floor":22}],"player_experience":61627,"relics_obtained":[{"floor":9,"key":"Orichalcum"}],"event_choices":[{"event_name":"Dead Adventurer","player_choice":"Searched \u00272\u0027 times","floor":13,"damage_taken":0},{"event_name":"Beggar","player_choice":"Ignored","floor":19,"damage_taken":0},{"event_name":"The Mausoleum","player_choice":"Yes","floor":20,"damage_taken":0}],"boss_relics":[{"not_picked":["Velvet Choker","Runic Dome"],"picked":"Runic Cube"}],"items_purged_floors":[],"is_endless":false,"potions_floor_spawned":[4,5,11,16,22],"killed_by":"Cultist and Chosen","ascension_level":0}