{"path_per_floor":["M","M","M","?","M","E","M","M","T","R","M","R","?","M","R","B",null,"M","M","?","M","M","E","M","R","T","R","?","$","?","$","R","B",null,"M","$","M","$","?","R","M","E","T","E","R","?","M","M","R"],"character_chosen":"IRONCLAD","items_purchased":["Armaments","Vajra","Panache"],"gold_per_floor":[117,137,149,149,168,200,216,227,250,250,263,263,263,279,279,383,383,383,383,383,383,383,383,383,383,383,383,383,206,206,0,0,0,0,0,0,0,0,0,0,0,0,0,0,0,0,0,0,0,0],"floor_reached":50,"campfire_rested":3,"playtime":3196,"current_hp_per_floor":[80,80,80,80,80,56,64,66,66,66,74,74,79,85,85,68,85,77,76,60,72,59,38,24,52,52,80,80,80,80,80,80,45,96,96,96,102,102,92,92,91,91,91,57,87,87,88,100,100,0],"items_purged":[],"gold":0,"score":603,"play_id":"d5bb550e-32f6-404d-be24-cefde10f52e9","local_time":"20180407133229","is_prod":false,"is_daily":false,"is_ascension_mode":false,"campfire_upgraded":6,"timestamp":1523104349,"path_taken":["M","?","M","?","?","E","M","?","T","R","?","R","?","M","R","BOSS","M","M","?","M","M","E","M","R","T","R","?","$","?","?","R","BOSS","M","?","M","$","?","R","M","E","T","E","R","?","M","?","R","BOSS"],"build_version":"2018-04-05v2","purchased_purges":0,"victory":false,"master_deck":["Defend_R","Defend_R","Defend_R","Defend_R","Bash+1","Spot Weakness+1","Carnage","Double Tap+1","Metallicize","Clash","Anger+1","Twin Strike","Headbutt","Rage","Feed","Clash","Anger","Flex","Anger","Anger+1","Armaments","Feed","Armaments+1","Bite","Bite","Bite","Bite","Bite","Panache","Rage+1","Carnage+1","Trip+1","Jack Of All Trades","Master of Strategy","Rampage+1","Inflame+1","Rampage+1","Seeing Red+1","Armaments+1"],"max_hp_per_floor":[80,80,80,80,80,80,80,80,80,80,80,80,85,85,85,85,85,85,85,90,90,93,96,96,96,96,96,96,96,96,96,96,96,96,96,96,102,102,102,102,102,102,102,102,102,102,105,105,105,105],"relics":["Black Blood","Whetstone","Pen Nib","Ectoplasm","Self Forming Clay","Ice Cream","Vajra","Toolbox","Letter Opener","Dream Catcher"],"card_choices":[{"not_picked":["True Grit","Body Slam"],"picked":"Spot Weakness"},{"not_picked":["Body Slam","Clash"],"picked":"Carnage"},{"not_picked":["Body Slam","Thunderclap"],"picked":"Double Tap"},{"not_picked":["Ghostly Armor","Shrug It Off"],"picked":"Metallicize"},{"not_picked":["Dark Embrace","Reckless Charge"],"picked":"Clash"},{"not_picked":["Iron Wave","Dropkick"],"picked":"Anger"},{"not_picked":["Body Slam","Searing Blow"],"picked":"Twin Strike"},{"not_picked":["Metallicize","Wild Strike"],"picked":"Headbutt"},{"not_picked":["Cleave","Bloodletting"],"picked":"Rage"},{"not_picked":["Barricade","Dark Embrace"],"picked":"Feed"},{"not_picked":["Intimidate","Sword Boomerang"],"picked":"Clash","floor":18},{"not_picked":["Infernal Blade","Ghostly Armor"],"picked":"Anger","floor":19},{"not_picked":["Shockwave","Headbutt"],"picked":"Flex","floor":21},{"not_picked":["Bloodletting","Body Slam"],"picked":"Anger","floor":22},{"not_picked":["Reaper","Hemokinesis"],"picked":"Anger","floor":23},{"not_picked":["Cleave","Intimidate"],"picked":"Armaments","floor":24},{"not_picked":["Anger","Intimidate"],"picked":"Rage","floor":35},{"not_picked":["Headbutt","Thunderclap"],"picked":"Carnage","floor":37},{"not_picked":["Madness","Thinking Ahead"],"picked":"Trip","floor":39},{"not_picked":["Bandage Up","Thinking Ahead"],"picked":"Jack Of All Trades","floor":39},{"not_picked":["Dramatic Entrance","Apotheosis"],"picked":"Master of Strategy","floor":39},{"not_picked":["Body Slam","Wild Strike"],"picked":"Rampage","floor":41},{"not_picked":["Corruption","Clash"],"picked":"Inflame","floor":44},{"not_picked":["True Grit","Spot Weakness"],"picked":"Rampage","floor":45},{"not_picked":["Wild Strike","Inflame"],"picked":"Seeing Red","floor":47},{"not_picked":["Sword Boomerang","Blood for Blood"],"picked":"Armaments","floor":48}],"player_experience":21773,"potions_floor_usage":[21,21,23,23,37,41,42,42,50],"damage_taken":[{"damage":6.0,"enemies":"Cultist","floor":1.0,"turns":3.0},{"damage":1.0,"enemies":"Jaw Worm","floor":2.0,"turns":3.0},{"damage":0.0,"enemies":"2 Louse","floor":3.0,"turns":2.0},{"damage":3.0,"enemies":"Red Slaver","floor":5.0,"turns":2.0},{"damage":30.0,"enemies":"Lagavulin","floor":6.0,"turns":5.0},{"damage":0.0,"enemies":"Gremlin Gang","floor":7.0,"turns":3.0},{"damage":6.0,"enemies":"3 Louse","floor":8.0,"turns":3.0},{"damage":0.0,"enemies":"2 Fungi Beasts","floor":11.0,"turns":3.0},{"damage":0.0,"enemies":"Large Slime","floor":14.0,"turns":4.0},{"damage":23.0,"enemies":"Slime Boss","floor":16.0,"turns":10.0},{"damage":14,"enemies":"Chosen","floor":18,"turns":3},{"damage":9,"enemies":"3 Byrds","floor":19,"turns":5},{"damage":2,"enemies":"Sentry and Sphere","floor":21,"turns":3},{"damage":24,"enemies":"3 Cultists","floor":22,"turns":5},{"damage":32,"enemies":"Slavers","floor":23,"turns":4},{"damage":22,"enemies":"Snecko","floor":24,"turns":4},{"damage":57,"enemies":"Automaton","floor":33,"turns":7},{"damage":9,"enemies":"3 Darklings","floor":35,"turns":4},{"damage":9,"enemies":"3 Shapes","floor":37,"turns":3},{"damage":15,"enemies":"Maw","floor":41,"turns":5},{"damage":14,"enemies":"2 Orb Walkers","floor":42,"turns":3},{"damage":55,"enemies":"Giant Head","floor":44,"turns":8},{"damage":17,"enemies":"3 Darklings","floor":47,"turns":5},{"damage":5,"enemies":"Sphere and 2 Shapes","floor":48,"turns":3},{"damage":116,"enemies":"Time Eater","floor":50,"turns":10}],"event_choices":[{"event_name":"Liars Game","player_choice":"disagreed","floor":4.0,"damage_taken":0.0},{"event_name":"Big Fish","player_choice":"Donut","floor":13.0,"damage_taken":0.0},{"event_name":"Forgotten Altar","player_choice":"Shed Blood","floor":20,"damage_taken":0},{"event_name":"Duplicator","player_choice":"One dupe","floor":28,"damage_taken":0},{"event_name":"Vampires","player_choice":"Became a vampire (Vial)","floor":30,"damage_taken":0},{"event_name":"SensoryStone","player_choice":"Memory 3","floor":39,"damage_taken":0},{"event_name":"Mysterious Sphere","player_choice":"Ignore","floor":46,"damage_taken":0}],"boss_relics":[{"not_picked":["Runic Cube","Tiny House"],"picked":"Ectoplasm"},{"not_picked":["Eternal Feather","White Beast Statue"],"picked":"Black Blood"}],"potions_floor_spawned":[1,6,8,14,19,22,23,33,35,37,47],"seed_played":"-3283023333738579141","killed_by":"Time Eater","ascension_level":0,"is_trial":false}