{"gold_per_floor":[109,127,140,152,176,207,219,219,276,289,318,337,337,371,371,470,470,486,340,95,115,135,163,163,196,220,235,270,270,270,270,270,371,371,381,395,395,409,409,421,421,437,462,479,507,507,536,139,139,139,139,139,3,30,30],"floor_reached":55,"playtime":3877,"items_purged":["Regret","Regret"],"score":1165,"play_id":"4ff0679f-92a6-4ebe-9fdf-90c6dee07dbd","local_time":"20181227133447","is_ascension_mode":true,"campfire_choices":[{"data":"Perfected Strike","floor":8,"key":"SMITH"},{"data":"Spot Weakness","floor":13,"key":"SMITH"},{"floor":15,"key":"REST"},{"floor":24,"key":"RECALL"},{"data":"Feed","floor":30,"key":"SMITH"},{"floor":32,"key":"REST"},{"data":"Seeing Red","floor":41,"key":"SMITH"},{"floor":46,"key":"REST"},{"floor":49,"key":"REST"},{"data":"Limit Break","floor":52,"key":"SMITH"}],"neow_cost":"NONE","seed_source_timestamp":659164367638252,"circlet_count":0,"master_deck":["Strike_R+1","Strike_R+1","Strike_R+1","Strike_R+1","Strike_R+1","Defend_R+1","Defend_R+1","Defend_R+1","Defend_R+1","Bash","Shrug It Off","Perfected Strike+1","Whirlwind","Seeing Red+1","Perfected Strike","Pommel Strike","Spot Weakness+1","Armaments","Feed+1","Flame Barrier+1","Inflame","Wild Strike+1","Thunderclap","Fiend Fire","Uppercut","Twin Strike+1","Inflame+1","Reaper","Perfected Strike","Twin Strike+1","Pommel Strike+1","Injury","Heavy Blade+1","Whirlwind+1","Heavy Blade","Battle Trance","Limit Break+1","Disarm","Perfected Strike","Inflame+1","True Grit"],"relics":["Burning Blood","Red Skull","War Paint","Tiny Chest","Gambling Chip","Happy Flower","Cursed Key","Potion Belt","PreservedInsect","Whetstone","Bag of Marbles","Frozen Egg 2","Enchiridion","Runic Cube","Orichalcum","Juzu Bracelet","Torii","Bag of Preparation","Art of War"],"potions_floor_usage":[10,10,16,16,28,33,33,42,44,45,50,55,55,55],"damage_taken":[{"damage":1,"enemies":"Cultist","floor":1,"turns":3},{"damage":7,"enemies":"2 Louse","floor":2,"turns":2},{"damage":9,"enemies":"Jaw Worm","floor":3,"turns":5},{"damage":20,"enemies":"Exordium Wildlife","floor":4,"turns":5},{"damage":27,"enemies":"3 Sentries","floor":6,"turns":8},{"damage":3,"enemies":"Looter","floor":7,"turns":3},{"damage":9,"enemies":"Gremlin Gang","floor":10,"turns":6},{"damage":16,"enemies":"Gremlin Nob","floor":11,"turns":3},{"damage":0,"enemies":"Exordium Wildlife","floor":12,"turns":3},{"damage":14,"enemies":"3 Sentries","floor":14,"turns":4},{"damage":11,"enemies":"The Guardian","floor":16,"turns":8},{"damage":0,"enemies":"Chosen","floor":18,"turns":3},{"damage":10,"enemies":"3 Byrds","floor":21,"turns":4},{"damage":10,"enemies":"3 Cultists","floor":22,"turns":4},{"damage":5,"enemies":"Book of Stabbing","floor":23,"turns":3},{"damage":29,"enemies":"Slavers","floor":25,"turns":3},{"damage":0,"enemies":"Snecko","floor":27,"turns":2},{"damage":11,"enemies":"Gremlin Leader","floor":28,"turns":4},{"damage":70,"enemies":"Champ","floor":33,"turns":8},{"damage":32,"enemies":"3 Shapes","floor":35,"turns":5},{"damage":9,"enemies":"Orb Walker","floor":36,"turns":2},{"damage":11,"enemies":"Jaw Worm Horde","floor":38,"turns":2},{"damage":37,"enemies":"Maw","floor":40,"turns":6},{"damage":29,"enemies":"Spire Growth","floor":42,"turns":5},{"damage":8,"enemies":"Writhing Mass","floor":44,"turns":2},{"damage":29,"enemies":"Nemesis","floor":45,"turns":3},{"damage":35,"enemies":"Reptomancer","floor":47,"turns":4},{"damage":71,"enemies":"Donu and Deca","floor":50,"turns":6},{"damage":70,"enemies":"Shield and Spear","floor":54,"turns":5},{"damage":52,"enemies":"The Heart","floor":55,"turns":3}],"seed_played":"705217437395111419","potions_obtained":[{"floor":4,"key":"Block Potion"},{"floor":7,"key":"Weak Potion"},{"floor":12,"key":"Energy Potion"},{"floor":14,"key":"PowerPotion"},{"floor":16,"key":"SkillPotion"},{"floor":18,"key":"LiquidBronze"},{"floor":23,"key":"FearPotion"},{"floor":25,"key":"Swift Potion"},{"floor":36,"key":"Ancient Potion"},{"floor":40,"key":"Regen Potion"},{"floor":42,"key":"AttackPotion"},{"floor":44,"key":"BloodPotion"},{"floor":47,"key":"Dexterity Potion"}],"is_trial":false,"path_per_floor":["M","M","M","M","T","E","M","R","T","M","E","M","R","E","R","B",null,"M","?","$","M","M","E","R","E","T","M","E","?","R","?","R","B",null,"M","M","?","M","T","M","R","M","T","M","E","R","E","$","R","B",null,"R","$","E","B"],"character_chosen":"IRONCLAD","items_purchased":["PreservedInsect","Inflame","Wild Strike","Limit Break","Disarm","Perfected Strike","SteroidPotion","Inflame+1"],"campfire_rested":4,"item_purchase_floors":[20,20,20,48,48,48,48,53],"current_hp_per_floor":[85,84,81,67,67,46,49,49,49,46,36,42,42,34,60,55,80,89,89,89,88,87,88,88,65,65,71,69,69,69,53,83,23,84,80,77,77,72,72,47,47,55,55,53,41,74,55,55,88,49,96,96,96,32,0],"gold":30,"neow_bonus":"TEN_PERCENT_HP_BONUS","is_prod":false,"is_daily":false,"chose_seed":false,"campfire_upgraded":5,"win_rate":0,"timestamp":1545939287,"path_taken":["M","M","M","M","?","E","M","R","T","M","E","M","R","E","R","BOSS","M","?","$","?","M","E","R","E","T","M","E","?","R","?","R","BOSS","M","M","?","M","?","M","R","M","T","M","E","R","E","$","R","BOSS","R","$","E","BOSS"],"build_version":"2018-12-20","purchased_purges":2,"victory":false,"max_hp_per_floor":[88,88,88,88,88,88,88,88,88,88,88,88,88,88,88,88,88,91,91,91,94,97,97,97,97,97,97,100,100,100,100,100,104,104,108,108,108,108,108,108,108,112,112,112,112,112,112,112,112,112,112,112,112,112,112],"card_choices":[{"not_picked":["True Grit","Thunderclap"],"picked":"Shrug It Off","floor":1},{"not_picked":["Body Slam","Twin Strike","Havoc"],"picked":"SKIP","floor":2},{"not_picked":["Flex","Blood for Blood"],"picked":"Perfected Strike","floor":3},{"not_picked":["Thunderclap","Warcry"],"picked":"Whirlwind","floor":4},{"not_picked":["Bludgeon","Second Wind"],"picked":"Seeing Red","floor":6},{"not_picked":["Flex","Twin Strike"],"picked":"Perfected Strike","floor":7},{"not_picked":["Clash","Heavy Blade"],"picked":"Pommel Strike","floor":10},{"not_picked":["Corruption","Rage","Intimidate"],"picked":"SKIP","floor":11},{"not_picked":["Anger","Flex"],"picked":"Spot Weakness","floor":12},{"not_picked":["Hemokinesis","Whirlwind"],"picked":"Armaments","floor":14},{"not_picked":["Exhume","Dark Embrace"],"picked":"Feed","floor":16},{"not_picked":["Clothesline+1","Pummel"],"picked":"Flame Barrier+1","floor":18},{"not_picked":["Cleave","Flex"],"picked":"Thunderclap","floor":21},{"not_picked":["Armaments+1","Sentinel"],"picked":"Fiend Fire","floor":22},{"not_picked":["Sever Soul","Sword Boomerang"],"picked":"Uppercut","floor":23},{"not_picked":["Pommel Strike","Clash"],"picked":"Twin Strike+1","floor":25},{"not_picked":["Sentinel","Entrench"],"picked":"Inflame+1","floor":27},{"not_picked":["Bloodletting","Sentinel","Rampage"],"picked":"SKIP","floor":28},{"not_picked":["Barricade+1","Berserk+1"],"picked":"Reaper","floor":33},{"not_picked":["Sentinel","Thunderclap+1"],"picked":"Perfected Strike","floor":35},{"not_picked":["Blood for Blood+1","Fire Breathing+1"],"picked":"Twin Strike+1","floor":36},{"not_picked":["Wild Strike+1","Shrug It Off+1"],"picked":"Pommel Strike+1","floor":38},{"not_picked":["Ghostly Armor","Rampage"],"picked":"Heavy Blade+1","floor":40},{"not_picked":["Inflame+1","Heavy Blade"],"picked":"Whirlwind+1","floor":42},{"not_picked":["Inflame+1","Flex+1"],"picked":"Heavy Blade","floor":44},{"not_picked":["Burning Pact+1","Second Wind+1"],"picked":"Battle Trance","floor":45},{"not_picked":["Uppercut","Clash","Thunderclap"],"picked":"SKIP","floor":47},{"not_picked":["Fire Breathing+1","Barricade+1"],"picked":"True Grit","floor":54}],"player_experience":305833,"relics_obtained":[{"floor":5,"key":"Red Skull"},{"floor":6,"key":"War Paint"},{"floor":9,"key":"Tiny Chest"},{"floor":11,"key":"Gambling Chip"},{"floor":14,"key":"Happy Flower"},{"floor":23,"key":"Whetstone"},{"floor":25,"key":"Bag of Marbles"},{"floor":28,"key":"Frozen Egg 2"},{"floor":31,"key":"Enchiridion"},{"floor":39,"key":"Orichalcum"},{"floor":43,"key":"Juzu Bracelet"},{"floor":45,"key":"Torii"},{"floor":47,"key":"Bag of Preparation"},{"floor":54,"key":"Art of War"}],"event_choices":[{"damage_healed":0,"gold_gain":0,"player_choice":"Paid Gold","damage_taken":0,"relics_obtained":["Potion Belt"],"max_hp_gain":0,"max_hp_loss":0,"event_name":"WeMeetAgain","floor":19,"gold_loss":146},{"damage_healed":0,"gold_gain":0,"player_choice":"Simplicity","damage_taken":0,"max_hp_gain":0,"max_hp_loss":0,"event_name":"Back to Basics","floor":29,"gold_loss":0,"cards_upgraded":["Strike_R","Strike_R","Strike_R","Strike_R","Defend_R","Defend_R"]},{"damage_healed":0,"gold_gain":0,"player_choice":"Obtained Book","damage_taken":16,"max_hp_gain":0,"max_hp_loss":0,"event_name":"Cursed Tome","floor":31,"gold_loss":0},{"damage_healed":0,"gold_gain":0,"player_choice":"Ignored","damage_taken":0,"max_hp_gain":0,"max_hp_loss":0,"event_name":"Tomb of Lord Red Mask","floor":37,"gold_loss":0}],"is_beta":false,"boss_relics":[{"not_picked":["Philosopher\u0027s Stone","Pandora\u0027s Box"],"picked":"Cursed Key"},{"not_picked":["Astrolabe","Black Star"],"picked":"Runic Cube"}],"items_purged_floors":[48,53],"is_endless":false,"potions_floor_spawned":[4,7,12,14,16,18,23,25,36,40,42,44,47],"killed_by":"The Heart","ascension_level":7}