{"gold_per_floor":[113,113,66,78,78,104,104,122,172,207,224,224,67,85,85,160,190,205,55,55,46,46,46,46],"floor_reached":24,"playtime":1248,"items_purged":[],"score":382,"play_id":"66941b40-3853-42c5-b904-791dc53176b5","local_time":"20180710201017","is_ascension_mode":true,"campfire_choices":[{"data":"Neutralize","floor":7,"key":"SMITH"},{"floor":12,"key":"REST"},{"data":"Noxious Fumes","floor":15,"key":"SMITH"},{"floor":23,"key":"REST"}],"neow_cost":"NONE","seed_source_timestamp":1497734240498244,"circlet_count":0,"master_deck":["Defend_G","Defend_G","Defend_G","Defend_G","Defend_G","Strike_G","Strike_G","Strike_G+1","Strike_G","Strike_G","Survivor","Neutralize+1","AscendersBane","Poisoned Stab","Deadly Poison","Poisoned Stab","Neutralize","Escape Plan","Sucker Punch","Noxious Fumes+1","Sucker Punch","Tools of the Trade","Dagger Spray","Backstab+1","PiercingWail","Writhe"],"relics":["Ring of the Snake","Art of War","Centennial Puzzle","Bag of Preparation","Oddly Smooth Stone","Tiny House","Strawberry","Question Card"],"potions_floor_usage":[6,6,10,16,21],"damage_taken":[{"damage":9,"enemies":"Jaw Worm","floor":1,"turns":5},{"damage":3,"enemies":"2 Louse","floor":4,"turns":3},{"damage":5,"enemies":"Gremlin Nob","floor":6,"turns":4},{"damage":0,"enemies":"Cultist","floor":8,"turns":3},{"damage":16,"enemies":"3 Sentries","floor":10,"turns":8},{"damage":7,"enemies":"Exordium Thugs","floor":11,"turns":4},{"damage":0,"enemies":"Blue Slaver","floor":14,"turns":4},{"damage":52,"enemies":"Slime Boss","floor":16,"turns":13},{"damage":13,"enemies":"Shell Parasite","floor":18,"turns":6},{"damage":11,"enemies":"2 Thieves","floor":21,"turns":4},{"damage":72,"enemies":"Book of Stabbing","floor":24,"turns":7}],"seed_played":"-8030461427927101594","potions_obtained":[{"floor":1,"key":"Block Potion"},{"floor":4,"key":"Weak Potion"},{"floor":6,"key":"Strength Potion"},{"floor":14,"key":"AttackPotion"},{"floor":17,"key":"LiquidBronze"},{"floor":18,"key":"Ancient Potion"}],"is_trial":false,"path_per_floor":["M","?","$","M","?","E","R","M","T","E","M","R","$","M","R","B",null,"M","$","?","M","?","R"],"character_chosen":"THE_SILENT","items_purchased":["Deadly Poison","Oddly Smooth Stone","Strawberry"],"campfire_rested":2,"item_purchase_floors":[3,13,19],"current_hp_per_floor":[56,61,61,58,58,53,53,53,53,37,30,53,53,53,53,1,63,50,57,57,46,46,72,0],"gold":46,"neow_bonus":"TEN_PERCENT_HP_BONUS","is_prod":false,"is_daily":false,"chose_seed":false,"campfire_upgraded":2,"win_rate":0,"timestamp":1531278617,"path_taken":["M","?","?","M","?","E","R","M","T","E","M","R","$","M","R","BOSS","M","$","?","M","?","R","E"],"build_version":"2018-07-05","purchased_purges":0,"victory":false,"max_hp_per_floor":[72,77,77,77,77,77,77,77,77,77,77,77,77,77,77,77,82,82,89,89,89,89,89,89],"card_choices":[{"not_picked":["Escape Plan","Footwork"],"picked":"Poisoned Stab","floor":1},{"not_picked":["Distraction","Bane"],"picked":"Poisoned Stab","floor":4},{"not_picked":["Dagger Spray","Underhanded Strike"],"picked":"Escape Plan","floor":6},{"not_picked":["Setup","Cloak And Dagger"],"picked":"Sucker Punch","floor":8},{"not_picked":["Reflex","Storm of Steel"],"picked":"Noxious Fumes","floor":10},{"not_picked":["Well Laid Plans","Underhanded Strike"],"picked":"Sucker Punch","floor":11},{"not_picked":["Outmaneuver","Predator","Dagger Throw"],"picked":"SKIP","floor":14},{"not_picked":["Unload","Corpse Explosion"],"picked":"Tools of the Trade","floor":16},{"not_picked":["Finisher","Outmaneuver"],"picked":"Dagger Spray","floor":17},{"not_picked":["Well Laid Plans","Flechettes"],"picked":"Backstab+1","floor":18},{"not_picked":["Riddle With Holes+1","Predator"],"picked":"PiercingWail","floor":21}],"player_experience":360889,"relics_obtained":[{"floor":6,"key":"Art of War"},{"floor":9,"key":"Centennial Puzzle"},{"floor":10,"key":"Bag of Preparation"}],"event_choices":[{"event_name":"Big Fish","player_choice":"Donut","floor":2,"damage_taken":0},{"event_name":"Match and Keep!","player_choice":"1 cards matched","floor":5,"damage_taken":0},{"event_name":"Addict","player_choice":"Ignored","floor":20,"damage_taken":0},{"event_name":"The Mausoleum","player_choice":"Yes","floor":22,"damage_taken":0}],"boss_relics":[{"not_picked":["Velvet Choker","Pandora\u0027s Box"],"picked":"Tiny House"}],"items_purged_floors":[],"is_endless":false,"potions_floor_spawned":[1,4,6,14,18],"killed_by":"Book of Stabbing","ascension_level":15}