{"path_per_floor":["M","M","M","M","M","R","?","$","T","E","R","M","?","M","R","B",null,"M","?","?","?","M","E","R","E","T","R","M","E","$","M","R"],"character_chosen":"THE_SILENT","items_purchased":["A Thousand Cuts","War Paint","Tiny Chest"],"gold_per_floor":[114,133,149,165,180,180,180,17,17,44,44,61,61,80,80,176,176,192,192,192,192,212,240,240,270,295,295,305,335,72,88,88,88],"floor_reached":33,"campfire_rested":4,"playtime":1690,"current_hp_per_floor":[60,61,62,63,64,64,64,64,64,52,52,48,48,42,63,64,69,53,53,40,40,42,28,50,42,42,75,75,45,45,29,66,0],"items_purged":["Strike_G"],"gold":88,"score":461,"play_id":"b75c633d-b8c2-46dd-8dda-5af99e478c2a","local_time":"20180508221149","is_prod":false,"is_daily":false,"chose_seed":false,"is_ascension_mode":true,"campfire_upgraded":2,"timestamp":1525842709,"path_taken":["M","M","M","?","M","R","?","$","T","E","R","M","?","M","R","BOSS","M","?","?","?","M","E","R","E","T","R","M","E","?","M","R","BOSS"],"build_version":"2018-05-03","seed_source_timestamp":357706733448629,"purchased_purges":1,"victory":false,"master_deck":["Defend_G+1","Defend_G+1","Defend_G+1","Defend_G+1","Defend_G+1","Strike_G+1","Strike_G+1","Strike_G+1","Strike_G+1","Survivor","Neutralize+1","AscendersBane","Slice","Dagger Throw","Adrenaline+1","Backflip","A Thousand Cuts+1","Acrobatics","Quick Slash","Dagger Spray","Glass Knife","Blade Dance","Sucker Punch","Dodge and Roll+1","A Thousand Cuts","Dagger Spray","Deflect+1","Flying Knee"],"max_hp_per_floor":[70,70,70,70,70,70,70,70,70,70,70,70,70,70,70,70,70,70,70,75,75,75,75,75,75,75,75,75,75,75,75,75,75],"relics":["Ring of the Snake","Blood Vial","Shuriken","Tough Bandages","Sozu","The Courier","Mercury Hourglass","Regal Pillow","Darkstone Periapt","War Paint","Tiny Chest"],"card_choices":[{"not_picked":["Setup","Bane"],"picked":"Slice","floor":1},{"not_picked":["Acrobatics","Flechettes"],"picked":"Dagger Throw","floor":2},{"not_picked":["Outmaneuver","Backflip"],"picked":"Adrenaline","floor":4},{"not_picked":["Dagger Throw","Underhanded Strike"],"picked":"Backflip","floor":5},{"not_picked":["Calculated Gamble","Bane"],"picked":"Acrobatics","floor":10},{"not_picked":["Deadly Poison","PiercingWail"],"picked":"Quick Slash","floor":12},{"not_picked":["Well Laid Plans","Endless Agony"],"picked":"Dagger Spray","floor":14},{"not_picked":["Corpse Explosion","Grand Finale"],"picked":"Glass Knife","floor":16},{"not_picked":["PiercingWail","Masterful Stab"],"picked":"Blade Dance","floor":18},{"not_picked":["Predator","All Out Attack"],"picked":"Sucker Punch","floor":22},{"not_picked":["Heel Hook","Calculated Gamble"],"picked":"Dodge and Roll","floor":23},{"not_picked":["Infinite Blades","Dagger Spray"],"picked":"A Thousand Cuts","floor":25},{"not_picked":["Acrobatics","Poisoned Stab"],"picked":"Dagger Spray","floor":28},{"not_picked":["Bullet Time","Backflip"],"picked":"Deflect","floor":29},{"not_picked":["Underhanded Strike","Catalyst"],"picked":"Flying Knee","floor":31}],"player_experience":269716,"potions_floor_usage":[10,16,23,29],"damage_taken":[{"damage":5,"enemies":"Cultist","floor":1,"turns":5},{"damage":1,"enemies":"Small Slimes","floor":2,"turns":4},{"damage":1,"enemies":"Jaw Worm","floor":3,"turns":4},{"damage":1,"enemies":"Blue Slaver","floor":4,"turns":5},{"damage":1,"enemies":"2 Fungi Beasts","floor":5,"turns":4},{"damage":14,"enemies":"3 Sentries","floor":10,"turns":6},{"damage":6,"enemies":"Looter","floor":12,"turns":3},{"damage":8,"enemies":"Blue Slaver","floor":14,"turns":3},{"damage":1,"enemies":"The Guardian","floor":16,"turns":10},{"damage":17,"enemies":"2 Thieves","floor":18,"turns":3},{"damage":0,"enemies":"Chosen","floor":22,"turns":2},{"damage":16,"enemies":"Gremlin Leader","floor":23,"turns":5},{"damage":10,"enemies":"Book of Stabbing","floor":25,"turns":5},{"damage":0,"enemies":"Centurion and Healer","floor":28,"turns":3},{"damage":30,"enemies":"Slavers","floor":29,"turns":3},{"damage":18,"enemies":"Snecko","floor":31,"turns":3},{"damage":89,"enemies":"Automaton","floor":33,"turns":6}],"event_choices":[{"event_name":"Liars Game","player_choice":"disagreed","floor":7,"damage_taken":0},{"event_name":"Living Wall","player_choice":"Grow","floor":13,"damage_taken":0},{"event_name":"Addict","player_choice":"Ignored","floor":19,"damage_taken":0},{"event_name":"Forgotten Altar","player_choice":"Shed Blood","floor":20,"damage_taken":0},{"event_name":"Back to Basics","player_choice":"Simplicity","floor":21,"damage_taken":0}],"boss_relics":[{"not_picked":["Runic Pyramid","Orrery"],"picked":"Sozu"}],"potions_floor_spawned":[1,10,14,16,18,22,25],"seed_played":"3343960210563444044","killed_by":"Automaton","ascension_level":10,"is_trial":false}