{"path_per_floor":["M","M","M","M","$","E","?","M","T","R","M","?","$","M","R","B",null,"M","$","M","$","T"],"character_chosen":"THE_SILENT","items_purchased":[],"gold_per_floor":[115,126,142,162,87,112,112,131,131,131,147,147,47,57,57,157,157,170,45,57,57,130],"floor_reached":23,"campfire_rested":2,"playtime":3138,"current_hp_per_floor":[70,70,68,62,62,10,10,10,10,31,31,31,31,31,52,36,70,61,61,40,40,40],"items_purged":["Strike_G","Strike_G","Pain"],"gold":130,"play_id":"5a4fb339-a635-4fbc-9f94-1b564175af61","is_prod":false,"is_daily":false,"campfire_rituals":0,"campfire_upgraded":0,"is_hardmode":false,"path_taken":["M","M","M","M","$","E","?","M","T","R","M","?","$","M","R","BOSS","M","?","M","$","?","E"],"build_version":"2018-01-04-PROD1","purchased_purges":4,"victory":false,"master_deck":["Defend_G","Defend_G","Defend_G","Defend_G","Defend_G","Strike_G","Strike_G","Strike_G","Survivor","Neutralize","Slice","Prepared","All Out Attack","Poisoned Stab","Acrobatics","Backflip","Writhe","Deadly Poison","Bane","Tools of the Trade","Pain","Writhe","Parasite","Deadly Poison","Acrobatics"],"max_hp_per_floor":[70,70,70,70,70,70,70,70,70,70,70,70,70,70,70,70,70,70,70,70,70,70],"relics":["Cursed Key","Ninja Scroll","Torii","Calling Bell","Snake Skull","Centennial Puzzle","Omamori","Paper Crane"],"campfire_meditates":0,"card_choices":[{"not_picked":["Predator","Outmaneuver"],"picked":"Slice"},{"not_picked":["Sucker Punch","Dash"],"picked":"Prepared"},{"not_picked":["Footwork","Deflect"],"picked":"All Out Attack"},{"not_picked":["Outmaneuver","PiercingWail"],"picked":"Poisoned Stab"},{"not_picked":["PiercingWail","Prepared"],"picked":"Acrobatics"},{"not_picked":["Acrobatics","Dagger Throw"],"picked":"Backflip"},{"not_picked":["Poisoned Stab","Eviscerate"],"picked":"Deadly Poison"},{"not_picked":["Infinite Blades","Backflip"],"picked":"Bane"},{"not_picked":["A Thousand Cuts","Wraith Form"],"picked":"Tools of the Trade"},{"not_picked":["Skewer","Slice"],"picked":"Deadly Poison"},{"not_picked":["Deflect","Outmaneuver"],"picked":"Acrobatics"}],"player_experience":25962,"potions_floor_usage":[16,16,18],"damage_taken":[{"damage":0,"enemies":"Small Slimes","floor":1,"turns":5},{"damage":0,"enemies":"Cultist","floor":2,"turns":4},{"damage":2,"enemies":"Blue Slaver","floor":3,"turns":4},{"damage":6,"enemies":"Exordium Wildlife","floor":4,"turns":6},{"damage":52,"enemies":"Lagavulin","floor":6,"turns":10},{"damage":0,"enemies":"3 Louse","floor":8,"turns":3},{"damage":0,"enemies":"Exordium Thugs","floor":11,"turns":4},{"damage":0,"enemies":"Lots of Slimes","floor":14,"turns":1},{"damage":40,"enemies":"The Guardian","floor":16,"turns":9},{"damage":9,"enemies":"3 Byrds","floor":18,"turns":3},{"damage":21,"enemies":"Spheric Guardian","floor":20,"turns":5},{"damage":43,"enemies":"Gremlin Leader","floor":23,"turns":5}],"event_choices":[{"event_name":"Golden Idol","player_choice":"Ignored","floor":7,"damage_taken":0},{"event_name":"Living Wall","player_choice":"Grow","floor":12,"damage_taken":0}],"boss_relics":[{"not_picked":["Orrery","Ectoplasm"],"picked":"Calling Bell"}],"potions_floor_spawned":[1,6,11,14,16],"seed_played":"3228114742532903661","killed_by":"Gremlin Leader","is_trial":false}