{"path_per_floor":["M","M","?","M","?","E","$","R","T","E","M","$","E","M","R","B",null,"M","?","?","T","M","E","R","M","T","E","?","R","M","E","R","B",null,"M","$","?","M","M","E","R","E","T","R","M","R","?","M","R","B"],"character_chosen":"DEFECT","items_purchased":["Self Repair","Mummified Hand"],"gold_per_floor":[115,127,127,145,145,172,94,94,94,127,137,62,97,110,110,213,213,226,141,141,167,183,217,217,227,227,289,289,289,300,334,334,436,436,454,204,204,224,239,272,272,303,303,303,321,321,321,341,341,341],"floor_reached":51,"campfire_rested":4,"playtime":3758,"item_purchase_floors":[],"current_hp_per_floor":[81,80,64,57,62,41,41,71,71,61,56,56,55,45,75,41,101,101,101,85,85,97,94,94,83,83,51,51,81,74,68,68,25,101,101,101,101,101,96,47,77,74,74,74,73,83,83,90,90,52],"items_purged":["Strike_B"],"gold":341,"score":845,"play_id":"a9c1d19c-6a16-4def-ada7-aee6af4d1519","local_time":"20180527111048","is_prod":false,"is_daily":false,"chose_seed":false,"is_ascension_mode":true,"campfire_upgraded":0,"win_rate":0,"timestamp":1527444648,"campfire_choices":[{"floor":8.0,"key":"REST"},{"floor":15.0,"key":"REST"},{"floor":24.0,"key":"DIG"},{"floor":29.0,"key":"REST"},{"floor":32.0,"key":"DIG"},{"floor":41,"key":"REST"},{"floor":44,"key":"DIG"},{"floor":46,"key":"DIG"},{"floor":49,"key":"DIG"}],"path_taken":["M","M","?","?","?","E","?","R","T","E","?","$","E","M","R","BOSS","M","?","?","?","M","E","R","M","T","E","?","R","M","E","R","BOSS","M","$","?","M","M","E","R","E","T","R","M","R","?","M","R","BOSS"],"build_version":"2018-05-25","seed_source_timestamp":0,"purchased_purges":1,"victory":true,"master_deck":["Zap+1","Dualcast","Turbo","Echo Form","Recycle","Cold Snap","Self Repair","Double Energy+1","Turbo","Leap","Sweeping Beam","Hologram","Aggregate","Echo Form","Streamline","Stack","Static Discharge","Darkness+1","Storm","Amplify","Barrage","Storm+1","Streamline","Cold Snap","Hologram","Aggregate","Compile Driver","Go for the Eyes","Barrage","Coolheaded","BootSequence","Streamline","Lockon","Master of Strategy","Leap","Seek","Glacier+1","Hello World+1","Capacitor+1","Barrage","Cold Snap","Consume"],"max_hp_per_floor":[82,82,82,82,87,101,101,101,101,101,101,101,101,101,101,101,101,101,101,101,101,101,101,101,101,101,101,101,101,101,101,101,101,101,101,101,101,101,101,101,101,101,101,101,101,111,111,111,111,111],"relics":["Cracked Core","Mango","Prayer Wheel","Bag of Preparation","Omamori","Velvet Choker","Shovel","Enchiridion","Pen Nib","Calipers","Juzu Bracelet","Bag of Marbles","Tiny Chest","Anchor","War Paint","Happy Flower","Pandora\u0027s Box","Mummified Hand","Bronze Scales","Symbiotic Virus","Lantern","Boot","Pear","Dream Catcher"],"card_choices":[{"not_picked":["Go for the Eyes","Stack"],"picked":"Turbo","floor":1.0},{"not_picked":["Sweeping Beam","BootSequence"],"picked":"Echo Form","floor":2.0},{"not_picked":["Steam Power","Compile Driver"],"picked":"Recycle","floor":4.0},{"not_picked":["Go for the Eyes","Ball Lightning"],"picked":"Cold Snap","floor":6.0},{"not_picked":["Cold Snap","Sweeping Beam"],"picked":"Double Energy","floor":10.0},{"not_picked":["Steam","BootSequence"],"picked":"Turbo","floor":11.0},{"not_picked":["Leap","Chaos","Blizzard"],"picked":"SKIP","floor":11.0},{"not_picked":["Chaos","Blizzard"],"picked":"Leap","floor":11.0},{"not_picked":["Steam","Barrage"],"picked":"Sweeping Beam","floor":13.0},{"not_picked":["Reprogram","Fission"],"picked":"Hologram","floor":14.0},{"not_picked":["Rebound","Loop"],"picked":"Aggregate","floor":14.0},{"not_picked":["Buffer","Thunder Strike"],"picked":"Echo Form","floor":16.0},{"not_picked":["Beam Cell","Recycle+1"],"picked":"Streamline","floor":18.0},{"not_picked":["Compile Driver","BootSequence"],"picked":"Stack","floor":18.0},{"not_picked":["Go for the Eyes","Leap+1"],"picked":"Static Discharge","floor":22.0},{"not_picked":["Rebound","Lockon","Steam Power+1"],"picked":"SKIP","floor":22.0},{"not_picked":["Hello World","Streamline"],"picked":"Darkness+1","floor":23.0},{"not_picked":["Redo+1","Steam"],"picked":"Storm","floor":25.0},{"not_picked":["Coolheaded","Darkness","Amplify"],"picked":"SKIP","floor":25.0},{"not_picked":["Coolheaded","Darkness"],"picked":"Amplify","floor":25.0},{"not_picked":["Steam","Fission"],"picked":"Barrage","floor":27.0},{"not_picked":["Barrage","Redo"],"picked":"Storm+1","floor":30.0},{"not_picked":["Turbo","Go for the Eyes+1"],"picked":"Streamline","floor":30.0},{"not_picked":["FTL","Beam Cell"],"picked":"Cold Snap","floor":31.0},{"not_picked":["Coolheaded+1","Skim+1"],"picked":"Streamline","floor":35},{"not_picked":["Heatsinks","Beam Cell+1","Lockon"],"picked":"SKIP","floor":35},{"not_picked":["Heatsinks","Beam Cell+1"],"picked":"Lockon","floor":35},{"not_picked":["Purity","Deep Breath"],"picked":"Master of Strategy","floor":37},{"not_picked":["Barrage","Ball Lightning+1"],"picked":"Leap","floor":38},{"not_picked":["Rebound","Steam","Hello World+1"],"picked":"SKIP","floor":38},{"not_picked":["Coolheaded+1","Streamline+1"],"picked":"Seek","floor":39},{"not_picked":["Streamline+1","Rebound+1"],"picked":"Glacier+1","floor":39},{"not_picked":["Rip and Tear+1","Streamline+1","BootSequence"],"picked":"SKIP","floor":40},{"not_picked":["Steam Power","Scrape+1"],"picked":"Hello World+1","floor":42},{"not_picked":["Steam Power+1","Compile Driver"],"picked":"Capacitor+1","floor":45},{"not_picked":["Self Repair+1","BootSequence","Steam Power"],"picked":"SKIP","floor":45},{"not_picked":["Streamline+1","White Noise"],"picked":"Cold Snap","floor":48},{"not_picked":["Leap","Steam+1"],"picked":"Consume","floor":48}],"player_experience":119218,"potions_floor_usage":[50,50,50],"damage_taken":[{"damage":1.0,"enemies":"Jaw Worm","floor":1.0,"turns":3.0},{"damage":1.0,"enemies":"Cultist","floor":2.0,"turns":3.0},{"damage":7.0,"enemies":"2 Louse","floor":4.0,"turns":2.0},{"damage":35.0,"enemies":"3 Sentries","floor":6.0,"turns":9.0},{"damage":17.0,"enemies":"Lagavulin","floor":10.0,"turns":8.0},{"damage":19.0,"enemies":"2 Fungi Beasts","floor":11.0,"turns":4.0},{"damage":8.0,"enemies":"Gremlin Nob","floor":13.0,"turns":4.0},{"damage":10.0,"enemies":"Looter","floor":14.0,"turns":2.0},{"damage":41.0,"enemies":"Slime Boss","floor":16.0,"turns":13.0},{"damage":0.0,"enemies":"Chosen","floor":18.0,"turns":6.0},{"damage":2.0,"enemies":"Shell Parasite","floor":22.0,"turns":7.0},{"damage":17.0,"enemies":"Book of Stabbing","floor":23.0,"turns":7.0},{"damage":18.0,"enemies":"Sentry and Sphere","floor":25.0,"turns":4.0},{"damage":39.0,"enemies":"Slavers","floor":27.0,"turns":5.0},{"damage":14.0,"enemies":"Centurion and Healer","floor":30.0,"turns":4.0},{"damage":20.0,"enemies":"Book of Stabbing","floor":31.0,"turns":4.0},{"damage":50.0,"enemies":"Automaton","floor":33.0,"turns":9.0},{"damage":0,"enemies":"3 Shapes","floor":35,"turns":2},{"damage":0,"enemies":"Flame Bruiser 1 Orb","floor":38,"turns":3},{"damage":5,"enemies":"3 Darklings","floor":39,"turns":5},{"damage":49,"enemies":"2 Orb Walkers","floor":40,"turns":4},{"damage":17,"enemies":"Nemesis","floor":42,"turns":6},{"damage":15,"enemies":"4 Shapes","floor":45,"turns":5},{"damage":0,"enemies":"Flame Bruiser 2 Orb","floor":48,"turns":4},{"damage":45,"enemies":"Time Eater","floor":50,"turns":8}],"relics_obtained":[{"floor":6.0,"key":"Mango"},{"floor":9.0,"key":"Prayer Wheel"},{"floor":10.0,"key":"Bag of Preparation"},{"floor":13.0,"key":"Omamori"},{"floor":20.0,"key":"Enchiridion"},{"floor":21.0,"key":"Pen Nib"},{"floor":23.0,"key":"Calipers"},{"floor":24.0,"key":"Juzu Bracelet"},{"floor":26.0,"key":"Bag of Marbles"},{"floor":27.0,"key":"Tiny Chest"},{"floor":31.0,"key":"War Paint"},{"floor":32.0,"key":"Happy Flower"},{"floor":40,"key":"Bronze Scales"},{"floor":42,"key":"Symbiotic Virus"},{"floor":43,"key":"Lantern"},{"floor":44,"key":"Boot"},{"floor":46,"key":"Pear"},{"floor":49,"key":"Dream Catcher"}],"event_choices":[{"event_name":"Shining Light","player_choice":"Entered Light","floor":3.0,"damage_taken":0.0},{"event_name":"Big Fish","player_choice":"Donut","floor":5.0,"damage_taken":0.0},{"event_name":"Addict","player_choice":"Obtained Relic","floor":19.0,"damage_taken":0.0},{"event_name":"Cursed Tome","player_choice":"Obtained Book","floor":20.0,"damage_taken":0.0},{"event_name":"The Mausoleum","player_choice":"Yes","floor":28.0,"damage_taken":0.0},{"event_name":"SensoryStone","player_choice":"Memory 1","floor":37,"damage_taken":0},{"event_name":"Duplicator","player_choice":"One dupe","floor":47,"damage_taken":0}],"boss_relics":[{"not_picked":["Runic Pyramid","Snecko Eye"],"picked":"Pandora\u0027s Box"}],"items_purged_floors":[],"potions_floor_spawned":[4,10,11,18,22,30,38,42],"seed_played":"3851950640281780223","ascension_level":1,"potions_obtained":[{"floor":4.0,"key":"Weak Potion"},{"floor":10.0,"key":"AttackPotion"},{"floor":11.0,"key":"AttackPotion"},{"floor":18.0,"key":"FocusPotion"},{"floor":22.0,"key":"Fire Potion"},{"floor":30.0,"key":"Poison Potion"},{"floor":42,"key":"Poison Potion"}],"is_trial":false}