{"path_per_floor":["M","?","?","$","M","R","E","M","T","T","R","$","E","M","R","B",null,"M","?","M","$","M","E","R","E","T","E"],"character_chosen":"THE_SILENT","items_purchased":["Dagger Throw","Snake Skull","Prepared"],"gold_per_floor":[119,119,119,96,107,107,135,148,203,203,203,24,51,69,69,171,201,215,140,157,57,67,98,98,126,126,155],"floor_reached":28,"campfire_rested":3,"playtime":2250,"current_hp_per_floor":[84,84,67,67,67,67,35,35,35,35,60,60,48,48,73,56,89,80,80,66,66,59,16,42,13,13,2],"items_purged":["Strike_G","Strike_G"],"gold":155,"score":366,"play_id":"666b566e-c148-44f6-9658-1846597c85b3","is_prod":false,"is_daily":false,"is_ascension_mode":true,"campfire_upgraded":1,"path_taken":["M","?","?","$","?","R","E","M","T","?","R","?","E","?","R","BOSS","M","?","M","$","M","E","R","E","T","E","M"],"build_version":"2018-02-22-PROD2","purchased_purges":3,"victory":false,"master_deck":["Defend_G","Defend_G","Defend_G","Defend_G+1","Defend_G","Strike_G","Strike_G","Survivor","Neutralize+1","Quick Slash","Dagger Throw","Quick Slash+1","Poisoned Stab","Poisoned Stab+1","Calculated Gamble","Poisoned Stab","Bullet Time","Dodge and Roll","Bane","Backflip","Prepared","Cloak And Dagger","Bane+1","Malaise","Footwork+1"],"max_hp_per_floor":[84,84,84,84,84,84,84,84,84,84,84,84,84,84,84,84,89,89,89,89,89,89,89,89,89,89,89],"relics":["Ring of the Snake","Mango","The Courier","Tiny Chest","Toolbox","Snake Skull","Oddly Smooth Stone","Tiny House","Thread and Needle","Mummified Hand","Calipers","Orichalcum"],"card_choices":[{"not_picked":["Poisoned Stab","Slice"],"picked":"Quick Slash"},{"not_picked":["Acrobatics","Dagger Spray"],"picked":"Quick Slash"},{"not_picked":["Crippling Poison","Grand Finale"],"picked":"Poisoned Stab"},{"not_picked":["Endless Agony","Cloak And Dagger"],"picked":"Poisoned Stab"},{"not_picked":["Setup","Dagger Spray"],"picked":"Calculated Gamble"},{"not_picked":["Dagger Throw","Skewer"],"picked":"Poisoned Stab"},{"not_picked":["Wraith Form","A Thousand Cuts"],"picked":"Bullet Time"},{"not_picked":["Calculated Gamble","Deadly Poison"],"picked":"Dodge and Roll"},{"not_picked":["Backstab","Slice"],"picked":"Bane"},{"not_picked":["Slice","Blade Dance"],"picked":"Backflip"},{"not_picked":["Endless Agony","Dagger Throw"],"picked":"Cloak And Dagger"},{"not_picked":["Riddle With Holes","Bullet Time"],"picked":"Bane"},{"not_picked":["Acrobatics","Backstab"],"picked":"Malaise"},{"not_picked":["Prepared","Quick Slash"],"picked":"Footwork"}],"player_experience":177181,"potions_floor_usage":[23,25,25,25],"damage_taken":[{"damage":0,"enemies":"Jaw Worm","floor":1,"turns":7},{"damage":0,"enemies":"Cultist","floor":5,"turns":3},{"damage":32,"enemies":"Lagavulin","floor":7,"turns":7},{"damage":0,"enemies":"2 Louse","floor":8,"turns":1},{"damage":12,"enemies":"Gremlin Nob","floor":13,"turns":3},{"damage":0,"enemies":"Blue Slaver","floor":14,"turns":3},{"damage":17,"enemies":"Slime Boss","floor":16,"turns":12},{"damage":9,"enemies":"Chosen","floor":18,"turns":3},{"damage":14,"enemies":"Spheric Guardian","floor":20,"turns":7},{"damage":7,"enemies":"Snecko","floor":22,"turns":4},{"damage":43,"enemies":"Book of Stabbing","floor":23,"turns":7},{"damage":29,"enemies":"Gremlin Leader","floor":25,"turns":5},{"damage":11,"enemies":"Book of Stabbing","floor":27,"turns":7},{"damage":15,"enemies":"Chosen and Byrds","floor":28,"turns":4}],"event_choices":[{"event_name":"Purifier","player_choice":"One Purge","floor":2,"damage_taken":0},{"event_name":"Shining Light","player_choice":"Entered Light","floor":3,"damage_taken":0},{"event_name":"Beggar","player_choice":"Gave Gold","floor":19,"damage_taken":0}],"boss_relics":[{"not_picked":["White Beast Statue","Velvet Choker"],"picked":"Tiny House"}],"potions_floor_spawned":[5,7,16,20,23],"seed_played":"-5747356990636471006","killed_by":"Chosen and Byrds","ascension_level":4,"is_trial":false}