{"gold_per_floor":[114,126,144,158,128,128,53,70,70,82,82,82,112,12,12,114,114,126,142,153,153,203,203,216,248,274,274,274,289,289,289,289,289],"floor_reached":33,"playtime":2511,"items_purged":["Doubt","Pain"],"score":359,"play_id":"8b8cd47f-c104-4b65-a4a2-21f3aa01de9a","local_time":"20180925201634","is_ascension_mode":true,"campfire_choices":[{"data":"Bash","floor":6,"key":"SMITH"},{"data":"Armaments","floor":11,"key":"SMITH"},{"data":"Metallicize","floor":15,"key":"SMITH"},{"data":"RitualDagger","floor":23,"key":"SMITH"},{"floor":27,"key":"REST"},{"data":"Limit Break","floor":32,"key":"SMITH"}],"neow_cost":"CURSE","seed_source_timestamp":987541285082152,"circlet_count":0,"master_deck":["Defend_R","Defend_R+1","Defend_R","Defend_R+1","Bash+1","Clothesline","Hemokinesis","Armaments+1","Havoc","Pommel Strike","Flame Barrier","Metallicize+1","Limit Break+1","Evolve","Headbutt","RitualDagger+1","Inflame","Feel No Pain","Regret","Bite","Bite","Bite","Bite","Bite","Normality"],"relics":["Burning Blood","Ice Cream","Juzu Bracelet","WarpedTongs","Dream Catcher","Cursed Key","Bottled Lightning","War Paint","Letter Opener"],"potions_floor_usage":[13,20,25,25,25,25,33,33],"damage_taken":[{"damage":18,"enemies":"Jaw Worm","floor":1,"turns":5},{"damage":2,"enemies":"Cultist","floor":2,"turns":4},{"damage":2,"enemies":"Small Slimes","floor":3,"turns":4},{"damage":11,"enemies":"3 Louse","floor":4,"turns":3},{"damage":4,"enemies":"Looter","floor":5,"turns":4},{"damage":4,"enemies":"2 Fungi Beasts","floor":8,"turns":4},{"damage":21,"enemies":"Exordium Thugs","floor":10,"turns":5},{"damage":25,"enemies":"3 Sentries","floor":13,"turns":8},{"damage":29,"enemies":"Hexaghost","floor":16,"turns":9},{"damage":10,"enemies":"3 Byrds","floor":18,"turns":5},{"damage":21,"enemies":"Spheric Guardian","floor":19,"turns":4},{"damage":14,"enemies":"Centurion and Healer","floor":20,"turns":7},{"damage":19,"enemies":"Cultist and Chosen","floor":24,"turns":8},{"damage":10,"enemies":"Book of Stabbing","floor":25,"turns":6},{"damage":16,"enemies":"Sentry and Sphere","floor":29,"turns":5},{"damage":49,"enemies":"Collector","floor":33,"turns":7}],"seed_played":"1063498354791827696","potions_obtained":[{"floor":2,"key":"Swift Potion"},{"floor":3,"key":"Dexterity Potion"},{"floor":4,"key":"Regen Potion"},{"floor":13,"key":"Poison Potion"},{"floor":19,"key":"EntropicBrew"},{"floor":20,"key":"LiquidBronze"},{"floor":24,"key":"EssenceOfSteel"}],"is_trial":false,"path_per_floor":["M","M","M","M","M","R","$","M","T","M","R","?","E","$","R","B",null,"M","M","M","?","?","R","M","E","T","R","?","M","?","T","R"],"character_chosen":"IRONCLAD","items_purchased":[],"campfire_rested":1,"item_purchase_floors":[],"current_hp_per_floor":[68,72,76,71,73,73,73,75,75,60,60,60,56,56,56,33,68,64,49,41,35,35,35,22,18,18,42,42,32,32,32,32,0],"gold":289,"neow_bonus":"ONE_RARE_RELIC","is_prod":false,"is_daily":false,"chose_seed":false,"campfire_upgraded":5,"win_rate":0,"timestamp":1537899394,"path_taken":["M","M","M","M","M","R","$","M","T","M","R","?","E","$","R","BOSS","M","M","M","?","?","R","M","E","T","R","?","M","?","?","R","BOSS"],"build_version":"2018-09-24","purchased_purges":2,"victory":false,"max_hp_per_floor":[80,80,80,80,80,80,80,80,80,80,80,80,80,80,80,80,80,80,80,80,80,80,80,80,80,80,80,80,80,56,56,56,56],"card_choices":[{"not_picked":["Body Slam","Power Through"],"picked":"Clothesline","floor":1},{"not_picked":["Iron Wave","Clash"],"picked":"Hemokinesis","floor":2},{"not_picked":["Bloodletting","Infernal Blade"],"picked":"Armaments","floor":3},{"not_picked":["Heavy Blade","Anger"],"picked":"Havoc","floor":4},{"not_picked":["Wild Strike","Havoc"],"picked":"Pommel Strike","floor":5},{"not_picked":["Armaments","Exhume","Heavy Blade"],"picked":"SKIP","floor":8},{"not_picked":["Thunderclap","Wild Strike"],"picked":"Flame Barrier","floor":10},{"not_picked":["Ghostly Armor","Armaments"],"picked":"Metallicize","floor":13},{"not_picked":["Bludgeon","Dark Embrace"],"picked":"Limit Break","floor":16},{"not_picked":["Havoc","Cleave"],"picked":"Evolve","floor":18},{"not_picked":["Thunderclap","Clothesline+1","Havoc"],"picked":"SKIP","floor":19},{"not_picked":["Entrench+1","Heavy Blade+1"],"picked":"Headbutt","floor":20},{"not_picked":["True Grit+1","Clothesline"],"picked":"Inflame","floor":24},{"not_picked":["Thunderclap","Sentinel"],"picked":"Feel No Pain","floor":25},{"not_picked":["Flex+1","Clash","Armaments+1"],"picked":"SKIP","floor":29}],"player_experience":153792,"relics_obtained":[{"floor":9,"key":"Juzu Bracelet"},{"floor":13,"key":"Dream Catcher"},{"floor":25,"key":"Bottled Lightning"},{"floor":26,"key":"War Paint"},{"floor":31,"key":"Letter Opener"}],"event_choices":[{"event_name":"Accursed Blacksmith","player_choice":"Rummage","floor":12,"damage_taken":0},{"event_name":"Nest","player_choice":"Joined the Cult","floor":21,"damage_taken":0},{"event_name":"The Joust","player_choice":"Bet on Murderer","floor":22,"damage_taken":0},{"event_name":"Cursed Tome","player_choice":"Ignored","floor":28,"damage_taken":0},{"event_name":"Vampires","player_choice":"Became a vampire","floor":30,"damage_taken":0}],"is_beta":true,"boss_relics":[{"not_picked":["Calling Bell","Orrery"],"picked":"Cursed Key"}],"items_purged_floors":[7,14],"is_endless":false,"potions_floor_spawned":[2,3,4,13,19,20,24],"killed_by":"Collector","ascension_level":5}