{"gold_per_floor":[117,87,87,87,99,99,7,7,7,17,17,28,28,47,47,123,123,138,63,81,31,49,49,49,49],"floor_reached":25,"playtime":877,"items_purged":[],"score":353,"play_id":"0b79cefd-9b17-4fc0-abd4-453e5ab3650a","local_time":"20180924000044","is_ascension_mode":true,"campfire_choices":[{"data":"Dualcast","floor":6,"key":"SMITH"},{"data":"Static Discharge","floor":8,"key":"SMITH"},{"floor":13,"key":"REST"},{"data":"Capacitor","floor":15,"key":"SMITH"},{"floor":23,"key":"REST"}],"neow_cost":"NONE","seed_source_timestamp":731481033608389,"circlet_count":0,"master_deck":["Strike_B","Strike_B+1","Defend_B+1","Defend_B","Defend_B","Defend_B","Zap+1","Dualcast+1","AscendersBane","Static Discharge+1","Cold Snap","Capacitor+1","Seek","Conserve Battery","Coolheaded"],"relics":["Cracked Core","Darkstone Periapt","Peace Pipe","GremlinMask","Inserter"],"potions_floor_usage":[10,10,16,22],"damage_taken":[{"damage":1,"enemies":"2 Louse","floor":1,"turns":2},{"damage":1,"enemies":"Cultist","floor":5,"turns":3},{"damage":0,"enemies":"Small Slimes","floor":10,"turns":2},{"damage":11,"enemies":"Blue Slaver","floor":12,"turns":2},{"damage":11,"enemies":"3 Louse","floor":14,"turns":3},{"damage":10,"enemies":"The Guardian","floor":16,"turns":11},{"damage":19,"enemies":"Spheric Guardian","floor":18,"turns":4},{"damage":16,"enemies":"Shell Parasite","floor":20,"turns":6},{"damage":24,"enemies":"Shelled Parasite and Fungi","floor":22,"turns":7},{"damage":28,"enemies":"Cultist and Chosen","floor":25,"turns":4}],"seed_played":"7100437580315767833","potions_obtained":[{"floor":2,"key":"Fire Potion"},{"floor":2,"key":"Energy Potion"},{"floor":10,"key":"Strength Potion"},{"floor":20,"key":"SkillPotion"}],"is_trial":false,"path_per_floor":["M","?","?","T","M","R","$","R","T","M","?","M","R","M","R","B",null,"M","?","M","?","M","R","$"],"character_chosen":"DEFECT","items_purchased":["Static Discharge","Cold Snap"],"campfire_rested":2,"item_purchase_floors":[7,7],"current_hp_per_floor":[63,63,63,63,62,62,62,62,62,62,62,51,71,60,60,50,66,47,47,31,31,7,28,28,0],"gold":49,"neow_bonus":"UPGRADE_CARD","is_prod":false,"is_daily":false,"chose_seed":false,"campfire_upgraded":3,"win_rate":0,"timestamp":1537740044,"path_taken":["M","?","?","?","M","R","$","R","T","M","?","M","R","M","R","BOSS","M","?","M","?","M","R","$","M"],"build_version":"2018-09-20","purchased_purges":0,"victory":false,"max_hp_per_floor":[71,71,71,71,71,71,71,71,71,71,71,71,71,71,71,71,71,71,71,71,71,71,71,71,71],"card_choices":[{"not_picked":["Steam","Streamline","Beam Cell"],"picked":"SKIP","floor":1},{"not_picked":["Hologram","Chill","Turbo"],"picked":"SKIP","floor":5},{"not_picked":["Hologram","Streamline"],"picked":"Capacitor","floor":10},{"not_picked":["Double Energy","Turbo","Compile Driver"],"picked":"SKIP","floor":12},{"not_picked":["Blizzard","Turbo","Beam Cell"],"picked":"SKIP","floor":14},{"not_picked":["Machine Learning","Echo Form"],"picked":"Seek","floor":16},{"not_picked":["Streamline","Coolheaded"],"picked":"Conserve Battery","floor":18},{"not_picked":["Hologram","Recycle"],"picked":"Coolheaded","floor":20},{"not_picked":["Storm","Cold Snap","Go for the Eyes"],"picked":"SKIP","floor":22}],"player_experience":602264,"relics_obtained":[{"floor":4,"key":"Darkstone Periapt"},{"floor":9,"key":"Peace Pipe"}],"event_choices":[{"event_name":"The Woman in Blue","player_choice":"Bought 2 Potions","floor":2,"damage_taken":0},{"event_name":"Bonfire Elementals","player_choice":"BASIC","floor":3,"damage_taken":0},{"event_name":"FaceTrader","player_choice":"Trade","floor":11,"damage_taken":0},{"event_name":"Beggar","player_choice":"Gave Gold","floor":19,"damage_taken":0},{"event_name":"Designer","player_choice":"Upgrade 2 Random Cards","floor":21,"damage_taken":0}],"is_beta":false,"boss_relics":[{"not_picked":["Eternal Feather","Velvet Choker"],"picked":"Inserter"}],"items_purged_floors":[],"is_endless":false,"potions_floor_spawned":[10,20],"killed_by":"Cultist and Chosen","ascension_level":17}