{"gold_per_floor":[117,38,38,56,73,73,91,91,91,123,152,164,194,55,55,132,132,142,142,157,157,170,170,84,84],"floor_reached":25,"playtime":983,"items_purged":["Strike_B"],"score":401,"play_id":"b14985d6-69a9-4d49-9f61-a1b2b1d567d0","local_time":"20190115152939","is_ascension_mode":true,"campfire_choices":[{"data":"Gash","floor":6,"key":"SMITH"},{"data":"Zap","floor":8,"key":"SMITH"},{"data":"Gash","floor":12,"key":"SMITH"},{"data":"Glacier","floor":15,"key":"SMITH"},{"data":"Coolheaded","floor":23,"key":"SMITH"}],"neow_cost":"NONE","seed_source_timestamp":1049517330549968,"circlet_count":0,"master_deck":["AscendersBane","Defend_B","Defend_B","Defend_B","Defend_B","Zap+1","Dualcast","Gash+1","Cold Snap","Sweeping Beam","Gash","Conserve Battery","Self Repair+1","Gash+1","Gash","Glacier+1","Core Surge","Glacier+1","Coolheaded+1","Chill"],"relics":["Cracked Core","Frozen Egg 2","MawBank","Empty Cage"],"potions_floor_usage":[11,16,22],"damage_taken":[{"damage":0,"enemies":"2 Louse","floor":1,"turns":2},{"damage":0,"enemies":"Cultist","floor":4,"turns":3},{"damage":10,"enemies":"Jaw Worm","floor":5,"turns":3},{"damage":6,"enemies":"Looter","floor":7,"turns":2},{"damage":21,"enemies":"Lagavulin","floor":10,"turns":6},{"damage":0,"enemies":"Exordium Wildlife","floor":11,"turns":3},{"damage":0,"enemies":"3 Louse","floor":13,"turns":4},{"damage":18,"enemies":"Hexaghost","floor":16,"turns":9},{"damage":13,"enemies":"Spheric Guardian","floor":18,"turns":5},{"damage":12,"enemies":"Shell Parasite","floor":20,"turns":7},{"damage":14,"enemies":"Snake Plant","floor":22,"turns":5},{"damage":63,"enemies":"Cultist and Chosen","floor":25,"turns":9}],"seed_played":"2838941570273427702","potions_obtained":[{"floor":1,"key":"AttackPotion"},{"floor":4,"key":"LiquidBronze"},{"floor":5,"key":"Fire Potion"},{"floor":11,"key":"FocusPotion"},{"floor":18,"key":"Weak Potion"}],"is_trial":false,"path_per_floor":["M","$","?","M","M","R","M","R","T","E","M","R","M","$","R","B",null,"M","?","M","?","M","R","$","M"],"character_chosen":"DEFECT","items_purchased":["Cold Snap","Sweeping Beam","Glacier","Chill"],"campfire_rested":0,"item_purchase_floors":[2,2,14,24],"current_hp_per_floor":[71,71,71,71,61,61,55,55,55,34,44,44,54,54,54,46,70,67,67,65,65,61,61,61,0],"gold":84,"neow_bonus":"TEN_PERCENT_HP_BONUS","is_prod":false,"is_daily":false,"chose_seed":false,"campfire_upgraded":5,"win_rate":0,"timestamp":1547584179,"path_taken":["M","$","?","?","M","R","M","R","T","E","M","R","M","$","R","BOSS","M","?","?","?","M","R","$","M"],"build_version":"2019-01-10","purchased_purges":1,"victory":false,"max_hp_per_floor":[78,78,78,78,78,78,78,78,78,78,78,78,78,78,78,78,78,78,78,78,78,78,78,78,78],"card_choices":[{"not_picked":["Melter","Redo"],"picked":"Gash","floor":1},{"not_picked":["FTL","Chill"],"picked":"Gash","floor":4},{"not_picked":["Sweeping Beam","Steam","Heatsinks"],"picked":"SKIP","floor":5},{"not_picked":["Leap","Chill"],"picked":"Conserve Battery","floor":7},{"not_picked":["Stack","Ball Lightning"],"picked":"Self Repair+1","floor":10},{"not_picked":["Creative AI+1","Rebound"],"picked":"Gash","floor":11},{"not_picked":["Beam Cell","Stack"],"picked":"Gash","floor":13},{"not_picked":["Reboot","Meteor Strike"],"picked":"Core Surge","floor":16},{"not_picked":["Conserve Battery","Sweeping Beam"],"picked":"Glacier","floor":18},{"not_picked":["Rebound","Cold Snap"],"picked":"Coolheaded","floor":20},{"not_picked":["Conserve Battery","White Noise","Hologram"],"picked":"SKIP","floor":22}],"player_experience":460557,"relics_obtained":[{"floor":9,"key":"Frozen Egg 2"},{"floor":10,"key":"MawBank"}],"event_choices":[{"cards_removed":["Strike_B"],"damage_healed":0,"gold_gain":0,"player_choice":"Offered Basic","damage_taken":0,"max_hp_gain":0,"max_hp_loss":0,"event_name":"Bonfire Elementals","floor":3,"gold_loss":0},{"damage_healed":0,"gold_gain":0,"player_choice":"Upgraded","damage_taken":0,"max_hp_gain":0,"max_hp_loss":0,"event_name":"Upgrade Shrine","floor":19,"gold_loss":0,"cards_upgraded":["Glacier"]},{"damage_healed":0,"gold_gain":0,"player_choice":"Ignored","damage_taken":0,"max_hp_gain":0,"max_hp_loss":0,"event_name":"Ghosts","floor":21,"gold_loss":0}],"is_beta":false,"boss_relics":[{"not_picked":["Pandora\u0027s Box","FrozenCore"],"picked":"Empty Cage"}],"items_purged_floors":[14],"is_endless":false,"potions_floor_spawned":[1,4,5,11,18],"killed_by":"Cultist and Chosen","ascension_level":17}