{"gold_per_floor":[116,129,304,21,33,33,33,33,115,15,26,26,43,43,43,119,119,132,132,132,145,145],"floor_reached":22,"playtime":2004,"items_purged":["Doubt","Defend_B"],"score":296,"play_id":"0b720268-7605-4bec-8028-3e7b886d7b2a","local_time":"20180922091813","is_ascension_mode":true,"campfire_choices":[{"data":"Dualcast","floor":6,"key":"SMITH"},{"data":"Glacier","floor":8,"key":"SMITH"},{"floor":15,"key":"REST"}],"neow_cost":"NONE","seed_source_timestamp":590999920364243,"circlet_count":0,"master_deck":["Strike_B","Strike_B","Strike_B","Strike_B","Defend_B","Defend_B","Defend_B","Zap+1","Dualcast+1","AscendersBane","Glacier+1","Panache","Echo Form","Steam+1","FTL"],"relics":["Cracked Core","Tiny Chest","Cables","Inserter","Sundial"],"potions_floor_usage":[],"damage_taken":[{"damage":1,"enemies":"Cultist","floor":1,"turns":3},{"damage":2,"enemies":"2 Louse","floor":2,"turns":2},{"damage":2,"enemies":"Jaw Worm","floor":5,"turns":4},{"damage":11,"enemies":"Looter","floor":11,"turns":3},{"damage":0,"enemies":"Large Slime","floor":13,"turns":4},{"damage":36,"enemies":"The Guardian","floor":16,"turns":15},{"damage":2,"enemies":"Spheric Guardian","floor":18,"turns":5},{"damage":26,"enemies":"3 Byrds","floor":21,"turns":4},{"damage":28,"enemies":"Shelled Parasite and Fungi","floor":22,"turns":4}],"seed_played":"-7687049772381759700","potions_obtained":[{"floor":1,"key":"Ancient Potion"},{"floor":5,"key":"Dexterity Potion"}],"is_trial":false,"path_per_floor":["M","M","?","$","M","R","?","R","T","$","M","?","M","$","R","B",null,"M","?","T","M"],"character_chosen":"DEFECT","items_purchased":["Panache"],"campfire_rested":1,"item_purchase_floors":[4],"current_hp_per_floor":[63,61,61,61,59,59,59,59,59,59,48,45,45,45,66,30,61,59,52,52,26,0],"gold":145,"neow_bonus":"UPGRADE_CARD","is_prod":false,"is_daily":false,"chose_seed":false,"campfire_upgraded":2,"win_rate":0,"timestamp":1537600693,"path_taken":["M","M","?","$","M","R","?","R","T","$","M","?","M","$","R","BOSS","M","?","?","?","M"],"build_version":"2018-09-20","purchased_purges":2,"victory":false,"max_hp_per_floor":[71,71,71,71,71,71,71,71,71,71,71,71,71,71,71,71,71,71,71,71,71,71],"card_choices":[{"not_picked":["Stack","Reprogram"],"picked":"Glacier","floor":1},{"not_picked":["Chaos","Barrage","Go for the Eyes"],"picked":"SKIP","floor":2},{"not_picked":["Leap","Redo","Barrage"],"picked":"SKIP","floor":5},{"not_picked":["Turbo","Conserve Battery","Steam"],"picked":"SKIP","floor":11},{"not_picked":["Blizzard","Skim","Undo"],"picked":"SKIP","floor":13},{"not_picked":["Hyperbeam","Fission"],"picked":"Echo Form","floor":16},{"not_picked":["Static Discharge+1","Redo"],"picked":"Steam+1","floor":18},{"not_picked":["Hologram","Steam"],"picked":"FTL","floor":21}],"player_experience":525884,"relics_obtained":[{"floor":9,"key":"Tiny Chest"},{"floor":20,"key":"Sundial"}],"event_choices":[{"event_name":"Liars Game","player_choice":"agreed","floor":3,"damage_taken":0},{"event_name":"The Cleric","player_choice":"Leave","floor":7,"damage_taken":0},{"event_name":"Scrap Ooze","player_choice":"success","floor":12,"damage_taken":3},{"event_name":"Wheel of Change","player_choice":"Damage","floor":19,"damage_taken":0}],"is_beta":false,"boss_relics":[{"not_picked":["Calling Bell","Velvet Choker"],"picked":"Inserter"}],"items_purged_floors":[4,10],"is_endless":false,"potions_floor_spawned":[1,5],"killed_by":"Shelled Parasite and Fungi","ascension_level":14}