{"gold_per_floor":[112,86,86,96,106,106,133,153,153,184,184,184,184,202,202,303,303,322,334,354,74,92,126,138,213,248,275,287,299,311,323],"floor_reached":31,"playtime":1285,"items_purged":["Dualcast"],"score":399,"play_id":"9a73ff92-124e-4d31-b6e7-8e8532af195e","local_time":"20190103230009","is_ascension_mode":true,"campfire_choices":[{"data":"Hologram","floor":6,"key":"SMITH"},{"floor":11,"key":"REST"},{"floor":13,"key":"REST"},{"floor":15,"key":"REST"},{"floor":24,"key":"REST"},{"floor":29,"key":"REST"}],"neow_cost":"TEN_PERCENT_HP_LOSS","seed_source_timestamp":1308323827383039,"circlet_count":0,"master_deck":["Strike_B","Strike_B","Strike_B","Defend_B","Defend_B","Defend_B","Zap","Go for the Eyes","Streamline+1","Hologram+1","Beam Cell","Rebound","Coolheaded","Echo Form","Streamline","Conserve Battery","Hologram","Hologram","Scrape"],"relics":["Cracked Core","Emotion Chip","Nunchaku","Turnip","Nuclear Battery","Lee\u0027s Waffle","MawBank","Tiny Chest","Bronze Scales","MutagenicStrength"],"potions_floor_usage":[16,16,16,22,23],"damage_taken":[{"damage":1,"enemies":"Cultist","floor":1,"turns":3},{"damage":0,"enemies":"Small Slimes","floor":4,"turns":2},{"damage":1,"enemies":"2 Louse","floor":5,"turns":2},{"damage":28,"enemies":"Gremlin Nob","floor":7,"turns":4},{"damage":8,"enemies":"Large Slime","floor":8,"turns":4},{"damage":25,"enemies":"Lagavulin","floor":10,"turns":6},{"damage":4,"enemies":"Looter","floor":14,"turns":2},{"damage":3,"enemies":"The Guardian","floor":16,"turns":8},{"damage":15,"enemies":"2 Thieves","floor":18,"turns":4},{"damage":7,"enemies":"Chosen","floor":19,"turns":3},{"damage":26,"enemies":"3 Cultists","floor":20,"turns":5},{"damage":22,"enemies":"Chosen and Byrds","floor":22,"turns":5},{"damage":39,"enemies":"Gremlin Leader","floor":23,"turns":5},{"damage":39,"enemies":"Slavers","floor":25,"turns":5},{"damage":1,"enemies":"Centurion and Healer","floor":27,"turns":4},{"damage":26,"enemies":"Colosseum Slavers","floor":30,"turns":3},{"damage":8,"enemies":"Snecko","floor":31,"turns":2}],"seed_played":"7010235025796353778","potions_obtained":[{"floor":7,"key":"Strength Potion"},{"floor":8,"key":"PowerPotion"},{"floor":10,"key":"SkillPotion"},{"floor":19,"key":"Weak Potion"},{"floor":22,"key":"PowerPotion"},{"floor":25,"key":"FocusPotion"}],"is_trial":false,"path_per_floor":["M","$","?","M","M","R","E","M","T","E","R","?","R","M","R","B",null,"M","M","M","$","M","E","R","E","T","M","?","R","?","M"],"character_chosen":"DEFECT","items_purchased":["Streamline","Lee\u0027s Waffle"],"campfire_rested":5,"item_purchase_floors":[2,21],"current_hp_per_floor":[67,67,72,72,71,71,43,35,35,10,31,31,52,48,69,66,71,56,49,23,80,58,19,43,4,4,3,3,27,1,0],"gold":323,"neow_bonus":"REMOVE_TWO","is_prod":false,"is_daily":false,"chose_seed":false,"campfire_upgraded":1,"win_rate":0,"timestamp":1546585209,"path_taken":["M","?","?","M","M","R","E","M","T","E","R","?","R","M","R","BOSS","M","?","M","?","?","E","R","E","T","M","?","R","?","M"],"build_version":"2019-01-03v3","purchased_purges":1,"victory":false,"max_hp_per_floor":[68,68,73,73,73,73,73,73,73,73,73,73,73,73,73,73,73,73,73,73,80,80,80,80,80,80,80,80,80,80,80],"card_choices":[{"not_picked":["Compile Driver","Storm"],"picked":"Go for the Eyes","floor":1},{"not_picked":["Sweeping Beam","Leap"],"picked":"Hologram","floor":4},{"not_picked":["Ball Lightning","Electrodynamics"],"picked":"Beam Cell","floor":5},{"not_picked":["Darkness","Double Energy","Blizzard"],"picked":"SKIP","floor":7},{"not_picked":["Conserve Battery","Steam"],"picked":"Rebound","floor":8},{"not_picked":["Beam Cell","Steam"],"picked":"Coolheaded","floor":10},{"not_picked":["Defragment","Tempest","Sweeping Beam"],"picked":"SKIP","floor":14},{"not_picked":["Creative AI","Buffer"],"picked":"Echo Form","floor":16},{"not_picked":["Double Energy","Conserve Battery"],"picked":"Streamline","floor":18},{"not_picked":["Coolheaded","Chill","Loop"],"picked":"SKIP","floor":19},{"not_picked":["Sweeping Beam","Lockon+1"],"picked":"Conserve Battery","floor":20},{"not_picked":["Redo","Recycle"],"picked":"Hologram","floor":22},{"not_picked":["Creative AI","Aggregate","Force Field"],"picked":"SKIP","floor":23},{"not_picked":["Barrage","Steam"],"picked":"Hologram","floor":25},{"not_picked":["Fusion","Capacitor"],"picked":"Scrape","floor":27}],"player_experience":589054,"relics_obtained":[{"floor":7,"key":"Emotion Chip"},{"floor":9,"key":"Nunchaku"},{"floor":10,"key":"Turnip"},{"floor":23,"key":"MawBank"},{"floor":25,"key":"Tiny Chest"},{"floor":26,"key":"Bronze Scales"}],"event_choices":[{"damage_healed":0,"gold_gain":0,"player_choice":"Donut","damage_taken":0,"max_hp_gain":5,"max_hp_loss":0,"event_name":"Big Fish","floor":3,"gold_loss":0},{"damage_healed":0,"gold_gain":0,"player_choice":"Upgraded","damage_taken":0,"max_hp_gain":0,"max_hp_loss":0,"event_name":"Upgrade Shrine","floor":12,"gold_loss":0,"cards_upgraded":["Streamline"]},{"damage_healed":0,"gold_gain":0,"player_choice":"Inject Mutagens","damage_taken":0,"relics_obtained":["MutagenicStrength"],"max_hp_gain":0,"max_hp_loss":0,"event_name":"Drug Dealer","floor":28,"gold_loss":0},{"damage_healed":0,"gold_gain":0,"player_choice":"Fight","damage_taken":0,"max_hp_gain":0,"max_hp_loss":0,"event_name":"Colosseum","floor":30,"gold_loss":0},{"damage_healed":0,"gold_gain":0,"player_choice":"Fled From Nobs","damage_taken":0,"max_hp_gain":0,"max_hp_loss":0,"event_name":"Colosseum","floor":30,"gold_loss":0}],"is_beta":false,"boss_relics":[{"not_picked":["Empty Cage","Snecko Eye"],"picked":"Nuclear Battery"}],"items_purged_floors":[21],"is_endless":false,"potions_floor_spawned":[7,8,10,19,22,25],"killed_by":"Snecko","ascension_level":8}