{"path_per_floor":["M","?","M","?","M","M","R","E","T","?","R","E","M","M","R","B",null,"M","?","M","$","M","R","M","R","T","M","R","M","R","M","R","B",null,"M","?","M","M","M","R","M","M","T","R","?","M","M","M","R","B"],"character_chosen":"THE_SILENT","items_purchased":["Ornamental Fan","Cloak And Dagger"],"gold_per_floor":[111,111,123,73,92,102,102,133,209,209,209,235,252,263,263,359,359,378,303,318,22,41,41,61,61,61,79,79,95,95,110,110,213,213,233,193,207,221,235,235,249,267,293,293,293,311,327,346,346,346],"floor_reached":51,"campfire_rested":5,"playtime":3175,"current_hp_per_floor":[62,67,67,67,67,66,66,46,46,31,53,32,40,49,49,18,61,50,50,38,38,20,20,16,38,38,42,64,62,62,40,62,30,64,70,70,61,40,36,36,41,48,48,48,48,47,51,47,69,30],"items_purged":[],"gold":346,"score":917,"play_id":"3a4cd2b7-d160-483b-9721-b82aee50f0f3","local_time":"20180407194608","is_prod":false,"is_daily":false,"is_ascension_mode":true,"campfire_upgraded":6,"timestamp":1523123168,"path_taken":["M","?","M","?","M","M","R","E","T","?","R","E","M","M","R","BOSS","M","?","M","$","M","R","M","R","T","M","R","M","R","M","R","BOSS","M","?","M","M","M","R","M","M","T","R","?","?","M","M","R","BOSS"],"build_version":"2018-04-05v2","purchased_purges":1,"victory":true,"master_deck":["Defend_G+1","Defend_G","Defend_G","Defend_G","Strike_G","Strike_G","Strike_G","Strike_G","Survivor","Neutralize+1","Slice","Masterful Stab","Dodge and Roll","Distraction","Slice+1","Endless Agony","Infinite Blades+1","Cloak And Dagger+1","Envenom+1","Dodge and Roll","Bane+1","Cloak And Dagger+1","Terror+1","Dash","Sucker Punch","Backflip+1","Endless Agony+1","Caltrops","Adrenaline","Acrobatics","Choke+1","Bane+1","Finisher+1","Deflect+1","Footwork","Flash of Steel","Malaise+1","Footwork","Quick Slash+1","Dodge and Roll+1"],"max_hp_per_floor":[70,75,75,75,75,75,75,75,75,75,75,75,75,75,75,75,75,75,75,75,75,75,75,75,75,75,75,75,75,75,75,75,75,75,75,75,75,75,75,75,75,75,75,75,75,75,75,75,75,75],"relics":["Ring of the Snake","Dream Catcher","Meat on the Bone","Ancient Tea Set","Runic Dome","Ornamental Fan","Bird Faced Urn","Philosopher\u0027s Stone","Bronze Scales"],"card_choices":[{"not_picked":["Poisoned Stab","Choke"],"picked":"Slice","floor":1},{"not_picked":["PiercingWail","Bane"],"picked":"Masterful Stab","floor":3},{"not_picked":["Leg Sweep","Phantasmal Killer"],"picked":"Dodge and Roll","floor":5},{"not_picked":["Concentrate","Deflect"],"picked":"Distraction","floor":6},{"not_picked":["Deadly Poison","Accuracy"],"picked":"Slice","floor":8},{"not_picked":["Malaise","Flying Knee"],"picked":"Endless Agony","floor":11},{"not_picked":["Eviscerate","Bane"],"picked":"Infinite Blades","floor":12},{"not_picked":["Choke","Reflex"],"picked":"Cloak And Dagger","floor":13},{"not_picked":["Night Terror","Glass Knife"],"picked":"Envenom","floor":16},{"not_picked":["Prepared","Accuracy"],"picked":"Dodge and Roll","floor":18},{"not_picked":["Deflect","Flying Knee"],"picked":"Bane","floor":20},{"not_picked":["Backstab","Bane"],"picked":"Terror","floor":24},{"not_picked":["Bouncing Flask","Deflect"],"picked":"Dash","floor":25},{"not_picked":["Dagger Spray","Dagger Throw"],"picked":"Sucker Punch","floor":27},{"not_picked":["Doppelganger","Outmaneuver"],"picked":"Backflip","floor":28},{"not_picked":["Accuracy","Dodge and Roll"],"picked":"Endless Agony","floor":31},{"not_picked":["Phantasmal Killer","Acrobatics"],"picked":"Caltrops","floor":32},{"not_picked":["Unload","Phantasmal Killer"],"picked":"Adrenaline","floor":33},{"not_picked":["Underhanded Strike","Deflect"],"picked":"Acrobatics","floor":35},{"not_picked":["Grand Finale","Slice"],"picked":"Choke","floor":37},{"not_picked":["Dagger Throw","Flechettes"],"picked":"Bane","floor":38},{"not_picked":["Cloak And Dagger","Endless Agony"],"picked":"Finisher","floor":39},{"not_picked":["Skewer","Corpse Explosion"],"picked":"Deflect","floor":41},{"not_picked":["Backflip","Dagger Spray"],"picked":"Footwork","floor":42},{"not_picked":["Panacea","Bandage Up"],"picked":"Flash of Steel","floor":45},{"not_picked":["Predator","PiercingWail"],"picked":"Malaise","floor":46},{"not_picked":["Endless Agony","Dagger Spray"],"picked":"Footwork","floor":47},{"not_picked":["Slice","Eviscerate"],"picked":"Quick Slash","floor":48},{"not_picked":["Calculated Gamble","Outmaneuver"],"picked":"Dodge and Roll","floor":49}],"player_experience":257563,"potions_floor_usage":[8,8,16,22,24,24,33,33,33,38,39,42,50,50],"damage_taken":[{"damage":1,"enemies":"Jaw Worm","floor":1,"turns":5},{"damage":0,"enemies":"2 Louse","floor":3,"turns":3},{"damage":0,"enemies":"Cultist","floor":5,"turns":3},{"damage":1,"enemies":"2 Fungi Beasts","floor":6,"turns":7},{"damage":20,"enemies":"Gremlin Nob","floor":8,"turns":4},{"damage":33,"enemies":"Lagavulin","floor":12,"turns":10},{"damage":4,"enemies":"Blue Slaver","floor":13,"turns":4},{"damage":3,"enemies":"Looter","floor":14,"turns":3},{"damage":43,"enemies":"Slime Boss","floor":16,"turns":13},{"damage":11,"enemies":"Spheric Guardian","floor":18,"turns":5},{"damage":12,"enemies":"Chosen","floor":20,"turns":5},{"damage":30,"enemies":"Snake Plant","floor":22,"turns":4},{"damage":16,"enemies":"Centurion and Healer","floor":24,"turns":6},{"damage":0,"enemies":"3 Cultists","floor":27,"turns":5},{"damage":6,"enemies":"Snake Plant","floor":29,"turns":6},{"damage":26,"enemies":"Cultist and Chosen","floor":31,"turns":7},{"damage":59,"enemies":"Champ","floor":33,"turns":11},{"damage":0,"enemies":"Orb Walker","floor":35,"turns":4},{"damage":15,"enemies":"3 Shapes","floor":37,"turns":3},{"damage":27,"enemies":"3 Darklings","floor":38,"turns":7},{"damage":22,"enemies":"4 Shapes","floor":39,"turns":7},{"damage":13,"enemies":"Maw","floor":41,"turns":6},{"damage":11,"enemies":"3 Darklings","floor":42,"turns":4},{"damage":21,"enemies":"Sphere and 2 Shapes","floor":46,"turns":4},{"damage":4,"enemies":"Maw","floor":47,"turns":6},{"damage":26,"enemies":"4 Shapes","floor":48,"turns":6},{"damage":72,"enemies":"Donu and Deca","floor":50,"turns":8}],"event_choices":[{"event_name":"Big Fish","player_choice":"Donut","floor":2,"damage_taken":0},{"event_name":"The Cleric","player_choice":"Card Removal","floor":4,"damage_taken":0},{"event_name":"Shining Light","player_choice":"Entered Light","floor":10,"damage_taken":0},{"event_name":"Beggar","player_choice":"Gave Gold","floor":19,"damage_taken":0},{"event_name":"The Woman in Blue","player_choice":"Bought 3 Potions","floor":36,"damage_taken":0},{"event_name":"SensoryStone","player_choice":"Memory 1","floor":45,"damage_taken":0}],"boss_relics":[{"not_picked":["Eternal Feather","Tiny House"],"picked":"Runic Dome"},{"not_picked":["Runic Pyramid","Black Star"],"picked":"Philosopher\u0027s Stone"}],"potions_floor_spawned":[3,6,12,14,16,20,24,29,38,41,46,48],"seed_played":"-7719658841733925979","ascension_level":8,"is_trial":false}