{"gold_per_floor":[99,99,99,99,24,24,24,24,24,24,24,24,24,24,24,24],"floor_reached":16,"playtime":397,"items_purged":["Strike_B"],"score":132,"play_id":"8c7d455f-114c-4bc0-8ca6-461135cf32a8","local_time":"20181206203440","is_ascension_mode":true,"campfire_choices":[{"floor":6,"key":"REST"},{"floor":11,"key":"REST"},{"floor":13,"key":"REST"},{"floor":15,"key":"REST"}],"neow_cost":"NONE","seed_source_timestamp":783131301201850,"circlet_count":0,"master_deck":["Strike_B","Strike_B","Strike_B","Defend_B","Defend_B","Defend_B","Zap","Dualcast","Streamline","Hologram","Hologram","Leap+1"],"relics":["Ectoplasm","Gremlin Horn","Centennial Puzzle","Toxic Egg 2","Bottled Flame"],"potions_floor_usage":[16,16],"damage_taken":[{"damage":12,"enemies":"Jaw Worm","floor":1,"turns":3},{"damage":35,"enemies":"Lagavulin","floor":7,"turns":7},{"damage":7,"enemies":"2 Louse","floor":8,"turns":2},{"damage":34,"enemies":"Lagavulin Event","floor":14,"turns":5},{"damage":59,"enemies":"Slime Boss","floor":16,"turns":8}],"seed_played":"-3255163951189320602","potions_obtained":[{"floor":7,"key":"SteroidPotion"},{"floor":14,"key":"Poison Potion"}],"is_trial":false,"path_per_floor":["M","?","?","?","$","R","E","M","T","?","R","?","R","?","R","B"],"character_chosen":"DEFECT","items_purchased":[],"campfire_rested":4,"item_purchase_floors":[],"current_hp_per_floor":[56,49,54,43,43,67,32,25,25,18,42,42,66,32,56,0],"gold":24,"neow_bonus":"BOSS_RELIC","is_prod":false,"is_daily":false,"chose_seed":false,"campfire_upgraded":0,"win_rate":0,"timestamp":1544157280,"path_taken":["M","?","?","?","?","R","E","?","T","?","R","?","R","?","R","BOSS"],"build_version":"2018-12-06","purchased_purges":1,"victory":false,"max_hp_per_floor":[75,75,80,80,80,80,80,80,80,80,80,80,80,80,80,80],"card_choices":[{"not_picked":["Turbo","Darkness"],"picked":"Streamline","floor":1},{"not_picked":["Tempest","Aggregate"],"picked":"Hologram","floor":7},{"not_picked":["Aggregate","Leap"],"picked":"Hologram","floor":8},{"not_picked":["Double Energy+1","Stack+1"],"picked":"Leap+1","floor":14}],"player_experience":571000,"relics_obtained":[{"floor":7,"key":"Centennial Puzzle"},{"floor":9,"key":"Toxic Egg 2"},{"floor":14,"key":"Bottled Flame"}],"event_choices":[{"damage_healed":0,"gold_gain":0,"player_choice":"Success","damage_taken":7,"relics_obtained":["Gremlin Horn"],"max_hp_gain":0,"max_hp_loss":0,"event_name":"Scrap Ooze","floor":2,"gold_loss":0},{"damage_healed":0,"gold_gain":0,"player_choice":"Donut","damage_taken":0,"max_hp_gain":5,"max_hp_loss":0,"event_name":"Big Fish","floor":3,"gold_loss":0},{"damage_healed":0,"gold_gain":75,"player_choice":"Gather Gold","damage_taken":11,"max_hp_gain":0,"max_hp_loss":0,"event_name":"World of Goop","floor":4,"gold_loss":0},{"cards_removed":["Defend_B"],"damage_healed":0,"gold_gain":0,"player_choice":"Card Removal","damage_taken":7,"max_hp_gain":0,"max_hp_loss":0,"event_name":"Golden Wing","floor":10,"gold_loss":0},{"damage_healed":0,"gold_gain":0,"player_choice":"Ignored","damage_taken":0,"max_hp_gain":0,"max_hp_loss":0,"event_name":"Liars Game","floor":12,"gold_loss":0},{"damage_healed":0,"gold_gain":0,"player_choice":"Searched \u00272\u0027 times","damage_taken":0,"max_hp_gain":0,"max_hp_loss":0,"event_name":"Dead Adventurer","floor":14,"gold_loss":0}],"is_beta":false,"boss_relics":[],"items_purged_floors":[5],"is_endless":false,"potions_floor_spawned":[7,14],"killed_by":"Slime Boss","ascension_level":8}