{"gold_per_floor":[114,189,204,204,219,219,234,234,259,289,304,4,19,34],"floor_reached":14,"playtime":576,"items_purged":[],"score":144,"play_id":"7bd6fbf3-e2eb-4398-b61b-90378ddbe35f","local_time":"20180901012519","daily_mods":["Shiny","Cursed Run","Uncertain Future"],"is_ascension_mode":false,"campfire_choices":[{"data":"Offering","floor":6,"key":"SMITH"},{"data":"Feed","floor":8,"key":"SMITH"}],"neow_cost":"","seed_source_timestamp":0,"circlet_count":0,"master_deck":["Double Tap","Demon Form","Bludgeon","Feed+1","Limit Break","Barricade","Fiend Fire","Dark Embrace","Berserk","Impervious","Juggernaut","Brutality","Reaper","Exhume","Offering+1","Immolate","True Grit","Cleave","Sentinel+1","Shame","True Grit+1"],"special_seed":17775,"relics":["Cursed Key","Darkstone Periapt","Du-Vu Doll","Toxic Egg 2","Oddly Smooth Stone","Ornamental Fan","Vajra","Bag of Preparation"],"potions_floor_usage":[],"damage_taken":[{"damage":0,"enemies":"Jaw Worm","floor":1,"turns":2},{"damage":0,"enemies":"2 Louse","floor":3,"turns":2},{"damage":0,"enemies":"Cultist","floor":5,"turns":2},{"damage":17,"enemies":"Large Slime","floor":7,"turns":2},{"damage":14,"enemies":"Lagavulin","floor":10,"turns":3},{"damage":6,"enemies":"3 Louse","floor":11,"turns":2},{"damage":1,"enemies":"Looter","floor":13,"turns":4},{"damage":14,"enemies":"Exordium Wildlife","floor":14,"turns":2}],"seed_played":"7006954628493323479","potions_obtained":[{"floor":1,"key":"SkillPotion"},{"floor":11,"key":"SkillPotion"},{"floor":14,"key":"SpeedPotion"}],"is_trial":false,"path_per_floor":["M","?","M","?","M","R","M","R","T","E","M","$","M"],"character_chosen":"IRONCLAD","items_purchased":["Vajra","Bag of Preparation"],"campfire_rested":0,"item_purchase_floors":[12,12],"current_hp_per_floor":[83,72,75,72,72,72,55,55,61,51,53,53,58,60],"gold":34,"neow_bonus":"","is_prod":false,"is_daily":true,"chose_seed":false,"campfire_upgraded":2,"win_rate":0,"timestamp":1535779519,"path_taken":["M","?","M","?","?","R","M","R","T","E","M","$","M","M"],"build_version":"2018-08-30","purchased_purges":0,"victory":false,"max_hp_per_floor":[83,83,86,86,86,86,86,86,92,96,104,104,104,108],"card_choices":[{"not_picked":["Hemokinesis","Havoc"],"picked":"True Grit","floor":1},{"not_picked":["Clothesline","Uppercut"],"picked":"Cleave","floor":3},{"not_picked":["Clash","Havoc+1","Thunderclap"],"picked":"SKIP","floor":5},{"not_picked":["Dark Embrace","Flex+1"],"picked":"Sentinel+1","floor":7},{"not_picked":["Iron Wave","Fiend Fire","Perfected Strike"],"picked":"SKIP","floor":10},{"not_picked":["Heavy Blade","Clothesline","Sword Boomerang"],"picked":"SKIP","floor":11},{"not_picked":["Wild Strike","Rupture"],"picked":"True Grit+1","floor":13}],"player_experience":332230,"relics_obtained":[{"floor":9,"key":"Oddly Smooth Stone"},{"floor":10,"key":"Ornamental Fan"}],"event_choices":[{"event_name":"World of Goop","player_choice":"Gather Gold","floor":2,"damage_taken":0},{"event_name":"Scrap Ooze","player_choice":"success","floor":4,"damage_taken":3}],"is_beta":true,"boss_relics":[],"items_purged_floors":[],"is_endless":false,"potions_floor_spawned":[1,11,14],"killed_by":"Exordium Wildlife","ascension_level":0}