{"path_per_floor":["M","M","M","M","M","E","M","R","T","?","?","E","R","M","R","B",null,"M","$","M","$","M","R","E","M","T","M","M","E","R","?","R","B",null,"M","M","M","$","?","E","R","M","T","$","?","M","R","M","R","B"],"character_chosen":"THE_SILENT","items_purchased":["Backflip","Footwork","Riddle With Holes","Quick Slash"],"gold_per_floor":[114,129,144,159,174,204,219,219,219,219,219,249,249,264,264,394,394,409,252,267,88,103,103,133,148,173,188,203,233,233,233,233,333,333,348,363,378,200,200,230,230,245,245,95,95,110,110,125,125,125],"floor_reached":51,"campfire_rested":0,"playtime":2583,"current_hp_per_floor":[70,69,69,69,69,52,52,52,52,52,52,50,50,50,50,50,70,70,70,70,70,70,70,70,70,70,70,77,77,77,77,77,77,77,77,77,77,77,77,40,40,44,44,44,44,46,46,48,48,39],"items_purged":["Strike_G","Defend_G","Strike_G","Defend_G"],"gold":125,"score":933,"play_id":"b8e901e6-b683-444b-83fe-9373fded7469","local_time":"20180509103813","daily_mods":["Heirloom","Binary","Vintage"],"is_prod":false,"is_daily":true,"chose_seed":false,"is_ascension_mode":false,"campfire_upgraded":9,"timestamp":1525887493,"path_taken":["M","M","M","M","M","E","M","R","T","?","?","E","R","M","R","BOSS","M","$","M","$","M","R","E","M","T","M","M","E","R","?","R","BOSS","M","M","M","$","?","E","R","M","T","$","?","M","R","M","R","BOSS"],"build_version":"2018-05-03","seed_source_timestamp":0,"purchased_purges":4,"victory":true,"master_deck":["Defend_G+1","Defend_G","Defend_G","Strike_G+1","Strike_G+1","Strike_G+1","Survivor+1","Neutralize+1","Quick Slash+1","Die Die Die","Backflip+1","Footwork+1","Riddle With Holes+1","Dodge and Roll+1","Sucker Punch+1","Quick Slash+1","Sadistic Nature+1","Dagger Spray+1"],"max_hp_per_floor":[70,70,70,70,70,70,70,70,70,70,70,70,70,70,70,70,70,70,70,70,70,70,70,70,70,70,70,77,77,77,77,77,77,77,77,77,77,77,77,77,77,77,77,77,77,77,77,77,77,77],"relics":["Ring of the Snake","Torii","Shuriken","Ninja Scroll","Bag of Marbles","Bird Faced Urn","Tough Bandages","Ginger","Pen Nib","Happy Flower","Ancient Tea Set","Whetstone","Tiny Chest","White Beast Statue","Letter Opener","Dream Catcher","Darkstone Periapt","Juzu Bracelet","Centennial Puzzle","Art of War","Gambling Chip","Strawberry","Calipers","Molten Egg 2","Black Star","Tingsha","Mercury Hourglass","Paper Crane","Singing Bowl","Anchor","Dead Branch","Pantograph","War Paint","Prayer Wheel"],"card_choices":[{"not_picked":["Dash"],"picked":"Quick Slash","floor":12},{"not_picked":["Bullet Time"],"picked":"Die Die Die","floor":16},{"not_picked":["Calculated Gamble"],"picked":"Dodge and Roll","floor":24},{"not_picked":["Flechettes"],"picked":"Sucker Punch","floor":29},{"not_picked":["Jack Of All Trades"],"picked":"Sadistic Nature","floor":39},{"not_picked":["Deadly Poison"],"picked":"Dagger Spray","floor":40}],"player_experience":274247,"potions_floor_usage":[16,16,22,24,24,27,33,33,33,42,50,50,50],"damage_taken":[{"damage":0,"enemies":"Small Slimes","floor":1,"turns":4},{"damage":1,"enemies":"Cultist","floor":2,"turns":5},{"damage":0,"enemies":"Jaw Worm","floor":3,"turns":3},{"damage":0,"enemies":"2 Fungi Beasts","floor":4,"turns":1},{"damage":0,"enemies":"Gremlin Gang","floor":5,"turns":3},{"damage":17,"enemies":"Lagavulin","floor":6,"turns":7},{"damage":0,"enemies":"Exordium Wildlife","floor":7,"turns":3},{"damage":2,"enemies":"3 Sentries","floor":12,"turns":8},{"damage":0,"enemies":"3 Louse","floor":14,"turns":1},{"damage":0,"enemies":"The Guardian","floor":16,"turns":10},{"damage":0,"enemies":"Spheric Guardian","floor":18,"turns":3},{"damage":0,"enemies":"Shell Parasite","floor":20,"turns":1},{"damage":0,"enemies":"Centurion and Healer","floor":22,"turns":3},{"damage":0,"enemies":"Book of Stabbing","floor":24,"turns":3},{"damage":0,"enemies":"Snecko","floor":25,"turns":2},{"damage":0,"enemies":"Sentry and Sphere","floor":27,"turns":3},{"damage":0,"enemies":"Snake Plant","floor":28,"turns":2},{"damage":0,"enemies":"Gremlin Leader","floor":29,"turns":4},{"damage":0,"enemies":"Automaton","floor":33,"turns":10},{"damage":0,"enemies":"3 Shapes","floor":35,"turns":1},{"damage":0,"enemies":"Orb Walker","floor":36,"turns":2},{"damage":0,"enemies":"Sphere and 2 Shapes","floor":37,"turns":1},{"damage":37,"enemies":"Giant Head","floor":40,"turns":8},{"damage":0,"enemies":"3 Darklings","floor":42,"turns":2},{"damage":0,"enemies":"4 Shapes","floor":46,"turns":1},{"damage":0,"enemies":"Sphere and 2 Shapes","floor":48,"turns":1},{"damage":38,"enemies":"Awakened One","floor":50,"turns":11}],"event_choices":[{"event_name":"The Lab","player_choice":"Got Potions","floor":10,"damage_taken":0},{"event_name":"The Woman in Blue","player_choice":"Bought 0 Potions","floor":11,"damage_taken":0},{"event_name":"Drug Dealer","player_choice":"Ignored","floor":31,"damage_taken":0},{"event_name":"SensoryStone","player_choice":"Memory 1","floor":39,"damage_taken":0},{"event_name":"Accursed Blacksmith","player_choice":"Ignore","floor":45,"damage_taken":0}],"boss_relics":[{"not_picked":["Runic Pyramid","Philosopher\u0027s Stone"],"picked":"White Beast Statue"},{"not_picked":["Lizard Tail","Runic Dome"],"picked":"Black Star"}],"potions_floor_spawned":[1,2,6,12,16,18,20,22,24,25,27,28,29,33,35,36,37,40,42,46,48],"seed_played":"-2911517459115267466","ascension_level":0,"is_trial":false}