{"gold_per_floor":[119,119,119,43,43,43,68,68,115,187,207,207,219,169,169,271,271,281,281,68,78,78,78,107,124,124,124,124,24,35,91,91,186,186,203,203,78,78,89,122,122,122,172,192,208,238,238,252,252,252],"floor_reached":51,"playtime":3257,"items_purged":["Shame","Decay","Strike_G"],"score":1195,"play_id":"a8730dc2-2f8c-4b16-b830-87d3b8df7da9","local_time":"20190326211732","is_ascension_mode":true,"campfire_choices":[{"data":"Cloak And Dagger","floor":6.0,"key":"SMITH"},{"data":"Blade Dance","floor":8.0,"key":"SMITH"},{"floor":12.0,"key":"REST"},{"floor":15.0,"key":"REST"},{"data":"Accuracy","floor":23.0,"key":"SMITH"},{"floor":28.0,"key":"REST"},{"floor":32.0,"key":"REST"},{"floor":41,"key":"REST"},{"data":"Choke","floor":47,"key":"SMITH"},{"floor":49,"key":"REST"}],"neow_cost":"NONE","seed_source_timestamp":10867361199772,"circlet_count":0,"master_deck":["AscendersBane","Defend_G","Defend_G","Defend_G","Defend_G","Defend_G","Strike_G","Strike_G+1","Survivor","Neutralize","Blade Dance+1","Cloak And Dagger+1","Dagger Throw+1","Poisoned Stab","Cloak And Dagger","Eviscerate","Bouncing Flask","Accuracy+1","Malaise","Noxious Fumes","Choke+1","Heel Hook+1","Dash","Backflip+1","Acrobatics+1","Wraith Form v2","Crippling Poison+1","Burst","Skewer+1","Secret Weapon","Grand Finale","Corpse Explosion","Crippling Poison+1","Acrobatics+1","Cloak And Dagger+1"],"special_seed":0,"relics":["Snecko Eye","Gambling Chip","Oddly Smooth Stone","Dream Catcher","Bottled Lightning","Black Star","MawBank","Bottled Tornado","Bronze Scales","Meat on the Bone","Gremlin Horn","Tiny Chest","Shuriken","Philosopher\u0027s Stone","Bag of Preparation","Ginger","Smiling Mask","Ninja Scroll","Pen Nib"],"potions_floor_usage":[45,50],"damage_taken":[{"damage":7.0,"enemies":"Small Slimes","floor":1.0,"turns":4.0},{"damage":15.0,"enemies":"3 Sentries","floor":7.0,"turns":7.0},{"damage":0.0,"enemies":"Jaw Worm","floor":11.0,"turns":3.0},{"damage":0.0,"enemies":"2 Louse","floor":13.0,"turns":2.0},{"damage":0.0,"enemies":"Slime Boss","floor":16.0,"turns":7.0},{"damage":11.0,"enemies":"3 Byrds","floor":18.0,"turns":5.0},{"damage":11.0,"enemies":"Spheric Guardian","floor":21.0,"turns":3.0},{"damage":40.0,"enemies":"Book of Stabbing","floor":24.0,"turns":8.0},{"damage":0.0,"enemies":"Cultist and Chosen","floor":25.0,"turns":5.0},{"damage":23.0,"enemies":"Sentry and Sphere","floor":30.0,"turns":4.0},{"damage":24.0,"enemies":"Gremlin Leader","floor":31.0,"turns":6.0},{"damage":33.0,"enemies":"Champ","floor":33.0,"turns":8.0},{"damage":0.0,"enemies":"3 Shapes","floor":35.0,"turns":3.0},{"damage":12,"enemies":"3 Darklings","floor":39,"turns":5},{"damage":40,"enemies":"Giant Head","floor":40,"turns":8},{"damage":0,"enemies":"Jaw Worm Horde","floor":44,"turns":1},{"damage":14,"enemies":"Transient","floor":45,"turns":5},{"damage":6,"enemies":"Nemesis","floor":46,"turns":5},{"damage":0,"enemies":"3 Darklings","floor":48,"turns":2},{"damage":61,"enemies":"Awakened One","floor":50,"turns":10}],"seed_played":"-5602456823207725044","potions_obtained":[{"floor":1.0,"key":"Swift Potion"},{"floor":13.0,"key":"GamblersBrew"},{"floor":18.0,"key":"Strength Potion"},{"floor":21.0,"key":"FearPotion"},{"floor":40,"key":"FearPotion"},{"floor":48,"key":"AttackPotion"}],"is_trial":false,"path_per_floor":["M","?","?","$","?","R","E","R","T","T","M","R","M","?","R","B",null,"M","?","$","M","T","R","E","M","T","?","R","$","M","E","R","B",null,"M","?","$","?","M","E","R","?","T","M","M","E","R","M","R","B",null],"character_chosen":"THE_SILENT","items_purchased":["Cloak And Dagger","Dagger Throw","Noxious Fumes","Choke"],"campfire_rested":6,"item_purchase_floors":[4,4,20,20],"current_hp_per_floor":[56,56,49,49,35,35,20,20,20,20,20,41,41,41,62,62,68,57,57,57,46,46,46,6,18,18,18,39,39,28,16,37,16,57,57,57,57,57,45,17,38,38,38,38,36,42,42,42,63,14],"gold":252,"neow_bonus":"BOSS_RELIC","is_prod":false,"is_daily":false,"chose_seed":false,"campfire_upgraded":4,"win_rate":0,"timestamp":1553602652,"path_taken":["M","?","?","$","?","R","E","R","T","?","M","R","?","?","R","BOSS","M","?","$","M","?","R","E","M","T","?","R","$","M","E","R","BOSS","M","?","$","?","?","E","R","?","T","M","M","E","R","M","R","BOSS"],"build_version":"2019-01-23","purchased_purges":3,"victory":true,"max_hp_per_floor":[70,70,70,70,70,70,70,70,70,70,70,70,70,70,70,70,70,70,70,70,70,70,70,70,70,70,70,70,70,70,70,70,70,70,70,70,70,70,70,70,70,70,70,70,70,70,70,70,70,70],"card_choices":[{"not_picked":["PiercingWail","Slice"],"picked":"Blade Dance","floor":1.0},{"not_picked":["Deflect","Terror"],"picked":"Poisoned Stab","floor":7.0},{"not_picked":["Acrobatics","Slice"],"picked":"Cloak And Dagger","floor":11.0},{"not_picked":["Bane","All Out Attack"],"picked":"Eviscerate","floor":12.0},{"not_picked":["Flying Knee","Underhanded Strike"],"picked":"Bouncing Flask","floor":13.0},{"not_picked":["Dagger Throw","Reflex"],"picked":"Accuracy","floor":15.0},{"not_picked":["Bullet Time","Venomology"],"picked":"Malaise","floor":16.0},{"not_picked":["Dagger Spray+1","Cloak And Dagger"],"picked":"Flying Knee+1","floor":18.0},{"not_picked":["Bane+1","Prepared+1"],"picked":"Heel Hook+1","floor":21.0},{"not_picked":["Expertise","Outmaneuver"],"picked":"Dash","floor":24.0},{"not_picked":["Outmaneuver","Poisoned Stab"],"picked":"Backflip+1","floor":25.0},{"not_picked":["Bouncing Flask","Dagger Throw"],"picked":"Acrobatics+1","floor":28.0},{"not_picked":["Dodge and Roll","Flying Knee"],"picked":"Wraith Form v2","floor":30.0},{"not_picked":["Outmaneuver+1","Acrobatics"],"picked":"Crippling Poison+1","floor":31.0},{"not_picked":["Malaise","Tools of the Trade"],"picked":"Burst","floor":33.0},{"not_picked":["Sucker Punch+1","Blade Dance+1"],"picked":"Skewer+1","floor":35.0},{"not_picked":["Secret Technique","Good Instincts"],"picked":"Secret Weapon","floor":36.0},{"not_picked":["Backflip","Blade Dance","Flying Knee"],"picked":"SKIP","floor":39},{"not_picked":["Dodge and Roll","Poisoned Stab","Setup+1"],"picked":"SKIP","floor":40},{"not_picked":["Prepared","Poisoned Stab+1"],"picked":"Corpse Explosion","floor":41},{"not_picked":["Acrobatics+1","All Out Attack+1","Backflip"],"picked":"SKIP","floor":44},{"not_picked":["Underhanded Strike","Noxious Fumes+1"],"picked":"Crippling Poison+1","floor":45},{"not_picked":["PiercingWail","Slice+1"],"picked":"Acrobatics+1","floor":46},{"not_picked":["Poisoned Stab","Infinite Blades","Outmaneuver+1"],"picked":"SKIP","floor":48},{"not_picked":["Heel Hook","Outmaneuver"],"picked":"Cloak And Dagger+1","floor":49}],"player_experience":606034,"relics_obtained":[{"floor":7.0,"key":"Oddly Smooth Stone"},{"floor":9.0,"key":"Dream Catcher"},{"floor":10.0,"key":"Bottled Lightning"},{"floor":22.0,"key":"Bottled Tornado"},{"floor":24.0,"key":"Bronze Scales"},{"floor":24.0,"key":"Meat on the Bone"},{"floor":26.0,"key":"Gremlin Horn"},{"floor":31.0,"key":"Tiny Chest"},{"floor":31.0,"key":"Shuriken"},{"floor":40,"key":"Bag of Preparation"},{"floor":40,"key":"Ginger"},{"floor":43,"key":"Smiling Mask"},{"floor":46,"key":"Ninja Scroll"},{"floor":46,"key":"Pen Nib"}],"event_choices":[{"damage_healed":0.0,"max_hp_gain":0.0,"max_hp_loss":0.0,"gold_gain":0.0,"event_name":"Big Fish","player_choice":"Box","floor":2.0,"gold_loss":0.0,"damage_taken":0.0,"relics_obtained":["Gambling Chip"],"cards_obtained":["Regret"]},{"cards_removed":["Regret"],"damage_healed":0.0,"max_hp_gain":0.0,"max_hp_loss":0.0,"gold_gain":0.0,"event_name":"Golden Wing","player_choice":"Card Removal","floor":3.0,"gold_loss":0.0,"damage_taken":7.0},{"damage_healed":0.0,"max_hp_gain":0.0,"max_hp_loss":0.0,"gold_gain":0.0,"event_name":"Shining Light","player_choice":"Entered Light","floor":5.0,"gold_loss":0.0,"damage_taken":14.0,"cards_upgraded":["Dagger Throw","Strike_G"]},{"cards_removed":["Strike_G"],"damage_healed":0.0,"max_hp_gain":0.0,"max_hp_loss":0.0,"gold_gain":0.0,"event_name":"The Cleric","player_choice":"Card Removal","floor":14.0,"gold_loss":50.0,"damage_taken":0.0},{"damage_healed":0.0,"max_hp_gain":0.0,"max_hp_loss":0.0,"gold_gain":0.0,"event_name":"Addict","player_choice":"Stole Relic","floor":19.0,"gold_loss":0.0,"damage_taken":0.0,"relics_obtained":["MawBank"],"cards_obtained":["Shame"]},{"damage_healed":0.0,"max_hp_gain":0.0,"max_hp_loss":0.0,"gold_gain":0.0,"event_name":"Forgotten Altar","player_choice":"Smashed Altar","floor":27.0,"gold_loss":0.0,"damage_taken":0.0,"cards_obtained":["Decay"]},{"damage_healed":0.0,"max_hp_gain":0.0,"max_hp_loss":0.0,"gold_gain":0.0,"event_name":"SensoryStone","player_choice":"Memory 1","floor":36.0,"gold_loss":0.0,"damage_taken":0.0},{"damage_healed":0.0,"max_hp_gain":0.0,"max_hp_loss":0.0,"gold_gain":0.0,"cards_transformed":["Strike_G"],"event_name":"Transmorgrifier","player_choice":"Transformed","floor":38.0,"gold_loss":0.0,"damage_taken":0.0,"cards_obtained":["Grand Finale"]},{"cards_removed":["Flying Knee"],"damage_healed":0,"gold_gain":0,"player_choice":"Removed Attack","damage_taken":0,"max_hp_gain":0,"max_hp_loss":0,"event_name":"Falling","floor":42,"gold_loss":0}],"is_beta":false,"boss_relics":[{"not_picked":["Lizard Tail","HoveringKite"],"picked":"Black Star"},{"not_picked":["White Beast Statue","Eternal Feather"],"picked":"Philosopher\u0027s Stone"}],"items_purged_floors":[20,29,37],"is_endless":false,"potions_floor_spawned":[1,13,18,21,25,31,40,48],"ascension_level":11}