{"path_per_floor":["M","?","?","?","M","E","M","?","T","?","M","M","M","E","R","B",null,"M","?","M","$","M","E","$","R","T","R","E","?","?","$","R","B",null,"M","?","$","M","M","E","R","M","T"],"character_chosen":"THE_SILENT","items_purchased":["Matryoshka","Finesse","Molten Egg 2"],"gold_per_floor":[114,114,189,189,204,234,249,249,249,249,264,279,294,324,324,424,424,439,439,454,106,121,151,151,151,176,176,206,0,250,0,0,100,100,115,115,115,130,145,175,175,190,190,190],"floor_reached":44,"campfire_rested":2,"playtime":1851,"item_purchase_floors":[21,21,31],"current_hp_per_floor":[70,56,45,45,45,29,29,29,42,48,41,40,36,34,34,39,95,70,54,44,44,34,17,17,17,23,54,13,13,19,19,52,61,124,111,101,101,85,40,26,26,21,27,0],"items_purged":[],"gold":190,"score":736,"play_id":"ed059bdf-5ebd-4fda-b162-b8dcfc88f084","local_time":"20180531212717","daily_mods":["Diverse","Cursed Run","Binary"],"is_prod":false,"is_daily":true,"chose_seed":false,"is_ascension_mode":false,"campfire_upgraded":1,"win_rate":0,"timestamp":1527816437,"campfire_choices":[{"data":"Genetic Algorithm","floor":15,"key":"SMITH"},{"floor":25,"key":"DIG"},{"floor":27,"key":"REST"},{"floor":32,"key":"REST"},{"floor":41,"key":"DIG"}],"path_taken":["M","?","?","?","M","E","?","?","T","?","M","M","M","E","R","BOSS","M","?","?","?","?","E","$","R","T","R","E","?","?","$","R","BOSS","M","?","?","M","M","E","R","M","T","E"],"build_version":"2018-05-30v2","seed_source_timestamp":285192395817881,"purchased_purges":0,"victory":false,"master_deck":["Defend_G","Defend_G","Defend_G","Defend_G","Strike_G+1","Strike_G","Strike_G","Survivor","Neutralize+1","Skewer+1","Coolheaded","Finisher","Genetic Algorithm+1","Injury","Regret","Flex","Shrug It Off","Slice","Double Tap","Second Wind+1","Finesse","Turbo","Chill","Pain","Double Energy","Regret","Regret","Demon Form","Go for the Eyes+1","Searing Blow+1","Doubt","Clash+1","Master of Strategy","Panacea","Flash of Steel+1","Shrug It Off","Prepared+1","Injury"],"max_hp_per_floor":[70,70,70,70,70,70,70,70,83,89,89,89,89,89,89,95,95,95,95,95,95,100,100,100,100,106,106,106,106,112,112,112,118,124,124,124,124,124,124,124,124,127,133,133],"relics":["Cursed Key","Darkstone Periapt","Du-Vu Doll","Question Card","Strawberry","Torii","Shovel","Lizard Tail","Nilry\u0027s Codex","Matryoshka","Bag of Preparation","Ancient Tea Set","Lantern","Oddly Smooth Stone","Orichalcum","Molten Egg 2","Astrolabe","Pen Nib","Thread and Needle","Ornamental Fan","Singing Bowl"],"card_choices":[{"not_picked":["Blood for Blood"],"picked":"Skewer","floor":1},{"not_picked":["Hemokinesis"],"picked":"Coolheaded","floor":5},{"not_picked":["Recycle"],"picked":"Finisher","floor":6},{"not_picked":["Crippling Poison","Havoc"],"picked":"Genetic Algorithm","floor":7},{"not_picked":["Static Discharge","Quick Slash"],"picked":"Flex","floor":11},{"not_picked":["Deadly Poison","Immolate"],"picked":"Shrug It Off","floor":12},{"not_picked":["Redo","Second Wind"],"picked":"Slice","floor":13},{"not_picked":["Cleave","Havoc","Glacier"],"picked":"SKIP","floor":14},{"not_picked":["Reaper","Creative AI"],"picked":"Double Tap","floor":16},{"not_picked":["Anger","Twin Strike+1","Accuracy"],"picked":"SKIP","floor":18},{"not_picked":["Infinite Blades","Conserve Battery"],"picked":"Second Wind+1","floor":20},{"not_picked":["Infernal Blade","Rebound"],"picked":"Turbo","floor":22},{"not_picked":["Biased Cognition","Dodge and Roll"],"picked":"Chill","floor":23},{"not_picked":["Dagger Throw+1","Carnage"],"picked":"Double Energy","floor":28},{"not_picked":["Meteor Strike+1","Wraith Form v2"],"picked":"Demon Form","floor":33},{"not_picked":["Crippling Poison+1","Deadly Poison+1"],"picked":"Clash+1","floor":35},{"not_picked":["Purity","Swift Strike+1"],"picked":"Master of Strategy","floor":36},{"not_picked":["Bandage Up","Dramatic Entrance+1"],"picked":"Panacea","floor":36},{"not_picked":["Panacea","Transmutation"],"picked":"Flash of Steel+1","floor":36},{"not_picked":["Underhanded Strike+1","Chill+1","Cold Snap+1"],"picked":"SKIP","floor":38},{"not_picked":["Barrage+1","Flechettes+1","Reinforced Body"],"picked":"SKIP","floor":39},{"not_picked":["Thunderclap+1","Deflect"],"picked":"Shrug It Off","floor":40},{"not_picked":["Ghostly Armor","Havoc"],"picked":"Prepared+1","floor":42}],"player_experience":231689,"potions_floor_usage":[6,16,22,23,23,33,33],"damage_taken":[{"damage":0,"enemies":"Jaw Worm","floor":1,"turns":4},{"damage":0,"enemies":"2 Louse","floor":5,"turns":2},{"damage":16,"enemies":"Gremlin Nob","floor":6,"turns":4},{"damage":0,"enemies":"Small Slimes","floor":7,"turns":3},{"damage":7,"enemies":"Exordium Thugs","floor":11,"turns":3},{"damage":1,"enemies":"Looter","floor":12,"turns":2},{"damage":4,"enemies":"Gremlin Gang","floor":13,"turns":6},{"damage":2,"enemies":"Lagavulin","floor":14,"turns":5},{"damage":1,"enemies":"Slime Boss","floor":16,"turns":3},{"damage":25,"enemies":"Shell Parasite","floor":18,"turns":4},{"damage":10,"enemies":"2 Thieves","floor":20,"turns":4},{"damage":15,"enemies":"Sentry and Sphere","floor":22,"turns":5},{"damage":17,"enemies":"Book of Stabbing","floor":23,"turns":4},{"damage":41,"enemies":"Gremlin Leader","floor":28,"turns":7},{"damage":62,"enemies":"Champ","floor":33,"turns":13},{"damage":13,"enemies":"Flame Bruiser 1 Orb","floor":35,"turns":4},{"damage":16,"enemies":"3 Shapes","floor":38,"turns":4},{"damage":45,"enemies":"Transient","floor":39,"turns":5},{"damage":14,"enemies":"2 Orb Walkers","floor":40,"turns":4},{"damage":8,"enemies":"Sphere and 2 Shapes","floor":42,"turns":7},{"damage":38,"enemies":"Nemesis","floor":44,"turns":5}],"relics_obtained":[{"floor":6,"key":"Question Card"},{"floor":9,"key":"Strawberry"},{"floor":14,"key":"Shovel"},{"floor":19,"key":"Nilry\u0027s Codex"},{"floor":23,"key":"Bag of Preparation"},{"floor":25,"key":"Ancient Tea Set"},{"floor":26,"key":"Lantern"},{"floor":26,"key":"Oddly Smooth Stone"},{"floor":28,"key":"Orichalcum"},{"floor":40,"key":"Pen Nib"},{"floor":41,"key":"Thread and Needle"},{"floor":43,"key":"Ornamental Fan"},{"floor":43,"key":"Singing Bowl"}],"event_choices":[{"event_name":"Shining Light","player_choice":"Entered Light","floor":2,"damage_taken":0},{"event_name":"World of Goop","player_choice":"Gather Gold","floor":3,"damage_taken":0},{"event_name":"Upgrade Shrine","player_choice":"Upgraded","floor":4,"damage_taken":0},{"event_name":"Purifier","player_choice":"One Purge","floor":8,"damage_taken":0},{"event_name":"Big Fish","player_choice":"Box","floor":10,"damage_taken":0},{"event_name":"Cursed Tome","player_choice":"Obtained Book","floor":19,"damage_taken":0},{"event_name":"Masked Bandits","player_choice":"Paid Bandits 206 gold","floor":29,"damage_taken":0},{"event_name":"Golden Shrine","player_choice":"Desecrate","floor":30,"damage_taken":0},{"event_name":"SensoryStone","player_choice":"Memory 3","floor":36,"damage_taken":0}],"boss_relics":[{"not_picked":["Eternal Feather","Philosopher\u0027s Stone"],"picked":"Lizard Tail"},{"not_picked":["Snecko Eye","Runic Dome"],"picked":"Astrolabe"}],"items_purged_floors":[],"potions_floor_spawned":[1,6,11,12,13,16,18,20,22,28,40],"seed_played":"-2361439941801122152","killed_by":"Nemesis","ascension_level":0,"potions_obtained":[{"floor":1,"key":"Weak Potion"},{"floor":6,"key":"Strength Potion"},{"floor":11,"key":"SteroidPotion"},{"floor":12,"key":"FearPotion"},{"floor":13,"key":"Weak Potion"},{"floor":16,"key":"GhostInAJar"},{"floor":20,"key":"Fruit Juice"},{"floor":22,"key":"Energy Potion"},{"floor":28,"key":"SpeedPotion"},{"floor":40,"key":"FearPotion"}],"is_trial":false}