{"path_per_floor":["M","?","$","M","M","E","M","E","T","T","$","R","M","M","R","B",null,"M","M","M","M","T","M","R","E","T","M","M","R","$","?","R","B",null,"M","M","?","M","M","R","E","R","T","M","R","E","M","M","R","B"],"character_chosen":"THE_SILENT","items_purchased":["Cloak And Dagger","Finesse","Escape Plan","Ninja Scroll","Backflip"],"gold_per_floor":[117,117,7,26,42,70,82,110,110,162,5,5,16,28,28,123,123,140,160,175,191,247,263,263,297,297,309,322,322,38,38,38,137,137,156,172,172,185,204,204,235,235,259,271,271,304,316,326,326,326],"floor_reached":51,"campfire_rested":1,"playtime":3049,"current_hp_per_floor":[61,61,61,61,61,53,38,29,29,29,29,47,47,35,35,18,52,52,50,42,42,42,36,36,36,36,29,41,41,41,41,41,19,52,52,47,47,33,43,43,43,43,43,52,52,52,48,48,48,37],"items_purged":["Strike_G"],"gold":326,"score":1282,"play_id":"d55e42c4-69af-478b-862f-d6fae5deefb4","local_time":"20180419121423","is_prod":false,"is_daily":false,"chose_seed":false,"is_ascension_mode":true,"campfire_upgraded":8,"timestamp":1524132863,"path_taken":["M","?","?","M","M","E","M","E","T","?","$","R","?","M","R","BOSS","M","?","M","M","?","M","R","E","T","M","?","R","$","?","R","BOSS","M","M","?","M","M","R","E","R","T","M","R","E","M","M","R","BOSS"],"build_version":"2018-04-12","seed_source_timestamp":0,"purchased_purges":1,"victory":true,"master_deck":["Survivor","Neutralize+1","AscendersBane","After Image+1","All Out Attack","Cloak And Dagger+1","Finesse","Heel Hook+1","Finisher","After Image+1","Escape Plan","PiercingWail","Blur","Die Die Die","Dodge and Roll","Dash+1","Heel Hook","Accuracy+1","Quick Slash+1","Sucker Punch+1","Deflect","Deflect","Finisher+1","Heel Hook+1","Terror+1","Backflip+1","Cloak And Dagger+1","Slice+1","Backflip","Sucker Punch","Burst","Glass Knife+1","Well Laid Plans+1","Escape Plan","Backflip+1","Sucker Punch+1","Cloak And Dagger+1","Choke+1","Slice+1"],"max_hp_per_floor":[63,63,63,63,63,63,63,63,63,63,63,63,63,63,63,63,63,63,63,63,63,63,63,63,63,63,63,63,63,63,63,63,63,63,63,63,63,63,63,63,63,63,63,63,63,63,63,63,63,63],"relics":["Ring of the Snake","Bag of Marbles","Frozen Egg 2","Mercury Hourglass","Ancient Tea Set","Pandora\u0027s Box","Tiny Chest","Matryoshka","Snake Skull","Meat on the Bone","Ninja Scroll","Runic Dome","Lantern","Pen Nib","War Paint","Whetstone"],"card_choices":[{"not_picked":["Burst","Tools of the Trade"],"picked":"After Image","floor":0.0},{"not_picked":["Quick Slash","Flechettes"],"picked":"All Out Attack","floor":1.0},{"not_picked":["Flying Knee","Deflect"],"picked":"Heel Hook","floor":4.0},{"not_picked":["Poisoned Stab","Dagger Spray"],"picked":"Dodge and Roll","floor":5.0},{"not_picked":["Infinite Blades","Deadly Poison"],"picked":"Finisher","floor":6.0},{"not_picked":["Dodge and Roll","Riddle With Holes"],"picked":"After Image","floor":8.0},{"not_picked":["Dodge and Roll","Expertise"],"picked":"PiercingWail","floor":13.0},{"not_picked":["Dash","Skewer"],"picked":"Blur","floor":14.0},{"not_picked":["Corpse Explosion","Wraith Form v2"],"picked":"Die Die Die","floor":16.0},{"not_picked":["Bane","PiercingWail"],"picked":"Heel Hook","floor":18},{"not_picked":["Sucker Punch","Poisoned Stab"],"picked":"Terror","floor":21},{"not_picked":["Acrobatics","Flechettes"],"picked":"Backflip","floor":23},{"not_picked":["Bane","Flying Knee"],"picked":"Cloak And Dagger","floor":27},{"not_picked":["Finisher","Venomology"],"picked":"Slice","floor":28},{"not_picked":["Bullet Time","Venomology"],"picked":"Glass Knife","floor":33},{"not_picked":["Underhanded Strike","Crippling Poison"],"picked":"Well Laid Plans","floor":35},{"not_picked":["All Out Attack","Accuracy"],"picked":"Escape Plan","floor":36},{"not_picked":["Dodge and Roll","Dagger Throw"],"picked":"Backflip","floor":38},{"not_picked":["Caltrops","Deflect"],"picked":"Sucker Punch","floor":41},{"not_picked":["Heel Hook","Deadly Poison"],"picked":"Cloak And Dagger","floor":44},{"not_picked":["Dodge and Roll","Masterful Stab"],"picked":"Choke","floor":46},{"not_picked":["PiercingWail","Quick Slash"],"picked":"Slice","floor":47}],"player_experience":318342,"potions_floor_usage":[33,33,44,50,50],"damage_taken":[{"damage":2.0,"enemies":"2 Louse","floor":1.0,"turns":4.0},{"damage":0.0,"enemies":"Cultist","floor":4.0,"turns":4.0},{"damage":0.0,"enemies":"Small Slimes","floor":5.0,"turns":3.0},{"damage":8.0,"enemies":"Lagavulin","floor":6.0,"turns":11.0},{"damage":15.0,"enemies":"Exordium Thugs","floor":7.0,"turns":4.0},{"damage":9.0,"enemies":"3 Sentries","floor":8.0,"turns":8.0},{"damage":0.0,"enemies":"Blue Slaver","floor":13.0,"turns":3.0},{"damage":12.0,"enemies":"Gremlin Gang","floor":14.0,"turns":4.0},{"damage":17.0,"enemies":"Slime Boss","floor":16.0,"turns":13.0},{"damage":0,"enemies":"Spheric Guardian","floor":18,"turns":6},{"damage":2,"enemies":"3 Byrds","floor":19,"turns":4},{"damage":8,"enemies":"Sentry and Sphere","floor":20,"turns":6},{"damage":0,"enemies":"Centurion and Healer","floor":21,"turns":6},{"damage":6,"enemies":"Snake Plant","floor":23,"turns":6},{"damage":0,"enemies":"Gremlin Leader","floor":25,"turns":7},{"damage":19,"enemies":"Cultist and Chosen","floor":27,"turns":6},{"damage":0,"enemies":"Centurion and Healer","floor":28,"turns":7},{"damage":34,"enemies":"Automaton","floor":33,"turns":11},{"damage":0,"enemies":"Orb Walker","floor":35,"turns":2},{"damage":5,"enemies":"3 Shapes","floor":36,"turns":4},{"damage":14,"enemies":"Sphere and 2 Shapes","floor":38,"turns":5},{"damage":2,"enemies":"4 Shapes","floor":39,"turns":4},{"damage":0,"enemies":"Giant Head","floor":41,"turns":5},{"damage":0,"enemies":"Maw","floor":44,"turns":6},{"damage":0,"enemies":"2 Orb Walkers","floor":46,"turns":4},{"damage":4,"enemies":"3 Darklings","floor":47,"turns":4},{"damage":0,"enemies":"4 Shapes","floor":48,"turns":3},{"damage":23,"enemies":"Awakened One","floor":50,"turns":10}],"event_choices":[{"event_name":"Upgrade Shrine","player_choice":"Upgraded","floor":2.0,"damage_taken":0.0},{"event_name":"Match and Keep!","player_choice":"2 cards matched","floor":31,"damage_taken":0}],"boss_relics":[{"not_picked":["Orrery","Tiny House"],"picked":"Pandora\u0027s Box"},{"not_picked":["Velvet Choker","Astrolabe"],"picked":"Runic Dome"}],"potions_floor_spawned":[1,4,8,14,19,20,25,28,38,41,46,47],"seed_played":"-1101923126170370233","ascension_level":12,"is_trial":false}