{"path_per_floor":["M","?","?","M","M","M","E","R","T","R","?","$","M","M","R","B",null,"M","M","?","?","M","R","E","R","T","?","$","R","T","M","R","B",null,"M","?","M","?","M","M","R"],"character_chosen":"DEFECT","items_purchased":["Blood Vial","Tiny Chest"],"gold_per_floor":[111,61,61,78,93,111,137,137,161,161,161,15,33,47,47,143,143,160,170,260,260,277,277,312,312,384,309,108,108,162,181,181,283,283,294,294,306,306,326,338,338,338],"floor_reached":42,"campfire_rested":5,"playtime":1868,"item_purchase_floors":[],"current_hp_per_floor":[72,72,65,58,57,41,23,45,45,45,30,30,32,34,56,58,75,66,68,44,28,27,55,16,44,44,44,44,50,50,59,65,2,75,74,74,75,66,50,33,63,0],"items_purged":["Defend_B"],"gold":338,"score":515,"play_id":"2ad0590b-befa-4a80-b0dd-36868a04a199","local_time":"20180605221157","is_prod":false,"is_daily":false,"chose_seed":false,"is_ascension_mode":true,"campfire_upgraded":3,"win_rate":0,"timestamp":1528261917,"campfire_choices":[{"floor":8.0,"key":"REST"},{"data":"Streamline","floor":10.0,"key":"SMITH"},{"floor":15.0,"key":"REST"},{"floor":23.0,"key":"REST"},{"floor":25.0,"key":"REST"},{"data":"Streamline","floor":29.0,"key":"SMITH"},{"data":"Defragment","floor":32.0,"key":"SMITH"},{"floor":41,"key":"REST"}],"path_taken":["M","?","?","?","M","M","E","R","T","R","?","?","M","M","R","BOSS","M","M","?","?","M","R","E","R","T","?","$","R","?","M","R","BOSS","M","?","M","?","M","?","R","E"],"build_version":"2018-05-31","seed_source_timestamp":0,"purchased_purges":1,"victory":false,"master_deck":["Strike_B+1","Defend_B+1","Defend_B","Zap+1","Dualcast","Beam Cell","Sweeping Beam","Rip and Tear","Streamline+1","Conserve Battery+1","Melter","FTL","Coolheaded","Glacier+1","Streamline+1","Defragment+1","Rainbow","Go for the Eyes","Glacier","Madness","Madness","Conserve Battery+1"],"max_hp_per_floor":[75,75,75,75,75,75,75,75,75,75,75,75,75,75,75,75,75,75,75,75,75,75,75,75,75,75,75,75,75,75,75,75,75,75,75,75,75,75,75,75,75,75],"relics":["Cracked Core","Bronze Scales","Omamori","Lantern","Blood Vial","Eternal Feather","Nilry\u0027s Codex","War Paint","Darkstone Periapt","Tiny Chest","Dream Catcher","Nuclear Battery"],"card_choices":[{"not_picked":["Genetic Algorithm","Double Energy"],"picked":"Beam Cell","floor":1.0},{"not_picked":["Chill","Rebound"],"picked":"Sweeping Beam","floor":4.0},{"not_picked":["Undo","Skim"],"picked":"Rip and Tear","floor":5.0},{"not_picked":["Fusion","Stack"],"picked":"Streamline","floor":6.0},{"not_picked":["Loop","Barrage"],"picked":"Conserve Battery","floor":7.0},{"not_picked":["Lockon","White Noise"],"picked":"Melter","floor":13.0},{"not_picked":["Turbo","Capacitor"],"picked":"FTL","floor":14.0},{"not_picked":["Compile Driver+1","Stack"],"picked":"Coolheaded","floor":18.0},{"not_picked":["Leap","Skim"],"picked":"Glacier+1","floor":19.0},{"not_picked":["Scrape+1","Auto Shields","Hello World"],"picked":"SKIP","floor":22.0},{"not_picked":["Ball Lightning","Go for the Eyes"],"picked":"Streamline","floor":24.0},{"not_picked":["Turbo","Hologram"],"picked":"Defragment","floor":31.0},{"not_picked":["Reboot","Amplify"],"picked":"Rainbow","floor":33.0},{"not_picked":["Sweeping Beam","Leap"],"picked":"Go for the Eyes","floor":35},{"not_picked":["Genetic Algorithm","Hello World"],"picked":"Glacier","floor":37},{"not_picked":["Streamline","Sweeping Beam","Ball Lightning"],"picked":"SKIP","floor":39},{"not_picked":["Hologram+1","Ball Lightning"],"picked":"Conserve Battery+1","floor":40}],"player_experience":300883,"potions_floor_usage":[39],"damage_taken":[{"damage":3.0,"enemies":"2 Louse","floor":1.0,"turns":3.0},{"damage":7.0,"enemies":"Small Slimes","floor":4.0,"turns":3.0},{"damage":1.0,"enemies":"Cultist","floor":5.0,"turns":3.0},{"damage":16.0,"enemies":"3 Louse","floor":6.0,"turns":3.0},{"damage":18.0,"enemies":"Lagavulin","floor":7.0,"turns":3.0},{"damage":0.0,"enemies":"Blue Slaver","floor":13.0,"turns":2.0},{"damage":0.0,"enemies":"2 Fungi Beasts","floor":14.0,"turns":2.0},{"damage":0.0,"enemies":"Slime Boss","floor":16.0,"turns":5.0},{"damage":9.0,"enemies":"3 Byrds","floor":18.0,"turns":3.0},{"damage":0.0,"enemies":"Spheric Guardian","floor":19.0,"turns":2.0},{"damage":3.0,"enemies":"Centurion and Healer","floor":22.0,"turns":4.0},{"damage":41.0,"enemies":"Slavers","floor":24.0,"turns":5.0},{"damage":0.0,"enemies":"Snecko","floor":31.0,"turns":3.0},{"damage":65.0,"enemies":"Automaton","floor":33.0,"turns":11.0},{"damage":1,"enemies":"3 Shapes","floor":35,"turns":4},{"damage":0,"enemies":"Orb Walker","floor":37,"turns":2},{"damage":18,"enemies":"4 Shapes","floor":39,"turns":7},{"damage":19,"enemies":"Sphere and 2 Shapes","floor":40,"turns":4},{"damage":86,"enemies":"Giant Head","floor":42,"turns":10}],"relics_obtained":[{"floor":7.0,"key":"Omamori"},{"floor":9.0,"key":"Lantern"},{"floor":21.0,"key":"Nilry\u0027s Codex"},{"floor":24.0,"key":"War Paint"},{"floor":26.0,"key":"Darkstone Periapt"},{"floor":30.0,"key":"Dream Catcher"}],"event_choices":[{"event_name":"The Cleric","player_choice":"Card Removal","floor":2.0,"damage_taken":0.0},{"event_name":"Golden Wing","player_choice":"Card Removal","floor":3.0,"damage_taken":0.0},{"event_name":"Shining Light","player_choice":"Entered Light","floor":11.0,"damage_taken":0.0},{"event_name":"Knowing Skull","player_choice":"POTION GOLD ","floor":20.0,"damage_taken":0.0},{"event_name":"Cursed Tome","player_choice":"Obtained Book","floor":21.0,"damage_taken":0.0},{"event_name":"Beggar","player_choice":"Gave Gold","floor":27.0,"damage_taken":0.0},{"event_name":"Winding Halls","player_choice":"Embrace Madness","floor":38,"damage_taken":0}],"boss_relics":[{"not_picked":["Runic Dome","Snecko Eye"],"picked":"Nuclear Battery"}],"items_purged_floors":[],"potions_floor_spawned":[1,4,5,6,18,24,33,35],"seed_played":"3206738900459154141","killed_by":"Giant Head","ascension_level":2,"potions_obtained":[{"floor":1.0,"key":"SteroidPotion"},{"floor":4.0,"key":"FearPotion"},{"floor":5.0,"key":"Explosive Potion"},{"floor":6.0,"key":"LiquidBronze"},{"floor":18.0,"key":"Block Potion"},{"floor":24.0,"key":"SteroidPotion"},{"floor":33.0,"key":"Regen Potion"},{"floor":35,"key":"Block Potion"}],"is_trial":false}