{"path_per_floor":["M","?","$","M","M","R","$","R","T","E","M","T","M","M","R","B",null,"M","?","$","M","$","M","E","M","T","T","M","M","R","M","R","B",null,"M","$","M","?","M","R","E","M","T","$","?","?","M","M","R"],"character_chosen":"THE_SILENT","items_purchased":["Frozen Egg 2","Noxious Fumes","Whetstone","Dexterity Potion","Accuracy","Malaise"],"gold_per_floor":[109,109,34,46,59,59,59,59,137,199,217,262,277,292,292,387,387,399,699,322,335,11,29,58,69,121,198,218,228,228,240,240,337,337,349,53,72,121,135,135,168,185,185,10,10,10,30,41,41,41],"floor_reached":50,"campfire_rested":6,"playtime":2573,"current_hp_per_floor":[35,21,21,21,21,42,42,63,63,58,53,53,52,48,48,15,70,70,70,70,67,67,56,13,13,20,20,16,9,32,32,55,21,77,77,77,67,48,37,60,20,20,20,20,39,39,18,14,37,0],"items_purged":["Strike_G","Writhe","Dagger Throw","Backflip","Masterful Stab"],"gold":41,"score":523,"play_id":"d0e31605-2b6e-4ea9-9b03-d174028000d4","local_time":"20180328174315","is_prod":false,"is_daily":false,"is_ascension_mode":false,"campfire_upgraded":1,"timestamp":1522251795,"path_taken":["M","?","$","M","M","R","?","R","T","E","M","?","M","M","R","BOSS","M","?","$","M","$","M","E","M","T","?","M","M","R","M","R","BOSS","M","$","M","?","?","R","E","M","T","$","?","?","M","M","R","BOSS"],"build_version":"2018-03-22v2","purchased_purges":5,"victory":false,"master_deck":["Survivor","Neutralize+1","Poisoned Stab+1","Dagger Spray","Cloak And Dagger","Bouncing Flask+1","Cloak And Dagger","Die Die Die","Dodge and Roll","Deflect","Blade Dance","Noxious Fumes+1","After Image+1","Slice","Deflect","Backstab","Grand Finale","Poisoned Stab","Accuracy+1","Malaise","Catalyst","Slice+1","Noxious Fumes+1","Backstab","Writhe","Accuracy+1","Blade Dance+1"],"max_hp_per_floor":[70,70,70,70,70,70,70,70,70,70,70,70,70,70,70,70,70,70,70,70,70,70,70,70,70,77,77,77,77,77,77,77,77,77,77,77,77,77,77,77,77,77,77,77,77,77,77,77,77,77],"relics":["Ring of the Snake","Ornamental Fan","Tiny Chest","Pen Nib","Pandora\u0027s Box","Old Coin","Frozen Egg 2","Whetstone","Bag of Preparation","Strawberry","Bottled Flame","Runic Dome","Ginger","Paper Crane","Sundial"],"card_choices":[{"not_picked":["Dagger Throw","Outmaneuver"],"picked":"Poisoned Stab","floor":1},{"not_picked":["Poisoned Stab","Deadly Poison"],"picked":"Dagger Spray","floor":4},{"not_picked":["Underhanded Strike","Prepared"],"picked":"Cloak And Dagger","floor":5},{"not_picked":["Acrobatics","Setup"],"picked":"Bouncing Flask","floor":10},{"not_picked":["Noxious Fumes","Footwork"],"picked":"Cloak And Dagger","floor":14},{"not_picked":["A Thousand Cuts","Bullet Time"],"picked":"Die Die Die","floor":16},{"not_picked":["Reflex","Terror"],"picked":"After Image","floor":24},{"not_picked":["Masterful Stab","Dagger Spray"],"picked":"Slice","floor":25},{"not_picked":["Outmaneuver","Deadly Poison"],"picked":"Deflect","floor":29},{"not_picked":["Terror","Infinite Blades"],"picked":"Backstab","floor":31},{"not_picked":["Storm of Steel","Wraith Form"],"picked":"Grand Finale","floor":33},{"not_picked":["Deflect","Underhanded Strike"],"picked":"Poisoned Stab","floor":35},{"not_picked":["All Out Attack","Quick Slash"],"picked":"Catalyst","floor":37},{"not_picked":["Quick Slash","Leg Sweep"],"picked":"Slice","floor":38},{"not_picked":["Riddle With Holes","Flying Knee"],"picked":"Noxious Fumes","floor":39},{"not_picked":["Acrobatics","Poisoned Stab"],"picked":"Backstab","floor":42},{"not_picked":["Quick Slash","Infinite Blades"],"picked":"Accuracy","floor":47},{"not_picked":["Backflip","Acrobatics"],"picked":"Blade Dance","floor":48}],"player_experience":132527,"potions_floor_usage":[10,16,16,24,25,33,33,48,50,50],"damage_taken":[{"damage":0,"enemies":"Small Slimes","floor":1,"turns":5},{"damage":0,"enemies":"2 Louse","floor":4,"turns":3},{"damage":0,"enemies":"Cultist","floor":5,"turns":3},{"damage":5,"enemies":"Lagavulin","floor":10,"turns":9},{"damage":5,"enemies":"Blue Slaver","floor":11,"turns":3},{"damage":1,"enemies":"2 Fungi Beasts","floor":13,"turns":3},{"damage":4,"enemies":"3 Louse","floor":14,"turns":3},{"damage":33,"enemies":"Slime Boss","floor":16,"turns":9},{"damage":0,"enemies":"Spheric Guardian","floor":18,"turns":3},{"damage":3,"enemies":"2 Thieves","floor":21,"turns":3},{"damage":11,"enemies":"Snake Plant","floor":23,"turns":4},{"damage":43,"enemies":"Slavers","floor":24,"turns":5},{"damage":0,"enemies":"Snecko","floor":25,"turns":5},{"damage":4,"enemies":"Chosen and Byrds","floor":28,"turns":6},{"damage":7,"enemies":"Snake Plant","floor":29,"turns":4},{"damage":0,"enemies":"Centurion and Healer","floor":31,"turns":5},{"damage":34,"enemies":"Collector","floor":33,"turns":8},{"damage":0,"enemies":"3 Shapes","floor":35,"turns":2},{"damage":10,"enemies":"3 Darklings","floor":37,"turns":4},{"damage":19,"enemies":"Mysterious Sphere","floor":38,"turns":5},{"damage":11,"enemies":"Sphere and 2 Shapes","floor":39,"turns":5},{"damage":40,"enemies":"2 Orb Walkers","floor":41,"turns":5},{"damage":0,"enemies":"4 Shapes","floor":42,"turns":5},{"damage":21,"enemies":"3 Darklings","floor":47,"turns":3},{"damage":4,"enemies":"Sphere and 2 Shapes","floor":48,"turns":5},{"damage":52,"enemies":"Donu and Deca","floor":50,"turns":5}],"event_choices":[{"event_name":"Shining Light","player_choice":"Entered Light","floor":2,"damage_taken":0},{"event_name":"The Mausoleum","player_choice":"Yes","floor":19,"damage_taken":0},{"event_name":"Mysterious Sphere","player_choice":"Fight","floor":38,"damage_taken":0},{"event_name":"Winding Halls","player_choice":"Writhe","floor":45,"damage_taken":0}],"boss_relics":[{"not_picked":["Lizard Tail","White Beast Statue"],"picked":"Pandora\u0027s Box"},{"not_picked":["Black Star","Snecko Eye"],"picked":"Runic Dome"}],"potions_floor_spawned":[5,10,13,14,24,25,28,33,38,41,42,48],"seed_played":"-2868063794074147143","killed_by":"Donu and Deca","ascension_level":0,"is_trial":false}