{"gold_per_floor":[113,126,137,68,68,68,85,85,85,103,30,44,70,86,86,86],"floor_reached":16,"playtime":777,"items_purged":[],"score":213,"play_id":"21bd9e4c-dfa3-451f-b189-4fefea50607c","local_time":"20180920022420","is_ascension_mode":true,"campfire_choices":[{"floor":6,"key":"REST"},{"floor":8,"key":"REST"},{"floor":15,"key":"REST"}],"neow_cost":"NONE","seed_source_timestamp":394593118650933,"circlet_count":0,"master_deck":["Strike_B","Strike_B","Defend_B","Defend_B","Defend_B","Defend_B","Zap","Dualcast","AscendersBane","Storm","Reprogram","Consume","Conserve Battery","Static Discharge","Echo Form","Capacitor","Defragment","Creative AI"],"relics":["Cracked Core","Bronze Scales","Bottled Lightning"],"potions_floor_usage":[10,13,13,16],"damage_taken":[{"damage":8,"enemies":"Small Slimes","floor":1,"turns":3},{"damage":13,"enemies":"2 Louse","floor":2,"turns":3},{"damage":11,"enemies":"Jaw Worm","floor":3,"turns":4},{"damage":21,"enemies":"Red Slaver","floor":7,"turns":5},{"damage":13,"enemies":"Exordium Thugs","floor":10,"turns":4},{"damage":9,"enemies":"2 Fungi Beasts","floor":12,"turns":4},{"damage":0,"enemies":"Lagavulin","floor":13,"turns":5},{"damage":17,"enemies":"Large Slime","floor":14,"turns":4},{"damage":37,"enemies":"The Guardian","floor":16,"turns":6}],"seed_played":"-5729913095845308609","potions_obtained":[{"floor":3,"key":"SpeedPotion"},{"floor":7,"key":"Fire Potion"},{"floor":10,"key":"Block Potion"},{"floor":14,"key":"SneckoOil"}],"is_trial":false,"path_per_floor":["M","M","M","$","?","R","M","R","T","M","$","M","E","M","R"],"character_chosen":"DEFECT","items_purchased":["Static Discharge","Defragment"],"campfire_rested":3,"item_purchase_floors":[4,11],"current_hp_per_floor":[60,47,36,36,29,51,30,52,52,39,39,30,30,13,35,0],"gold":86,"neow_bonus":"TRANSFORM_CARD","is_prod":false,"is_daily":false,"chose_seed":false,"campfire_upgraded":0,"win_rate":0,"timestamp":1537403060,"path_taken":["M","M","M","$","?","R","?","R","T","M","?","M","E","?","R","BOSS"],"build_version":"2018-09-06","purchased_purges":0,"victory":false,"max_hp_per_floor":[75,75,75,75,75,75,75,75,75,75,75,75,75,75,75,75],"card_choices":[{"not_picked":["Turbo","Sweeping Beam"],"picked":"Reprogram","floor":1},{"not_picked":["Gash","Recycle"],"picked":"Consume","floor":2},{"not_picked":["Ball Lightning","Redo"],"picked":"Conserve Battery","floor":3},{"not_picked":["Turbo","Go for the Eyes"],"picked":"Echo Form","floor":7},{"not_picked":["Defragment","Stack"],"picked":"Capacitor","floor":10},{"not_picked":["Gash","Sweeping Beam","Go for the Eyes"],"picked":"SKIP","floor":12},{"not_picked":["Stack","Sweeping Beam"],"picked":"Creative AI","floor":13},{"not_picked":["Stack","Streamline","Cold Snap"],"picked":"SKIP","floor":14}],"player_experience":435848,"relics_obtained":[{"floor":9,"key":"Bronze Scales"},{"floor":13,"key":"Bottled Lightning"}],"event_choices":[{"event_name":"Golden Wing","player_choice":"Card Removal","floor":5,"damage_taken":0}],"is_beta":false,"boss_relics":[],"items_purged_floors":[],"is_endless":false,"potions_floor_spawned":[3,7,10,12,14],"killed_by":"The Guardian","ascension_level":13}