{"gold_per_floor":[365,33,33,58,233,233,183,207,207,237,256,256,69,94,94,94],"floor_reached":16,"playtime":758,"items_purged":[],"score":104,"play_id":"acedb1a7-fd5d-4dd6-9dac-f15abd5af69f","local_time":"20180915205601","is_ascension_mode":true,"campfire_choices":[{"data":"1","floor":6,"key":"LIFT"},{"data":"2","floor":12,"key":"LIFT"},{"data":"3","floor":15,"key":"LIFT"}],"neow_cost":"PERCENT_DAMAGE","seed_source_timestamp":29309930678781,"circlet_count":0,"master_deck":["Strike_R","Strike_R","Strike_R","Strike_R","Strike_R","Defend_R","Defend_R","Defend_R","Defend_R","Bash","Second Wind","Seeing Red","Thunderclap","Rupture","Flex","Uppercut","Rampage"],"relics":["Burning Blood","Girya","Golden Idol","Bottled Lightning","Dream Catcher"],"potions_floor_usage":[8,16,16,16],"damage_taken":[{"damage":1,"enemies":"Small Slimes","floor":1,"turns":4},{"damage":6,"enemies":"Cultist","floor":4,"turns":4},{"damage":7,"enemies":"2 Louse","floor":8,"turns":3},{"damage":17,"enemies":"Blue Slaver","floor":11,"turns":5},{"damage":14,"enemies":"Looter","floor":14,"turns":3},{"damage":45,"enemies":"Slime Boss","floor":16,"turns":10}],"seed_played":"-6016280341725336891","potions_obtained":[{"floor":1,"key":"Swift Potion"},{"floor":4,"key":"Dexterity Potion"},{"floor":8,"key":"FearPotion"},{"floor":14,"key":"EssenceOfSteel"}],"is_trial":false,"path_per_floor":["M","$","?","M","?","R","?","M","T","?","M","R","$","M","R"],"character_chosen":"IRONCLAD","items_purchased":["Girya","Seeing Red","Dream Catcher","Uppercut"],"campfire_rested":0,"item_purchase_floors":[2,2,13,13],"current_hp_per_floor":[61,61,61,61,61,61,61,60,60,60,49,49,49,41,41,0],"gold":94,"neow_bonus":"TWO_FIFTY_GOLD","is_prod":false,"is_daily":false,"chose_seed":false,"campfire_upgraded":0,"win_rate":0,"timestamp":1537037761,"path_taken":["M","$","?","M","?","R","?","M","T","?","?","R","$","M","R","BOSS"],"build_version":"2018-09-06","purchased_purges":0,"victory":false,"max_hp_per_floor":[80,80,74,74,74,74,74,74,74,74,74,74,74,74,74,74],"card_choices":[{"not_picked":["Ghostly Armor","Wild Strike"],"picked":"Second Wind","floor":1},{"not_picked":["Sword Boomerang","True Grit"],"picked":"Thunderclap","floor":4},{"not_picked":["Uppercut","Shrug It Off"],"picked":"Rupture","floor":8},{"not_picked":["Clash","Intimidate"],"picked":"Flex","floor":11},{"not_picked":["Body Slam","Thunderclap"],"picked":"Rampage","floor":14}],"player_experience":197981,"relics_obtained":[{"floor":9,"key":"Bottled Lightning"}],"event_choices":[{"event_name":"Golden Idol","player_choice":"Lose Max HP","floor":3,"damage_taken":0},{"event_name":"Liars Game","player_choice":"agreed","floor":5,"damage_taken":0},{"event_name":"The Cleric","player_choice":"Card Removal","floor":7,"damage_taken":0},{"event_name":"Dead Adventurer","player_choice":"Searched \u00272\u0027 times","floor":10,"damage_taken":0}],"is_beta":false,"boss_relics":[],"items_purged_floors":[],"is_endless":false,"potions_floor_spawned":[1,4,8,14],"killed_by":"Slime Boss","ascension_level":3}