{"gold_per_floor":[111,186,206,224,224,224,242,261,261,15,48,61,61,74,74,171,171,184,195,245,262,22,350,366,384,384,299,299,319,319,329,329,425,425,441,56,107,121,137,151,179,179,179,179,261,280,280,298,298,298],"floor_reached":51,"playtime":3741,"items_purged":["Parasite"],"score":1024,"play_id":"bba5aa6d-91ec-4e17-9428-ff4fdfdb2447","local_time":"20181007171102","is_ascension_mode":true,"campfire_choices":[{"data":"Neutralize","floor":6.0,"key":"SMITH"},{"data":"Sucker Punch","floor":15.0,"key":"SMITH"},{"data":"After Image","floor":28.0,"key":"SMITH"},{"data":"Infinite Blades","floor":30.0,"key":"SMITH"},{"data":"Envenom","floor":32.0,"key":"SMITH"},{"data":"After Image","floor":42,"key":"SMITH"},{"data":"Footwork","floor":44,"key":"SMITH"},{"data":"Backflip","floor":47,"key":"SMITH"},{"data":"Noxious Fumes","floor":49,"key":"SMITH"}],"neow_cost":"","seed_source_timestamp":0,"circlet_count":0,"master_deck":["Defend_G","Defend_G","Defend_G","Defend_G","Defend_G","Strike_G","Strike_G","Strike_G","Strike_G","Strike_G","Survivor","Neutralize+1","Backflip+1","Poisoned Stab","Skewer","Sucker Punch+1","Cloak And Dagger","Noxious Fumes+1","Envenom+1","Poisoned Stab+1","After Image+1","Finesse","Infinite Blades+1","Escape Plan","PiercingWail+1","Crippling Poison","After Image+1","Cloak And Dagger","Backstab","Cloak And Dagger+1","Dodge and Roll","Well Laid Plans","Footwork+1","Cloak And Dagger+1","Escape Plan+1","Backstab","Deflect+1"],"special_seed":0,"relics":["Ring of the Snake","Thread and Needle","Paper Crane","Darkstone Periapt","Sozu","Old Coin","Bottled Lightning","Mercury Hourglass","Orrery","Bird Faced Urn","Calipers","Singing Bowl","Torii","Tiny Chest"],"potions_floor_usage":[50],"damage_taken":[{"damage":5.0,"enemies":"Small Slimes","floor":1.0,"turns":5.0},{"damage":1.0,"enemies":"Jaw Worm","floor":3.0,"turns":5.0},{"damage":0.0,"enemies":"2 Louse","floor":4.0,"turns":3.0},{"damage":1.0,"enemies":"2 Fungi Beasts","floor":7.0,"turns":3.0},{"damage":5.0,"enemies":"Gremlin Gang","floor":8.0,"turns":4.0},{"damage":10.0,"enemies":"Gremlin Nob","floor":11.0,"turns":5.0},{"damage":0.0,"enemies":"Blue Slaver","floor":12.0,"turns":4.0},{"damage":3.0,"enemies":"Exordium Wildlife","floor":14.0,"turns":6.0},{"damage":7.0,"enemies":"The Guardian","floor":16.0,"turns":13.0},{"damage":0.0,"enemies":"Chosen","floor":18.0,"turns":5.0},{"damage":0.0,"enemies":"Shell Parasite","floor":19.0,"turns":6.0},{"damage":2.0,"enemies":"Snake Plant","floor":21.0,"turns":5.0},{"damage":0.0,"enemies":"Book of Stabbing","floor":23.0,"turns":6.0},{"damage":0.0,"enemies":"Shelled Parasite and Fungi","floor":24.0,"turns":7.0},{"damage":13.0,"enemies":"3 Cultists","floor":25.0,"turns":6.0},{"damage":0.0,"enemies":"Chosen and Byrds","floor":29.0,"turns":6.0},{"damage":0.0,"enemies":"Snecko","floor":31.0,"turns":6.0},{"damage":14.0,"enemies":"Automaton","floor":33.0,"turns":10.0},{"damage":0.0,"enemies":"Orb Walker","floor":35.0,"turns":4.0},{"damage":9.0,"enemies":"Mysterious Sphere","floor":37.0,"turns":5.0},{"damage":0.0,"enemies":"3 Darklings","floor":38.0,"turns":8.0},{"damage":0.0,"enemies":"Sphere and 2 Shapes","floor":39.0,"turns":8.0},{"damage":0.0,"enemies":"Jaw Worm Horde","floor":40.0,"turns":6.0},{"damage":1,"enemies":"Giant Head","floor":41,"turns":11},{"damage":9,"enemies":"4 Shapes","floor":46,"turns":5},{"damage":0,"enemies":"Reptomancer","floor":48,"turns":8},{"damage":0,"enemies":"Donu and Deca","floor":50,"turns":13}],"seed_played":"7382514266221016872","potions_obtained":[{"floor":4.0,"key":"FearPotion"},{"floor":11.0,"key":"Dexterity Potion"},{"floor":14.0,"key":"SkillPotion"},{"floor":16.0,"key":"Weak Potion"}],"is_trial":false,"path_per_floor":["M","?","M","M","?","R","M","M","T","$","E","M","?","M","R","B",null,"M","M","?","M","$","E","M","M","T","?","R","M","R","M","R","B",null,"M","$","?","M","M","M","E","R","T","R","T","M","R","M","R","B"],"character_chosen":"THE_SILENT","items_purchased":["Paper Crane","Finesse","Infinite Blades","Footwork","Bird Faced Urn"],"campfire_rested":0,"item_purchase_floors":[10,22,22,36,36],"current_hp_per_floor":[58,47,46,46,34,34,33,28,28,28,18,18,41,38,38,31,65,65,65,65,63,63,63,63,50,50,50,50,50,50,50,50,36,64,64,64,67,73,73,73,74,74,74,74,74,72,72,77,77,77],"gold":298,"neow_bonus":"","is_prod":false,"is_daily":false,"chose_seed":false,"campfire_upgraded":9,"win_rate":0,"timestamp":1538925062,"path_taken":["M","?","M","M","?","R","M","M","T","$","E","M","?","M","R","BOSS","M","M","?","M","$","E","M","M","T","?","R","?","R","M","R","BOSS","M","$","?","M","M","M","E","R","T","R","?","?","R","M","R","BOSS"],"build_version":"2018-10-04","purchased_purges":1,"victory":true,"max_hp_per_floor":[70,70,70,70,70,70,70,70,70,70,70,70,76,76,76,76,76,76,76,76,76,73,73,73,73,73,73,73,73,73,73,73,73,73,73,73,73,73,73,73,75,75,75,75,75,75,75,77,77,77],"card_choices":[{"not_picked":["Quick Slash","Bane"],"picked":"Backflip","floor":1.0},{"not_picked":["Tactician","Caltrops"],"picked":"Poisoned Stab","floor":3.0},{"not_picked":["Flechettes","Deadly Poison"],"picked":"Skewer","floor":4.0},{"not_picked":["Flying Knee","Expertise"],"picked":"Sucker Punch","floor":7.0},{"not_picked":["Acrobatics","Backflip"],"picked":"Cloak And Dagger","floor":8.0},{"not_picked":["Blade Dance","Setup","Distraction"],"picked":"SKIP","floor":11.0},{"not_picked":["Distraction","Dagger Spray"],"picked":"Noxious Fumes","floor":12.0},{"not_picked":["Sucker Punch","Deadly Poison","Slice"],"picked":"SKIP","floor":14.0},{"not_picked":["Die Die Die","Grand Finale"],"picked":"Envenom","floor":16.0},{"not_picked":["Expertise","Acrobatics+1"],"picked":"Poisoned Stab+1","floor":18.0},{"not_picked":["Sucker Punch+1","Poisoned Stab","Accuracy+1"],"picked":"SKIP","floor":19.0},{"not_picked":["Backflip+1","Quick Slash+1"],"picked":"After Image","floor":21.0},{"not_picked":["Noxious Fumes","Poisoned Stab"],"picked":"Escape Plan","floor":23.0},{"not_picked":["Sucker Punch+1","Deadly Poison"],"picked":"PiercingWail+1","floor":24.0},{"not_picked":["Unload","Slice","Deadly Poison"],"picked":"SKIP","floor":25.0},{"not_picked":["Bane+1","Deadly Poison"],"picked":"Crippling Poison","floor":29.0},{"not_picked":["Dagger Spray","Deadly Poison","Slice+1"],"picked":"SKIP","floor":31.0},{"not_picked":["Bullet Time","A Thousand Cuts"],"picked":"After Image","floor":33.0},{"not_picked":["Bane","Prepared"],"picked":"Cloak And Dagger","floor":34.0},{"not_picked":["Flying Knee","Riddle With Holes"],"picked":"Backstab","floor":34.0},{"not_picked":["Dagger Throw","Choke"],"picked":"Cloak And Dagger+1","floor":34.0},{"not_picked":["Flying Knee","Dagger Throw"],"picked":"Dodge and Roll","floor":34.0},{"not_picked":["Prepared+1","Cloak And Dagger"],"picked":"Well Laid Plans","floor":35.0},{"not_picked":["Calculated Gamble+1","Slice"],"picked":"Cloak And Dagger+1","floor":38.0},{"not_picked":["Acrobatics+1","Dagger Spray+1"],"picked":"Escape Plan+1","floor":39.0},{"not_picked":["Underhanded Strike","Deadly Poison+1"],"picked":"Backstab","floor":40.0},{"not_picked":["Setup","Bane+1","Dagger Throw+1"],"picked":"Singing Bowl","floor":41},{"not_picked":["Underhanded Strike+1","Backstab+1"],"picked":"Deflect+1","floor":46},{"not_picked":["Outmaneuver","Blade Dance","Slice"],"picked":"Singing Bowl","floor":48}],"player_experience":172101,"relics_obtained":[{"floor":9.0,"key":"Thread and Needle"},{"floor":11.0,"key":"Darkstone Periapt"},{"floor":23.0,"key":"Old Coin"},{"floor":26.0,"key":"Bottled Lightning"},{"floor":37.0,"key":"Calipers"},{"floor":41,"key":"Singing Bowl"},{"floor":43,"key":"Torii"},{"floor":45,"key":"Tiny Chest"}],"event_choices":[{"event_name":"World of Goop","player_choice":"Gather Gold","floor":2.0,"damage_taken":0.0},{"event_name":"Scrap Ooze","player_choice":"unsuccessful","floor":5.0,"damage_taken":12.0},{"event_name":"Mushrooms","player_choice":"Healed and dodged fight","floor":13.0,"damage_taken":0.0},{"event_name":"The Joust","player_choice":"Bet on Murderer","floor":20.0,"damage_taken":0.0},{"event_name":"Addict","player_choice":"Obtained Relic","floor":27.0,"damage_taken":0.0},{"event_name":"Mysterious Sphere","player_choice":"Fight","floor":37.0,"damage_taken":0.0}],"is_beta":true,"boss_relics":[{"not_picked":["Velvet Choker","Pandora\u0027s Box"],"picked":"Sozu"},{"not_picked":["HoveringKite","Black Star"],"picked":"Orrery"}],"items_purged_floors":[22],"is_endless":false,"potions_floor_spawned":[4,11,14,16,18,21,24,31,37,39,46,48],"ascension_level":6}