{"gold_per_floor":[147,158,158,178,196,196,213,213,213,236,264,280,300,316,316,415,415,427,367,41,0,14,14,14,14,14,44,44,44,57,106,106,106],"floor_reached":33,"playtime":1748,"items_purged":["Strike_B"],"score":347,"play_id":"25712165-4dec-4d4e-82b9-bdf867d48ee3","local_time":"20180916135948","is_ascension_mode":true,"campfire_choices":[{"data":"Zap","floor":6,"key":"SMITH"},{"data":"Dualcast","floor":8,"key":"SMITH"},{"floor":15,"key":"REST"},{"floor":23,"key":"REST"},{"data":"Glacier","floor":25,"key":"SMITH"},{"floor":29,"key":"REST"},{"data":"Static Discharge","floor":32,"key":"SMITH"}],"neow_cost":"NONE","seed_source_timestamp":89746394539419,"circlet_count":0,"master_deck":["Strike_B","Strike_B","Strike_B","Defend_B","Defend_B","Defend_B","Defend_B","Zap+1","Dualcast+1","Darkness","Self Repair+1","Gash","Melter","Leap","Rip and Tear","Leap","Glacier+1","Electrodynamics+1","Sunder+1","Reinforced Body","Parasite","Static Discharge+1","Doubt","Tempest+1","Pain"],"relics":["Cracked Core","Tiny Chest","PreservedInsect","Odd Mushroom","Anchor","Cursed Key","Singing Bowl","Bag of Marbles","Pear","Calipers","Ancient Tea Set"],"potions_floor_usage":[5,7,10,14,22,27,30],"damage_taken":[{"damage":0,"enemies":"Cultist","floor":1,"turns":4},{"damage":3,"enemies":"2 Louse","floor":2,"turns":3},{"damage":2,"enemies":"Jaw Worm","floor":4,"turns":3},{"damage":8,"enemies":"Blue Slaver","floor":5,"turns":2},{"damage":0,"enemies":"3 Louse","floor":7,"turns":1},{"damage":25,"enemies":"The Mushroom Lair","floor":10,"turns":4},{"damage":21,"enemies":"3 Sentries","floor":11,"turns":6},{"damage":0,"enemies":"2 Fungi Beasts","floor":12,"turns":4},{"damage":0,"enemies":"Exordium Wildlife","floor":13,"turns":2},{"damage":12,"enemies":"Gremlin Gang","floor":14,"turns":5},{"damage":53,"enemies":"Slime Boss","floor":16,"turns":8},{"damage":22,"enemies":"3 Byrds","floor":18,"turns":4},{"damage":6,"enemies":"2 Thieves","floor":19,"turns":4},{"damage":14,"enemies":"Snecko","floor":22,"turns":5},{"damage":33,"enemies":"Book of Stabbing","floor":27,"turns":5},{"damage":17,"enemies":"Shelled Parasite and Fungi","floor":30,"turns":5},{"damage":86,"enemies":"Automaton","floor":33,"turns":6}],"seed_played":"4039908048484198369","potions_obtained":[{"floor":1,"key":"AttackPotion"},{"floor":2,"key":"Poison Potion"},{"floor":7,"key":"Poison Potion"},{"floor":10,"key":"FocusPotion"},{"floor":12,"key":"Ancient Potion"},{"floor":22,"key":"Regen Potion"},{"floor":27,"key":"AttackPotion"}],"is_trial":false,"path_per_floor":["M","M","?","M","M","R","M","R","T","?","E","M","M","M","R","B",null,"M","M","$","?","M","R","?","R","T","E","T","R","M","T","R"],"character_chosen":"DEFECT","items_purchased":["Singing Bowl"],"campfire_rested":3,"item_purchase_floors":[20],"current_hp_per_floor":[68,65,65,73,75,75,75,75,75,60,49,59,59,57,75,22,62,50,54,54,54,50,72,72,72,72,66,66,85,78,78,78,0],"gold":106,"neow_bonus":"RANDOM_COMMON_RELIC","is_prod":false,"is_daily":false,"chose_seed":false,"campfire_upgraded":4,"win_rate":0,"timestamp":1537099188,"path_taken":["M","?","?","M","M","R","M","R","T","?","E","M","?","M","R","BOSS","M","M","$","?","?","R","?","R","T","E","?","R","?","?","R","BOSS"],"build_version":"2018-09-06","purchased_purges":1,"victory":false,"max_hp_per_floor":[75,75,75,75,75,75,75,75,75,75,75,75,75,75,75,75,75,75,75,75,75,75,75,75,75,75,85,85,85,85,85,85,85],"card_choices":[{"not_picked":["Cold Snap","Leap"],"picked":"Darkness","floor":1},{"not_picked":["Ball Lightning","Creative AI"],"picked":"Self Repair","floor":2},{"not_picked":["Barrage","Steam Power"],"picked":"Gash","floor":4},{"not_picked":["Heatsinks","Reinforced Body"],"picked":"Melter","floor":5},{"not_picked":["Coolheaded","Stack","Aggregate"],"picked":"SKIP","floor":7},{"not_picked":["Blizzard","Turbo"],"picked":"Leap","floor":10},{"not_picked":["Force Field","Reprogram"],"picked":"Rip and Tear","floor":11},{"not_picked":["Reprogram","Stack"],"picked":"Leap","floor":12},{"not_picked":["Turbo","Melter"],"picked":"Glacier","floor":13},{"not_picked":["Undo","Genetic Algorithm","Auto Shields"],"picked":"SKIP","floor":14},{"not_picked":["Hyperbeam","Seek"],"picked":"Electrodynamics","floor":16},{"not_picked":["Genetic Algorithm","Streamline","Double Energy"],"picked":"SKIP","floor":18},{"not_picked":["Steam Power","Ball Lightning+1"],"picked":"Sunder+1","floor":19},{"not_picked":["Hello World+1","Turbo"],"picked":"Reinforced Body","floor":22},{"not_picked":["Coolheaded+1","Aggregate"],"picked":"Static Discharge","floor":27},{"not_picked":["Compile Driver+1","Redo"],"picked":"Tempest+1","floor":30}],"player_experience":226689,"relics_obtained":[{"floor":9,"key":"PreservedInsect"},{"floor":10,"key":"Odd Mushroom"},{"floor":11,"key":"Anchor"},{"floor":26,"key":"Bag of Marbles"},{"floor":27,"key":"Pear"},{"floor":28,"key":"Calipers"},{"floor":31,"key":"Ancient Tea Set"}],"event_choices":[{"event_name":"Living Wall","player_choice":"Grow","floor":3,"damage_taken":0},{"event_name":"Mushrooms","player_choice":"Fought Mushrooms","floor":10,"damage_taken":0},{"event_name":"Masked Bandits","player_choice":"Paid Fearfully","floor":21,"damage_taken":0},{"event_name":"Upgrade Shrine","player_choice":"Upgraded","floor":24,"damage_taken":0}],"is_beta":false,"boss_relics":[{"not_picked":["White Beast Statue","Busted Crown"],"picked":"Cursed Key"}],"items_purged_floors":[20],"is_endless":false,"potions_floor_spawned":[1,2,7,10,12,22,27],"killed_by":"Automaton","ascension_level":6}