{"gold_per_floor":[117,417,437,454,529,529,529,560,560,560,560,560],"floor_reached":12,"playtime":391,"items_purged":[],"score":110,"play_id":"f79baef8-d724-4116-b3f3-fbdb76872ca0","local_time":"20181208171851","is_ascension_mode":true,"campfire_choices":[{"data":"Neutralize","floor":6,"key":"SMITH"},{"data":"Burst","floor":11,"key":"SMITH"}],"neow_cost":"NONE","seed_source_timestamp":88004709186198,"circlet_count":0,"master_deck":["Defend_G","Defend_G","Defend_G","Defend_G","Defend_G","Strike_G","Strike_G","Strike_G","Strike_G","Survivor","Neutralize+1","Dagger Spray","Dagger Throw","Backflip","Burst+1"],"relics":["Ring of the Snake","Old Coin","Bronze Scales","Torii"],"potions_floor_usage":[8],"damage_taken":[{"damage":2,"enemies":"Jaw Worm","floor":1,"turns":6},{"damage":0,"enemies":"Small Slimes","floor":3,"turns":3},{"damage":2,"enemies":"2 Louse","floor":4,"turns":3},{"damage":27,"enemies":"3 Sentries","floor":8,"turns":10},{"damage":22,"enemies":"Lagavulin","floor":12,"turns":9}],"seed_played":"3321542177038293654","potions_obtained":[{"floor":3,"key":"Regen Potion"}],"is_trial":false,"path_per_floor":["M","?","M","M","?","R","?","E","T","?","R","E"],"character_chosen":"THE_SILENT","items_purchased":[],"campfire_rested":0,"item_purchase_floors":[],"current_hp_per_floor":[61,54,54,52,41,41,41,29,29,22,22,0],"gold":560,"neow_bonus":"THREE_CARDS","is_prod":false,"is_daily":false,"chose_seed":false,"campfire_upgraded":2,"win_rate":0,"timestamp":1544307531,"path_taken":["M","?","M","M","?","R","?","E","T","?","R","E"],"build_version":"2018-12-06","purchased_purges":0,"victory":false,"max_hp_per_floor":[70,70,70,70,70,70,70,70,70,70,70,70],"card_choices":[{"not_picked":["Expertise","Underhanded Strike"],"picked":"Dagger Spray","floor":0},{"not_picked":["Bane","Underhanded Strike"],"picked":"Dagger Throw","floor":1},{"not_picked":["Dagger Spray","Slice"],"picked":"Backflip","floor":3},{"not_picked":["Prepared","Poisoned Stab"],"picked":"Burst","floor":4},{"not_picked":["Blur","Dodge and Roll","Dagger Spray"],"picked":"SKIP","floor":8},{"not_picked":["Blur","Dodge and Roll","Dagger Spray"],"picked":"SKIP","floor":8}],"player_experience":530325,"relics_obtained":[{"floor":8,"key":"Bronze Scales"},{"floor":9,"key":"Torii"}],"event_choices":[{"damage_healed":0,"gold_gain":0,"player_choice":"Success","damage_taken":7,"relics_obtained":["Old Coin"],"max_hp_gain":0,"max_hp_loss":0,"event_name":"Scrap Ooze","floor":2,"gold_loss":0},{"damage_healed":0,"gold_gain":75,"player_choice":"Gather Gold","damage_taken":11,"max_hp_gain":0,"max_hp_loss":0,"event_name":"World of Goop","floor":5,"gold_loss":0},{"damage_healed":0,"gold_gain":0,"player_choice":"Ignored","damage_taken":0,"max_hp_gain":0,"max_hp_loss":0,"event_name":"Liars Game","floor":7,"gold_loss":0},{"cards_removed":["Strike_G"],"damage_healed":0,"gold_gain":0,"player_choice":"Card Removal","damage_taken":7,"max_hp_gain":0,"max_hp_loss":0,"event_name":"Golden Wing","floor":10,"gold_loss":0}],"is_beta":true,"boss_relics":[],"items_purged_floors":[],"is_endless":false,"potions_floor_spawned":[3],"killed_by":"Lagavulin","ascension_level":9}