{"gold_per_floor":[119,132,142,142,155,180,180,197,197,216,236,261,261,38,38,139,139,157,172,191,201,218,218,235,235,235,247,162,162,224,224,224,325,325,342,356,375,375,389,389,408,408],"floor_reached":42,"playtime":5212,"items_purged":[],"score":638,"play_id":"38dcdd7e-4eca-4467-a102-faa6fef23ee8","local_time":"20190106095710","is_ascension_mode":true,"campfire_choices":[{"floor":7.0,"key":"REST"},{"data":"Noxious Fumes","floor":15.0,"key":"SMITH"},{"floor":23.0,"key":"REST"},{"data":"A Thousand Cuts","floor":25.0,"key":"SMITH"},{"floor":32.0,"key":"REST"},{"floor":40,"key":"REST"}],"neow_cost":"NONE","seed_source_timestamp":0,"circlet_count":0,"master_deck":["Defend_G","Defend_G","Defend_G","Defend_G","Defend_G","Strike_G","Strike_G","Strike_G","Strike_G","Strike_G","Survivor","Neutralize","Trip","Dash","Backflip","All Out Attack","Backflip+1","PiercingWail+1","Noxious Fumes+1","Crippling Poison+1","Apotheosis+1","Cloak And Dagger+1","Cloak And Dagger+1","Malaise+1","A Thousand Cuts+1","Acrobatics+1","RitualDagger","Infinite Blades+1","Corpse Explosion+1","Escape Plan+1","Blade Dance+1","Dash+1"],"special_seed":0,"relics":["Ring of the Snake","Toxic Egg 2","Singing Bowl","Gremlin Horn","The Courier","Sozu","Pen Nib","Tiny Chest","Art of War"],"potions_floor_usage":[],"damage_taken":[{"damage":0.0,"enemies":"2 Louse","floor":1.0,"turns":3.0},{"damage":0.0,"enemies":"Cultist","floor":2.0,"turns":3.0},{"damage":2.0,"enemies":"Jaw Worm","floor":3.0,"turns":2.0},{"damage":8.0,"enemies":"Blue Slaver","floor":5.0,"turns":3.0},{"damage":42.0,"enemies":"Lagavulin","floor":6.0,"turns":10.0},{"damage":0.0,"enemies":"3 Louse","floor":8.0,"turns":2.0},{"damage":0.0,"enemies":"Large Slime","floor":10.0,"turns":6.0},{"damage":0.0,"enemies":"Lots of Slimes","floor":11.0,"turns":3.0},{"damage":8.0,"enemies":"Gremlin Nob","floor":12.0,"turns":4.0},{"damage":7.0,"enemies":"Slime Boss","floor":16.0,"turns":9.0},{"damage":0.0,"enemies":"Chosen","floor":18.0,"turns":4.0},{"damage":20.0,"enemies":"Spheric Guardian","floor":19.0,"turns":5.0},{"damage":4.0,"enemies":"Centurion and Healer","floor":20.0,"turns":7.0},{"damage":14.0,"enemies":"Snake Plant","floor":21.0,"turns":6.0},{"damage":0.0,"enemies":"Shelled Parasite and Fungi","floor":22.0,"turns":5.0},{"damage":10.0,"enemies":"3 Cultists","floor":24.0,"turns":4.0},{"damage":22.0,"enemies":"Snecko","floor":27.0,"turns":5.0},{"damage":9.0,"enemies":"Book of Stabbing","floor":30.0,"turns":7.0},{"damage":26.0,"enemies":"Collector","floor":33.0,"turns":8.0},{"damage":10,"enemies":"Orb Walker","floor":35,"turns":4},{"damage":28,"enemies":"3 Darklings","floor":36,"turns":3},{"damage":2,"enemies":"Jaw Worm Horde","floor":37,"turns":3},{"damage":19,"enemies":"4 Shapes","floor":39,"turns":2},{"damage":34,"enemies":"Transient","floor":41,"turns":5},{"damage":14,"enemies":"Sphere and 2 Shapes","floor":42,"turns":4}],"seed_played":"6260688840060460704","potions_obtained":[{"floor":2.0,"key":"PowerPotion"},{"floor":3.0,"key":"GhostInAJar"},{"floor":8.0,"key":"Dexterity Potion"},{"floor":10.0,"key":"Dexterity Potion"},{"floor":11.0,"key":"Fruit Juice"},{"floor":16.0,"key":"Poison Potion"}],"is_trial":false,"path_per_floor":["M","M","M","?","M","E","R","M","T","M","M","E","?","$","R","B",null,"M","M","M","M","M","R","M","R","T","M","?","?","E","?","R","B",null,"M","M","M","T","M","R","M","M"],"character_chosen":"THE_SILENT","items_purchased":["Apotheosis+1","Cloak And Dagger+1","Cloak And Dagger+1"],"campfire_rested":4,"item_purchase_floors":[14,14,14],"current_hp_per_floor":[63,63,61,61,53,11,32,34,34,36,36,33,59,59,59,52,72,74,56,54,40,40,65,57,57,57,37,37,31,22,22,48,22,72,64,36,34,34,17,44,10,0],"gold":408,"neow_bonus":"RANDOM_COLORLESS","is_prod":false,"is_daily":false,"chose_seed":false,"campfire_upgraded":2,"win_rate":0,"timestamp":1546790230,"path_taken":["M","M","M","?","?","E","R","M","T","M","M","E","?","?","R","BOSS","M","M","M","M","M","R","M","R","T","M","?","?","E","?","R","BOSS","M","?","M","?","?","R","M","M"],"build_version":"2019-01-03v4","purchased_purges":0,"victory":false,"max_hp_per_floor":[70,70,70,70,70,70,70,72,72,74,74,79,79,79,79,79,79,81,83,85,85,85,85,87,87,87,89,89,89,89,89,89,89,89,91,91,91,91,93,93,93,93],"card_choices":[{"not_picked":["Quick Slash","Dodge and Roll"],"picked":"Dash","floor":1.0},{"not_picked":["Distraction","Endless Agony"],"picked":"Backflip","floor":2.0},{"not_picked":["Backflip","Outmaneuver"],"picked":"All Out Attack","floor":3.0},{"not_picked":["Expertise+1","Prepared+1"],"picked":"Backflip+1","floor":5.0},{"not_picked":["Venomology+1","Masterful Stab"],"picked":"PiercingWail+1","floor":6.0},{"not_picked":["Sucker Punch","Dagger Throw","Bane"],"picked":"Singing Bowl","floor":8.0},{"not_picked":["Backflip+1","Bane","Underhanded Strike"],"picked":"Singing Bowl","floor":10.0},{"not_picked":["Deflect+1","Distraction+1"],"picked":"Noxious Fumes","floor":11.0},{"not_picked":["Skewer","Bane"],"picked":"Crippling Poison+1","floor":12.0},{"not_picked":["Die Die Die","Venomology+1"],"picked":"Malaise+1","floor":16.0},{"not_picked":["Masterful Stab+1","Dagger Throw","Flying Knee"],"picked":"Singing Bowl","floor":18.0},{"not_picked":["Quick Slash","Backflip+1","Distraction+1"],"picked":"Singing Bowl","floor":19.0},{"not_picked":["Backflip+1","Calculated Gamble+1","Setup+1"],"picked":"Singing Bowl","floor":20.0},{"not_picked":["Backflip+1","Sucker Punch"],"picked":"A Thousand Cuts","floor":21.0},{"not_picked":["Sucker Punch","Distraction+1"],"picked":"Acrobatics+1","floor":22.0},{"not_picked":["Dagger Throw","Blur+1","Calculated Gamble+1"],"picked":"Singing Bowl","floor":24.0},{"not_picked":["Sucker Punch","Cloak And Dagger+1","Distraction+1"],"picked":"Singing Bowl","floor":27.0},{"not_picked":["Sucker Punch+1","Deflect+1"],"picked":"Infinite Blades+1","floor":30.0},{"not_picked":["Glass Knife","Phantasmal Killer+1"],"picked":"Corpse Explosion+1","floor":33.0},{"not_picked":["Setup+1","Bane","Terror+1"],"picked":"Singing Bowl","floor":35},{"not_picked":["Acrobatics+1","Deadly Poison+1"],"picked":"Escape Plan+1","floor":36},{"not_picked":["Masterful Stab","Deflect+1"],"picked":"Blade Dance+1","floor":37},{"not_picked":["Reflex+1","Flying Knee+1","Acrobatics+1"],"picked":"Singing Bowl","floor":39},{"not_picked":["Terror+1","Bane"],"picked":"Dash+1","floor":41}],"player_experience":405546,"relics_obtained":[{"floor":6.0,"key":"Singing Bowl"},{"floor":9.0,"key":"Gremlin Horn"},{"floor":12.0,"key":"The Courier"},{"floor":30.0,"key":"Tiny Chest"},{"floor":38,"key":"Art of War"}],"event_choices":[{"damage_healed":0.0,"max_hp_gain":0.0,"max_hp_loss":0.0,"gold_gain":0.0,"event_name":"WeMeetAgain","player_choice":"Gave Potion","floor":4.0,"gold_loss":0.0,"damage_taken":0.0,"relics_obtained":["Toxic Egg 2"]},{"damage_healed":26.0,"max_hp_gain":0.0,"max_hp_loss":0.0,"gold_gain":0.0,"event_name":"Big Fish","player_choice":"Banana","floor":13.0,"gold_loss":0.0,"damage_taken":0.0},{"damage_healed":0.0,"max_hp_gain":0.0,"max_hp_loss":0.0,"gold_gain":0.0,"event_name":"Addict","player_choice":"Obtained Relic","floor":28.0,"gold_loss":85.0,"damage_taken":0.0,"relics_obtained":["Pen Nib"]},{"damage_healed":0.0,"max_hp_gain":0.0,"max_hp_loss":0.0,"gold_gain":0.0,"event_name":"Nest","player_choice":"Joined the Cult","floor":29.0,"gold_loss":0.0,"damage_taken":6.0,"cards_obtained":["RitualDagger"]},{"damage_healed":0.0,"max_hp_gain":0.0,"max_hp_loss":0.0,"gold_gain":0.0,"event_name":"Lab","player_choice":"Got Potions","floor":31.0,"gold_loss":0.0,"damage_taken":0.0}],"is_beta":false,"boss_relics":[{"not_picked":["Astrolabe","Pandora\u0027s Box"],"picked":"Sozu"},{"not_picked":["Runic Dome","White Beast Statue","Coffee Dripper"]}],"items_purged_floors":[],"is_endless":false,"potions_floor_spawned":[2,3,8,10,11,16,18,24,27,36,39],"killed_by":"Sphere and 2 Shapes","ascension_level":8}