{"gold_per_floor":[119,44,60,77,93,124,124,157,209,209,225,225,225,245,245,345,345,361,380,264,284,384,384],"floor_reached":23,"playtime":1264,"items_purged":["Doubt"],"score":233,"play_id":"d637e658-b97b-436f-8317-61850f7593f9","local_time":"20180912231923","is_ascension_mode":true,"campfire_choices":[{"data":"Chill","floor":7,"key":"SMITH"},{"data":"Dualcast","floor":10,"key":"SMITH"},{"data":"Sunder","floor":13,"key":"SMITH"},{"data":"Consume","floor":15,"key":"SMITH"}],"neow_cost":"CURSE","seed_source_timestamp":1065058114821316,"circlet_count":0,"master_deck":["Strike_B","Strike_B","Strike_B","Strike_B","Defend_B","Defend_B","Defend_B","Defend_B","Zap","Dualcast+1","Ball Lightning","Sunder+1","Sweeping Beam","Rebound","Chill+1","Cold Snap","Leap","Consume+1","Buffer","Tempest","Glacier+1","Cold Snap","Static Discharge","Ball Lightning","Beam Cell"],"relics":["Cracked Core","Turnip","Vajra","Darkstone Periapt","Lantern","Cursed Key","Shovel","Toxic Egg 2"],"potions_floor_usage":[5,8,8,16,21,22],"damage_taken":[{"damage":0,"enemies":"Cultist","floor":1,"turns":4},{"damage":0,"enemies":"Small Slimes","floor":3,"turns":2},{"damage":0,"enemies":"Jaw Worm","floor":4,"turns":3},{"damage":2,"enemies":"Exordium Wildlife","floor":5,"turns":3},{"damage":16,"enemies":"Gremlin Nob","floor":6,"turns":3},{"damage":12,"enemies":"Lagavulin","floor":8,"turns":5},{"damage":0,"enemies":"Large Slime","floor":11,"turns":3},{"damage":2,"enemies":"3 Louse","floor":14,"turns":2},{"damage":26,"enemies":"Hexaghost","floor":16,"turns":8},{"damage":0,"enemies":"Spheric Guardian","floor":18,"turns":3},{"damage":0,"enemies":"Shell Parasite","floor":19,"turns":5},{"damage":18,"enemies":"Snake Plant","floor":21,"turns":4},{"damage":11,"enemies":"Colosseum Slavers","floor":22,"turns":2},{"damage":38,"enemies":"Colosseum Nobs","floor":22,"turns":5},{"damage":12,"enemies":"Book of Stabbing","floor":23,"turns":1}],"seed_played":"-6289474043533268327","potions_obtained":[{"floor":1,"key":"Block Potion"},{"floor":3,"key":"Swift Potion"},{"floor":5,"key":"Block Potion"},{"floor":14,"key":"LiquidBronze"},{"floor":16,"key":"LiquidBronze"},{"floor":18,"key":"Swift Potion"}],"is_trial":false,"path_per_floor":["M","$","M","M","M","E","R","E","T","R","M","?","R","M","R","B",null,"M","M","$","M","?"],"character_chosen":"DEFECT","items_purchased":["Cold Snap","Static Discharge"],"campfire_rested":0,"item_purchase_floors":[20,20],"current_hp_per_floor":[75,75,75,75,73,57,57,45,45,45,45,45,45,43,43,17,75,75,75,75,57,8,0],"gold":384,"neow_bonus":"ONE_RARE_RELIC","is_prod":false,"is_daily":false,"chose_seed":false,"campfire_upgraded":4,"win_rate":0,"timestamp":1536787163,"path_taken":["M","?","M","M","?","E","R","E","T","R","M","?","R","M","R","BOSS","M","M","$","M","?","E"],"build_version":"2018-09-06","purchased_purges":1,"victory":false,"max_hp_per_floor":[75,75,75,75,75,75,75,75,75,75,75,75,75,75,75,75,75,75,75,75,75,75,75],"card_choices":[{"not_picked":["Sweeping Beam","Leap"],"picked":"Ball Lightning","floor":1},{"not_picked":["Conserve Battery","Steam"],"picked":"Sunder","floor":3},{"not_picked":["Sunder","Leap"],"picked":"Sweeping Beam","floor":4},{"not_picked":["Reinforced Body","Turbo"],"picked":"Rebound","floor":5},{"not_picked":["Compile Driver","Beam Cell"],"picked":"Chill","floor":6},{"not_picked":["Leap","Amplify"],"picked":"Gash","floor":8},{"not_picked":["Steam","Barrage"],"picked":"Cold Snap","floor":11},{"not_picked":["Go for the Eyes","Melter"],"picked":"Consume","floor":14},{"not_picked":["Multi-Cast","All For One"],"picked":"Buffer","floor":16},{"not_picked":["Compile Driver+1","Leap"],"picked":"Tempest","floor":18},{"not_picked":["Beam Cell","Reinforced Body"],"picked":"Glacier+1","floor":19},{"not_picked":["Reprogram","Gash+1"],"picked":"Ball Lightning","floor":21},{"not_picked":["Turbo","Chill"],"picked":"Beam Cell","floor":22}],"player_experience":142996,"relics_obtained":[{"floor":6,"key":"Vajra"},{"floor":8,"key":"Darkstone Periapt"},{"floor":9,"key":"Lantern"},{"floor":22,"key":"Shovel"},{"floor":22,"key":"Toxic Egg 2"}],"event_choices":[{"event_name":"Transmorgrifier","player_choice":"Transform","floor":12,"damage_taken":0},{"event_name":"Colosseum","player_choice":"Fight","floor":22,"damage_taken":0},{"event_name":"Colosseum","player_choice":"Fought Nobs","floor":22,"damage_taken":0}],"is_beta":false,"boss_relics":[{"not_picked":["FrozenCore","Lizard Tail"],"picked":"Cursed Key"}],"items_purged_floors":[2],"is_endless":false,"potions_floor_spawned":[1,3,5,14,16,18,22],"killed_by":"Book of Stabbing","ascension_level":3}