{"gold_per_floor":[110,385,403,426,426,426,13,48,99,110,126,137,150,168,168,268,268,255,170,16,30,30,30,30,30,30,30,30],"floor_reached":28,"playtime":866,"items_purged":["Strike_B"],"score":268,"play_id":"fd7e641a-2276-4974-817d-ec3ea2857ce5","local_time":"20190121212335","is_ascension_mode":false,"campfire_choices":[{"data":"Go for the Eyes","floor":6,"key":"SMITH"},{"data":"Conserve Battery","floor":15,"key":"SMITH"},{"data":"Conserve Battery","floor":23,"key":"SMITH"},{"data":"Conserve Battery","floor":25,"key":"SMITH"},{"data":"Leap","floor":27,"key":"SMITH"}],"neow_cost":"NONE","seed_source_timestamp":68346930693706,"circlet_count":0,"master_deck":["Strike_B","Strike_B","Strike_B","Defend_B","Defend_B","Defend_B","Defend_B","Zap","Dualcast","Go for the Eyes+1","Beam Cell","Leap+1","Coolheaded","Conserve Battery+1","Gash","Conserve Battery+1","Conserve Battery+1","Conserve Battery+1"],"relics":["Cracked Core","NeowsBlessing","Dream Catcher","Meat on the Bone","Shuriken","Smiling Mask","Inserter","The Courier","DollysMirror","Mummified Hand"],"potions_floor_usage":[11,14,21],"damage_taken":[{"damage":0,"enemies":"2 Louse","floor":1,"turns":1},{"damage":0,"enemies":"Cultist","floor":3,"turns":1},{"damage":0,"enemies":"3 Sentries","floor":8,"turns":2},{"damage":0,"enemies":"Small Slimes","floor":10,"turns":3},{"damage":2,"enemies":"Gremlin Gang","floor":11,"turns":6},{"damage":5,"enemies":"Blue Slaver","floor":12,"turns":3},{"damage":6,"enemies":"2 Fungi Beasts","floor":13,"turns":3},{"damage":6,"enemies":"Gremlin Gang","floor":14,"turns":6},{"damage":28,"enemies":"The Guardian","floor":16,"turns":19},{"damage":11,"enemies":"2 Thieves","floor":18,"turns":4},{"damage":18,"enemies":"3 Byrds","floor":21,"turns":7},{"damage":8,"enemies":"Shelled Parasite and Fungi","floor":28,"turns":9}],"seed_played":"7669420500365344534","potions_obtained":[{"floor":10,"key":"Poison Potion"},{"floor":12,"key":"Fire Potion"},{"floor":13,"key":"EssenceOfSteel"},{"floor":18,"key":"EssenceOfSteel"},{"floor":21,"key":"Block Potion"}],"is_trial":false,"path_per_floor":["M","?","M","T","?","R","$","E","T","M","M","M","M","M","R","B",null,"M","?","$","M","$","R","$","R","T","R","M"],"character_chosen":"DEFECT","items_purchased":["Meat on the Bone","Leap","Coolheaded","DollysMirror"],"campfire_rested":0,"item_purchase_floors":[7,7,7,20],"current_hp_per_floor":[75,75,75,75,75,75,75,75,75,75,73,68,62,56,56,40,75,64,64,64,46,46,46,46,46,46,46,38],"gold":30,"neow_bonus":"THREE_ENEMY_KILL","is_prod":false,"is_daily":false,"chose_seed":false,"campfire_upgraded":5,"win_rate":0,"timestamp":1548123815,"path_taken":["M","?","?","?","?","R","$","E","T","M","?","M","M","M","R","BOSS","M","?","$","M","$","R","$","R","T","R","M"],"build_version":"2019-01-17v2","purchased_purges":1,"victory":false,"max_hp_per_floor":[75,75,75,75,75,75,75,75,75,75,75,75,75,75,75,75,75,75,75,75,75,75,75,75,75,75,75,75],"card_choices":[{"not_picked":["Rebound","Heatsinks"],"picked":"Go for the Eyes","floor":1},{"not_picked":["Fusion","Glacier"],"picked":"Beam Cell","floor":3},{"not_picked":["BootSequence","Meteor Strike","Barrage"],"picked":"SKIP","floor":8},{"not_picked":["Hologram","Rip and Tear"],"picked":"Conserve Battery","floor":10},{"not_picked":["FTL","Darkness"],"picked":"Gash","floor":11},{"not_picked":["Rebound","Ball Lightning","Double Energy"],"picked":"SKIP","floor":12},{"not_picked":["Redo","Steam Power","Buffer"],"picked":"SKIP","floor":13},{"not_picked":["Rebound","Stack"],"picked":"Conserve Battery","floor":14},{"not_picked":["Compile Driver","Turbo","Blizzard"],"picked":"SKIP","floor":18},{"not_picked":["Redo","Sweeping Beam"],"picked":"Conserve Battery","floor":21}],"player_experience":559202,"relics_obtained":[{"floor":4,"key":"Dream Catcher"},{"floor":8,"key":"Shuriken"},{"floor":9,"key":"Smiling Mask"},{"floor":26,"key":"Mummified Hand"}],"event_choices":[{"damage_healed":0,"gold_gain":275,"player_choice":"Desecrate","damage_taken":0,"max_hp_gain":0,"max_hp_loss":0,"event_name":"Golden Shrine","floor":2,"gold_loss":0,"cards_obtained":["Regret"]},{"cards_removed":["Regret"],"damage_healed":0,"gold_gain":0,"player_choice":"Purged","damage_taken":0,"max_hp_gain":0,"max_hp_loss":0,"event_name":"Purifier","floor":5,"gold_loss":0},{"damage_healed":0,"gold_gain":0,"player_choice":"Obtained Relic","damage_taken":0,"relics_obtained":["The Courier"],"max_hp_gain":0,"max_hp_loss":0,"event_name":"Addict","floor":19,"gold_loss":85}],"is_beta":false,"boss_relics":[{"not_picked":["Fusion Hammer","Philosopher\u0027s Stone"],"picked":"Inserter"}],"items_purged_floors":[7],"is_endless":false,"potions_floor_spawned":[10,12,13,18,21],"killed_by":"Shelled Parasite and Fungi","ascension_level":0}