{"gold_per_floor":[117,117,117,136,146,146,171,171,171,194,207,23,23,35,35,138,138,150,150,150,169,55,55,72,72,72,97,125,139,151,179,179,283,283,296,296,56,70,70,70,7,7,7,26,57,67,17,32,32,32],"floor_reached":51,"playtime":3314,"items_purged":["Clumsy"],"score":873,"play_id":"e23ca52d-f923-43bf-abb4-8b9a49d35e5e","local_time":"20180915023951","is_ascension_mode":true,"campfire_choices":[{"data":"Dualcast","floor":6,"key":"SMITH"},{"data":"Zap","floor":8,"key":"SMITH"},{"data":"Storm","floor":13,"key":"SMITH"},{"data":"Defragment","floor":15,"key":"SMITH"},{"floor":23,"key":"REST"},{"floor":25,"key":"REST"},{"data":"Storm","floor":32,"key":"SMITH"},{"data":"White Noise","floor":40,"key":"SMITH"},{"data":"Loop","floor":42,"key":"SMITH"},{"floor":49,"key":"REST"}],"neow_cost":"TEN_PERCENT_HP_LOSS","seed_source_timestamp":41277393869821,"circlet_count":0,"master_deck":["Strike_B","Strike_B","Strike_B","Strike_B","Defend_B","Defend_B","Defend_B","Defend_B+1","Zap+1","Dualcast+1","Leap","Good Instincts+1","Coolheaded","Cold Snap","Cold Snap","Defragment+1","Storm+1","Electrodynamics","Sweeping Beam","Echo Form+1","Sweeping Beam","Chill+1","Storm+1","Storm","Glacier+1","Reboot","Go for the Eyes+1","Electrodynamics","Sweeping Beam","Machine Learning","White Noise+1","Glacier","Conserve Battery","Cold Snap+1","Loop+1","Capacitor+1","Fusion+1"],"relics":["Cracked Core","Ginger","Meat on the Bone","Matryoshka","The Courier","Strawberry","Black Star","War Paint","Letter Opener","Happy Flower","Smiling Mask","Red Mask","Bottled Lightning","Singing Bowl","Cursed Key","DataDisk","Thread and Needle","Shuriken","Incense Burner","Dead Branch"],"potions_floor_usage":[16,21,21,29,30,31,33,50,50,50],"damage_taken":[{"damage":4,"enemies":"Small Slimes","floor":1,"turns":3},{"damage":0,"enemies":"Jaw Worm","floor":4,"turns":3},{"damage":0,"enemies":"2 Louse","floor":5,"turns":3},{"damage":14,"enemies":"3 Sentries","floor":7,"turns":10},{"damage":0,"enemies":"Red Slaver","floor":11,"turns":3},{"damage":6,"enemies":"2 Fungi Beasts","floor":14,"turns":2},{"damage":28,"enemies":"The Guardian","floor":16,"turns":13},{"damage":32,"enemies":"2 Thieves","floor":18,"turns":3},{"damage":8,"enemies":"Chosen","floor":21,"turns":3},{"damage":33,"enemies":"Snake Plant","floor":24,"turns":5},{"damage":11,"enemies":"Gremlin Leader","floor":27,"turns":6},{"damage":20,"enemies":"Masked Bandits","floor":28,"turns":4},{"damage":3,"enemies":"Shelled Parasite and Fungi","floor":29,"turns":5},{"damage":9,"enemies":"Centurion and Healer","floor":30,"turns":4},{"damage":4,"enemies":"Book of Stabbing","floor":31,"turns":7},{"damage":24,"enemies":"Collector","floor":33,"turns":10},{"damage":0,"enemies":"Orb Walker","floor":35,"turns":4},{"damage":0,"enemies":"3 Shapes","floor":38,"turns":3},{"damage":0,"enemies":"Mind Bloom Boss Battle","floor":39,"turns":6},{"damage":0,"enemies":"Reptomancer","floor":44,"turns":4},{"damage":39,"enemies":"Giant Head","floor":45,"turns":7},{"damage":8,"enemies":"Transient","floor":46,"turns":5},{"damage":1,"enemies":"Maw","floor":48,"turns":5},{"damage":28,"enemies":"Awakened One","floor":50,"turns":8}],"seed_played":"-64925181403711352","potions_obtained":[{"floor":1,"key":"GamblersBrew"},{"floor":7,"key":"Dexterity Potion"},{"floor":14,"key":"Fire Potion"},{"floor":27,"key":"SteroidPotion"},{"floor":28,"key":"Energy Potion"},{"floor":29,"key":"Regen Potion"},{"floor":30,"key":"FocusPotion"},{"floor":39,"key":"PowerPotion"},{"floor":44,"key":"Dexterity Potion"},{"floor":48,"key":"Swift Potion"}],"is_trial":false,"path_per_floor":["M","?","?","M","M","R","E","R","T","T","M","$","R","M","R","B",null,"M","?","?","M","$","R","M","R","T","E","?","M","M","E","R","B",null,"M","?","$","M","?","R","$","R","T","M","E","M","$","M","R","B"],"character_chosen":"DEFECT","items_purchased":["Storm","Electrodynamics","Storm","Storm","DataDisk","White Noise","Glacier","Loop"],"campfire_rested":3,"item_purchase_floors":[12,12,22,22,37,37,37,41],"current_hp_per_floor":[64,64,64,64,64,64,50,50,50,57,57,57,57,51,51,35,75,43,43,29,33,33,57,36,60,60,49,41,50,53,51,51,39,82,84,86,86,86,86,86,86,86,86,86,49,55,55,54,81,53],"gold":32,"neow_bonus":"ONE_RARE_RELIC","is_prod":false,"is_daily":false,"chose_seed":false,"campfire_upgraded":7,"win_rate":0,"timestamp":1536971991,"path_taken":["M","?","?","M","M","R","E","R","T","?","M","$","R","?","R","BOSS","M","?","?","M","$","R","?","R","T","E","?","M","M","E","R","BOSS","M","?","$","M","?","R","?","R","T","M","E","M","$","?","R","BOSS"],"build_version":"2018-09-06","purchased_purges":1,"victory":true,"max_hp_per_floor":[68,68,68,68,68,68,68,68,68,75,75,75,75,75,75,75,75,75,75,80,80,80,80,80,80,80,80,80,80,80,82,82,82,82,84,86,86,86,86,86,86,86,86,86,88,90,90,90,90,90],"card_choices":[{"not_picked":["Genetic Algorithm","Compile Driver"],"picked":"Leap","floor":1},{"not_picked":["Streamline","Hologram"],"picked":"Coolheaded","floor":4},{"not_picked":["Redo","Leap"],"picked":"Cold Snap","floor":5},{"not_picked":["Redo","Sunder"],"picked":"Cold Snap","floor":7},{"not_picked":["FTL","Loop"],"picked":"Defragment","floor":11},{"not_picked":["Doom and Gloom","Conserve Battery"],"picked":"Sweeping Beam","floor":14},{"not_picked":["Buffer","Thunder Strike"],"picked":"Echo Form","floor":16},{"not_picked":["Beam Cell","Gash"],"picked":"Sweeping Beam","floor":18},{"not_picked":["Lockon","Genetic Algorithm"],"picked":"Chill+1","floor":21},{"not_picked":["Coolheaded","Barrage"],"picked":"Glacier+1","floor":24},{"not_picked":["Hello World","Steam"],"picked":"Reboot","floor":27},{"not_picked":["Steam","Stack"],"picked":"Go for the Eyes+1","floor":28},{"not_picked":["Go for the Eyes","Compile Driver+1"],"picked":"Electrodynamics","floor":29},{"not_picked":["Auto Shields","Streamline"],"picked":"Sweeping Beam","floor":30},{"not_picked":["Reprogram","Barrage+1","Sweeping Beam+1"],"picked":"Singing Bowl","floor":31},{"not_picked":["Reboot","Meteor Strike"],"picked":"Machine Learning","floor":33},{"not_picked":["Gash","Chaos","Fusion"],"picked":"Singing Bowl","floor":35},{"not_picked":["Good Instincts","Jack Of All Trades","Swift Strike"],"picked":"Singing Bowl","floor":36},{"not_picked":["Steam","Rebound+1"],"picked":"Conserve Battery","floor":38},{"not_picked":["Beam Cell","Rebound"],"picked":"Cold Snap+1","floor":39},{"not_picked":["Blizzard+1","Biased Cognition"],"picked":"Capacitor+1","floor":44},{"not_picked":["Go for the Eyes+1","Coolheaded","Hologram+1"],"picked":"Singing Bowl","floor":45},{"not_picked":["Turbo","Gash","Skim"],"picked":"Singing Bowl","floor":46},{"not_picked":["Steam+1","Leap"],"picked":"Fusion+1","floor":48}],"player_experience":165908,"relics_obtained":[{"floor":7,"key":"Meat on the Bone"},{"floor":9,"key":"Matryoshka"},{"floor":10,"key":"The Courier"},{"floor":10,"key":"Strawberry"},{"floor":26,"key":"War Paint"},{"floor":26,"key":"Letter Opener"},{"floor":27,"key":"Happy Flower"},{"floor":27,"key":"Smiling Mask"},{"floor":28,"key":"Red Mask"},{"floor":31,"key":"Bottled Lightning"},{"floor":31,"key":"Singing Bowl"},{"floor":39,"key":"Thread and Needle"},{"floor":43,"key":"Shuriken"},{"floor":45,"key":"Incense Burner"},{"floor":45,"key":"Dead Branch"}],"event_choices":[{"event_name":"Golden Wing","player_choice":"Ignored","floor":2,"damage_taken":0},{"event_name":"Match and Keep!","player_choice":"1 cards matched","floor":3,"damage_taken":0},{"event_name":"Upgrade Shrine","player_choice":"Upgraded","floor":19,"damage_taken":0},{"event_name":"Forgotten Altar","player_choice":"Shed Blood","floor":20,"damage_taken":0},{"event_name":"Masked Bandits","player_choice":"Fought Bandits","floor":28,"damage_taken":0},{"event_name":"SensoryStone","player_choice":"Memory 1","floor":36,"damage_taken":0},{"event_name":"MindBloom","player_choice":"Fight","floor":39,"damage_taken":0}],"is_beta":false,"boss_relics":[{"not_picked":["Empty Cage","Tiny House"],"picked":"Black Star"},{"not_picked":["Eternal Feather","Pandora\u0027s Box"],"picked":"Cursed Key"}],"items_purged_floors":[47],"is_endless":false,"potions_floor_spawned":[1,7,14,27,28,29,30,39,44,48],"ascension_level":4}