{"gold_per_floor":[119,119,119,119,130,130,157,82,106,122,140,140,156,168,168,265,265,280,180,0,12,12,12,12],"floor_reached":24,"playtime":2213,"items_purged":["Strike_B","Strike_B"],"score":369,"play_id":"7cd9ee8c-0cb9-47cc-ac5c-90a0768b5db2","local_time":"20180918041255","is_ascension_mode":true,"campfire_choices":[{"floor":6,"key":"REST"},{"floor":12,"key":"REST"},{"floor":15,"key":"REST"},{"floor":23,"key":"REST"}],"neow_cost":"","seed_source_timestamp":226869257114603,"circlet_count":0,"master_deck":["Strike_B","Defend_B","Defend_B+1","Defend_B","Defend_B","Zap+1","Dualcast","AscendersBane","Buffer","Leap","Steam","White Noise","Echo Form","Compile Driver+1","Streamline+1","Buffer+1"],"relics":["Cracked Core","Blood Vial","DataDisk","Astrolabe"],"potions_floor_usage":[16,24,24],"damage_taken":[{"damage":2,"enemies":"2 Louse","floor":1,"turns":2},{"damage":7,"enemies":"Jaw Worm","floor":5,"turns":3},{"damage":38,"enemies":"Lagavulin","floor":7,"turns":7},{"damage":0,"enemies":"Cultist","floor":10,"turns":3},{"damage":13,"enemies":"3 Louse","floor":11,"turns":3},{"damage":14,"enemies":"Exordium Thugs","floor":13,"turns":5},{"damage":0,"enemies":"Looter","floor":14,"turns":4},{"damage":0,"enemies":"Slime Boss","floor":16,"turns":7},{"damage":12,"enemies":"3 Byrds","floor":18,"turns":4},{"damage":12,"enemies":"Chosen","floor":21,"turns":6},{"damage":81,"enemies":"Gremlin Leader","floor":24,"turns":6}],"seed_played":"515451200231991676","potions_obtained":[{"floor":13,"key":"SkillPotion"},{"floor":14,"key":"SneckoOil"},{"floor":18,"key":"Weak Potion"}],"is_trial":false,"path_per_floor":["M","?","?","?","M","R","E","$","T","M","M","R","M","M","R","B",null,"M","$","?","M","$","R"],"character_chosen":"DEFECT","items_purchased":[],"campfire_rested":4,"item_purchase_floors":[],"current_hp_per_floor":[66,59,64,48,41,65,27,27,27,29,18,42,30,32,56,58,75,72,72,72,62,62,80,0],"gold":12,"neow_bonus":"","is_prod":false,"is_daily":false,"chose_seed":false,"campfire_upgraded":0,"win_rate":0,"timestamp":1537236775,"path_taken":["M","?","?","?","M","R","E","$","T","?","M","R","M","M","R","BOSS","M","$","?","M","$","R","E"],"build_version":"2018-09-06","purchased_purges":2,"victory":false,"max_hp_per_floor":[75,75,80,80,80,80,80,80,80,80,80,80,80,80,80,80,80,80,80,80,80,80,80,80],"card_choices":[{"not_picked":["Compile Driver","Lockon"],"picked":"Gash","floor":1},{"not_picked":["Tempest","Streamline"],"picked":"Skim","floor":5},{"not_picked":["Streamline","Hologram"],"picked":"Buffer","floor":7},{"not_picked":["Compile Driver","Hologram"],"picked":"Go for the Eyes","floor":10},{"not_picked":["Scrape","Cold Snap"],"picked":"Leap","floor":11},{"not_picked":["Rebound","Lockon"],"picked":"Steam","floor":13},{"not_picked":["Turbo","Redo"],"picked":"White Noise","floor":14},{"not_picked":["Machine Learning","Thunder Strike"],"picked":"Echo Form","floor":16},{"not_picked":["Compile Driver","Rip and Tear","Conserve Battery"],"picked":"SKIP","floor":18},{"not_picked":["Ball Lightning","Gash","Go for the Eyes"],"picked":"SKIP","floor":21}],"player_experience":326239,"relics_obtained":[{"floor":7,"key":"Blood Vial"},{"floor":9,"key":"DataDisk"}],"event_choices":[{"event_name":"Golden Wing","player_choice":"Card Removal","floor":2,"damage_taken":0},{"event_name":"Big Fish","player_choice":"Donut","floor":3,"damage_taken":0},{"event_name":"Shining Light","player_choice":"Entered Light","floor":4,"damage_taken":0},{"event_name":"Masked Bandits","player_choice":"Paid Fearfully","floor":20,"damage_taken":0}],"is_beta":false,"boss_relics":[{"not_picked":["Inserter","Ectoplasm"],"picked":"Astrolabe"}],"items_purged_floors":[8,19],"is_endless":false,"potions_floor_spawned":[13,14,18],"killed_by":"Gremlin Leader","ascension_level":10}