{"path_per_floor":["M","M","M","?","M","R","E","?","T","R","M","?","M","$","R","B",null,"M","?","?","M","$","R","M","R","T","E","M","R","?","M","R","B",null,"M","M","M","M","?","R","E","R","T","R","M","$","M","?","R"],"character_chosen":"THE_SILENT","items_purchased":["Storm of Steel","Finesse","Regen Potion","Endless Agony","Secret Technique","Panacea","Omamori","Panache"],"gold_per_floor":[15,27,43,43,55,55,85,260,260,260,276,351,369,67,67,166,166,177,377,627,644,18,18,29,29,29,63,78,78,78,93,93,191,191,205,224,243,259,259,259,284,284,355,355,370,64,79,79,79,79],"floor_reached":50,"campfire_rested":7,"playtime":3234,"current_hp_per_floor":[66,66,66,71,67,67,47,47,47,69,69,58,58,58,58,46,75,61,61,61,56,56,75,48,48,48,14,2,24,24,4,26,3,75,62,60,44,41,41,63,21,43,43,65,62,62,59,75,75,0],"items_purged":["Doubt","Regret","Caltrops"],"gold":79,"score":570,"play_id":"617f2874-15f0-4703-a960-74de994a7557","local_time":"20180327193033","is_prod":false,"is_daily":false,"is_ascension_mode":false,"campfire_upgraded":4,"timestamp":1522171833,"path_taken":["M","M","M","?","M","R","E","?","T","R","M","?","M","$","R","BOSS","M","?","?","M","$","R","M","R","T","E","M","R","?","?","R","BOSS","M","M","M","M","?","R","E","R","T","R","M","$","M","?","R","BOSS"],"build_version":"2018-03-22v2","purchased_purges":4,"victory":false,"master_deck":["Survivor","Neutralize","Cloak And Dagger+1","Slice","Finisher","Flying Knee","Deflect","Masterful Stab","Storm of Steel+1","Finesse","Die Die Die","Cloak And Dagger+1","Malaise","Endless Agony","Secret Technique","Panacea","Dagger Spray","Backstab+1","Acrobatics","Cloak And Dagger","Outmaneuver","Accuracy+1","Storm of Steel","Caltrops","Riddle With Holes","Leg Sweep","Dagger Throw","Terror","Crippling Poison","Cloak And Dagger","Quick Slash","Quick Slash","Cloak And Dagger+1","Endless Agony+1","Endless Agony+1","Finisher","Cloak And Dagger+1","Distraction+1","Slice+1","Accuracy","Panache","Dodge and Roll+1"],"max_hp_per_floor":[70,70,70,75,75,75,75,75,75,75,75,75,75,75,75,75,75,75,75,75,75,75,75,75,75,75,75,75,75,75,75,75,75,75,75,75,75,75,75,75,75,75,75,75,75,75,75,75,75,75],"relics":["Ring of the Snake","Unceasing Top","Dream Catcher","Ice Cream","Question Card","Omamori","Snake Skull","Vajra","Pandora\u0027s Box","Oddly Smooth Stone","Bottled Lightning"],"card_choices":[{"not_picked":["Infinite Blades","Prepared"],"picked":"Cloak And Dagger","floor":1},{"not_picked":["Quick Slash","Masterful Stab"],"picked":"Slice","floor":2},{"not_picked":["Backflip","Footwork"],"picked":"Finisher","floor":3},{"not_picked":["Backflip","Sucker Punch"],"picked":"Flying Knee","floor":5},{"not_picked":["Catalyst","All Out Attack"],"picked":"Deflect","floor":7},{"not_picked":["Expertise","Blur"],"picked":"Masterful Stab","floor":10},{"not_picked":["Phantasmal Killer","Corpse Explosion"],"picked":"Die Die Die","floor":16},{"not_picked":["Prepared","Dagger Spray","Slice"],"picked":"Cloak And Dagger","floor":18},{"not_picked":["Backflip","Masterful Stab","Deadly Poison"],"picked":"Malaise","floor":21},{"not_picked":["Dagger Throw","Flying Knee","Prepared"],"picked":"Dagger Spray","floor":23},{"not_picked":["Slice","Expertise","Calculated Gamble"],"picked":"Backstab","floor":24},{"not_picked":["Sucker Punch","Heel Hook","Reflex"],"picked":"Acrobatics","floor":27},{"not_picked":["Reflex","Infinite Blades","Acrobatics"],"picked":"Cloak And Dagger","floor":28},{"not_picked":["Catalyst","Tools of the Trade","Prepared"],"picked":"Outmaneuver","floor":29},{"not_picked":["Dagger Spray","Sucker Punch","Finisher"],"picked":"Footwork","floor":31},{"not_picked":["Infinite Blades","Prepared","Flying Knee"],"picked":"Accuracy","floor":32},{"not_picked":["Bullet Time","Venomology","Tactician"],"picked":"Storm of Steel","floor":33},{"not_picked":["Prepared","Well Laid Plans","PiercingWail"],"picked":"Cloak And Dagger","floor":35},{"not_picked":["Calculated Gamble","Bane","PiercingWail"],"picked":"Endless Agony","floor":36},{"not_picked":["Expertise","Dagger Throw","Poisoned Stab"],"picked":"Endless Agony","floor":37},{"not_picked":["Riddle With Holes","Tools of the Trade","Prepared"],"picked":"Finisher","floor":38},{"not_picked":["Outmaneuver","Heel Hook","Poisoned Stab"],"picked":"Cloak And Dagger","floor":40},{"not_picked":["Deadly Poison","All Out Attack","Heel Hook"],"picked":"Distraction","floor":41},{"not_picked":["Backflip","Deadly Poison","Well Laid Plans"],"picked":"Slice","floor":42},{"not_picked":["Poisoned Stab","Deflect","Deadly Poison"],"picked":"Accuracy","floor":44},{"not_picked":["Skewer","Bouncing Flask","Escape Plan"],"picked":"Dodge and Roll","floor":47}],"player_experience":114354,"potions_floor_usage":[7,16,27,31,33,50,50],"damage_taken":[{"damage":4,"enemies":"Jaw Worm","floor":1,"turns":4},{"damage":0,"enemies":"Small Slimes","floor":2,"turns":3},{"damage":0,"enemies":"2 Louse","floor":3,"turns":3},{"damage":4,"enemies":"Large Slime","floor":5,"turns":6},{"damage":35,"enemies":"Lagavulin","floor":7,"turns":6},{"damage":0,"enemies":"Looter","floor":11,"turns":3},{"damage":0,"enemies":"2 Fungi Beasts","floor":13,"turns":3},{"damage":27,"enemies":"Slime Boss","floor":16,"turns":13},{"damage":14,"enemies":"Spheric Guardian","floor":18,"turns":4},{"damage":5,"enemies":"3 Byrds","floor":21,"turns":5},{"damage":27,"enemies":"Sentry and Sphere","floor":24,"turns":5},{"damage":34,"enemies":"Gremlin Leader","floor":27,"turns":5},{"damage":12,"enemies":"3 Cultists","floor":28,"turns":4},{"damage":20,"enemies":"Snake Plant","floor":31,"turns":6},{"damage":23,"enemies":"Champ","floor":33,"turns":12},{"damage":13,"enemies":"3 Shapes","floor":35,"turns":4},{"damage":2,"enemies":"Orb Walker","floor":36,"turns":3},{"damage":16,"enemies":"Maw","floor":37,"turns":7},{"damage":3,"enemies":"4 Shapes","floor":38,"turns":4},{"damage":42,"enemies":"Giant Head","floor":41,"turns":8},{"damage":3,"enemies":"Sphere and 2 Shapes","floor":45,"turns":4},{"damage":3,"enemies":"3 Darklings","floor":47,"turns":2},{"damage":77,"enemies":"Time Eater","floor":50,"turns":8}],"event_choices":[{"event_name":"Big Fish","player_choice":"Donut","floor":4,"damage_taken":0},{"event_name":"Liars Game","player_choice":"agreed","floor":8,"damage_taken":0},{"event_name":"World of Goop","player_choice":"Gather Gold","floor":12,"damage_taken":0},{"event_name":"Wheel of Change","player_choice":"Gold","floor":19,"damage_taken":0},{"event_name":"Golden Shrine","player_choice":"Desecrate","floor":20,"damage_taken":0},{"event_name":"Forgotten Altar","player_choice":"Smashed Altar","floor":30,"damage_taken":0},{"event_name":"Winding Halls","player_choice":"Writhe","floor":48,"damage_taken":0}],"boss_relics":[{"not_picked":["Velvet Choker","Runic Pyramid"],"picked":"Question Card"},{"not_picked":["White Beast Statue","Tiny House"],"picked":"Pandora\u0027s Box"}],"potions_floor_spawned":[3,7,11,21,24,41,45,47],"seed_played":"-2753466770506713503","killed_by":"Time Eater","ascension_level":0,"is_trial":false}