{"gold_per_floor":[114,114,132,132,146,146,160,160,160,173,173,188,188,188,188,188],"floor_reached":16,"playtime":570,"items_purged":[],"score":179,"play_id":"a1ce0981-58d5-4e49-b35d-a95ed9d74fd2","local_time":"20180928140143","is_ascension_mode":true,"campfire_choices":[{"floor":6,"key":"REST"},{"floor":8,"key":"REST"},{"data":"Rip and Tear","floor":11,"key":"SMITH"},{"data":"Zap","floor":15,"key":"SMITH"}],"neow_cost":"PERCENT_DAMAGE","seed_source_timestamp":46110461979170,"circlet_count":0,"master_deck":["Strike_B","Strike_B","Defend_B","Defend_B","Defend_B","Zap+1","Dualcast","AscendersBane","Rip and Tear+1","White Noise"],"relics":["Cracked Core","Letter Opener","Calipers"],"potions_floor_usage":[10,16],"damage_taken":[{"damage":0,"enemies":"Cultist","floor":1,"turns":3},{"damage":0,"enemies":"2 Louse","floor":3,"turns":2},{"damage":4,"enemies":"Small Slimes","floor":5,"turns":4},{"damage":7,"enemies":"Looter","floor":7,"turns":4},{"damage":2,"enemies":"Exordium Wildlife","floor":10,"turns":2},{"damage":2,"enemies":"3 Louse","floor":12,"turns":2},{"damage":90,"enemies":"Slime Boss","floor":16,"turns":10}],"seed_played":"7702098238329871249","potions_obtained":[{"floor":3,"key":"Strength Potion"},{"floor":7,"key":"Explosive Potion"},{"floor":12,"key":"FairyPotion"}],"is_trial":false,"path_per_floor":["M","?","M","?","M","R","M","R","T","M","R","M","?","?","R"],"character_chosen":"DEFECT","items_purchased":[],"campfire_rested":2,"item_purchase_floors":[],"current_hp_per_floor":[46,46,46,39,35,56,49,70,70,68,68,66,48,71,71,0],"gold":188,"neow_bonus":"REMOVE_TWO","is_prod":false,"is_daily":false,"chose_seed":false,"campfire_upgraded":2,"win_rate":0,"timestamp":1538136103,"path_taken":["M","?","M","?","?","R","M","R","T","M","R","M","?","?","R","BOSS"],"build_version":"2018-09-27","purchased_purges":0,"victory":false,"max_hp_per_floor":[71,71,71,71,71,71,71,71,71,71,71,71,71,71,71,71],"card_choices":[{"not_picked":["Cold Snap","Double Energy","Undo"],"picked":"SKIP","floor":1},{"not_picked":["Cold Snap","Darkness","Steam"],"picked":"SKIP","floor":3},{"not_picked":["Coolheaded","Darkness","Static Discharge"],"picked":"SKIP","floor":5},{"not_picked":["Turbo","Gash"],"picked":"Rip and Tear","floor":7},{"not_picked":["Aggregate","Compile Driver"],"picked":"White Noise","floor":10},{"not_picked":["Blizzard","Machine Learning","Barrage"],"picked":"SKIP","floor":12}],"player_experience":731101,"relics_obtained":[{"floor":9,"key":"Letter Opener"}],"event_choices":[{"event_name":"Liars Game","player_choice":"disagreed","floor":2,"damage_taken":0},{"event_name":"Golden Wing","player_choice":"Card Removal","floor":4,"damage_taken":0},{"event_name":"Scrap Ooze","player_choice":"success","floor":13,"damage_taken":18},{"event_name":"Big Fish","player_choice":"Banana","floor":14,"damage_taken":0}],"is_beta":false,"boss_relics":[],"items_purged_floors":[],"is_endless":false,"potions_floor_spawned":[3,7,12],"killed_by":"Slime Boss","ascension_level":19}