{"gold_per_floor":[110,120,85,100,100,100,135,135,135,152,162,188,201,219,219,219],"floor_reached":16,"playtime":1336,"items_purged":[],"score":125,"play_id":"f0f01112-2c6e-496b-a978-bdd52eac22ca","local_time":"20180903063322","is_ascension_mode":true,"campfire_choices":[{"data":"Double Tap","floor":6,"key":"SMITH"},{"floor":8,"key":"REST"},{"floor":15,"key":"REST"}],"neow_cost":"PERCENT_DAMAGE","seed_source_timestamp":226959755536346,"circlet_count":0,"master_deck":["Strike_R","Strike_R","Strike_R","Strike_R","Strike_R","Defend_R","Defend_R","Defend_R","Defend_R","Bash","Double Tap+1","Entrench+1","Spot Weakness","Cleave","Iron Wave","Iron Wave","Perfected Strike","Fire Breathing","Seeing Red"],"relics":["Burning Blood","Charon\u0027s Ashes","Paper Frog","Question Card"],"potions_floor_usage":[7,11,12,16],"damage_taken":[{"damage":5,"enemies":"Small Slimes","floor":1,"turns":4},{"damage":8,"enemies":"Jaw Worm","floor":2,"turns":5},{"damage":6,"enemies":"Cultist","floor":4,"turns":3},{"damage":33,"enemies":"Gremlin Nob","floor":7,"turns":5},{"damage":16,"enemies":"Blue Slaver","floor":10,"turns":3},{"damage":11,"enemies":"2 Fungi Beasts","floor":11,"turns":3},{"damage":11,"enemies":"Lagavulin","floor":12,"turns":5},{"damage":5,"enemies":"Large Slime","floor":13,"turns":6},{"damage":17,"enemies":"Gremlin Gang","floor":14,"turns":4},{"damage":68,"enemies":"Slime Boss","floor":16,"turns":7}],"seed_played":"-4495097403607107265","potions_obtained":[{"floor":1,"key":"GamblersBrew"},{"floor":4,"key":"EssenceOfSteel"},{"floor":10,"key":"LiquidBronze"},{"floor":12,"key":"Weak Potion"}],"is_trial":false,"path_per_floor":["M","M","?","M","?","R","E","R","T","M","M","E","M","M","R"],"character_chosen":"IRONCLAD","items_purchased":[],"campfire_rested":2,"item_purchase_floors":[],"current_hp_per_floor":[57,55,75,75,75,75,48,72,72,62,57,52,53,42,66,0],"gold":219,"neow_bonus":"THREE_RARE_CARDS","is_prod":false,"is_daily":false,"chose_seed":false,"campfire_upgraded":1,"win_rate":0,"timestamp":1535949202,"path_taken":["M","M","?","M","?","R","E","R","T","M","?","E","?","M","R","BOSS"],"build_version":"2018-08-30","purchased_purges":0,"victory":false,"max_hp_per_floor":[80,80,80,80,80,80,80,80,80,80,80,80,80,80,80,80],"card_choices":[{"not_picked":["Dark Embrace","Limit Break"],"picked":"Double Tap","floor":0},{"not_picked":["Hemokinesis","Dual Wield"],"picked":"Entrench","floor":1},{"not_picked":["Heavy Blade","Clothesline"],"picked":"Spot Weakness","floor":2},{"not_picked":["Anger","Clothesline"],"picked":"Cleave","floor":4},{"not_picked":["Entrench","Carnage","Twin Strike"],"picked":"SKIP","floor":7},{"not_picked":["Warcry","Pommel Strike"],"picked":"Iron Wave","floor":10},{"not_picked":["Headbutt","True Grit"],"picked":"Iron Wave","floor":11},{"not_picked":["Burning Pact","Sword Boomerang"],"picked":"Perfected Strike","floor":12},{"not_picked":["Pommel Strike","Sever Soul","Headbutt"],"picked":"Fire Breathing","floor":13},{"not_picked":["Dual Wield","Wild Strike","Shockwave"],"picked":"Seeing Red","floor":14}],"player_experience":81611,"relics_obtained":[{"floor":7,"key":"Charon\u0027s Ashes"},{"floor":9,"key":"Paper Frog"},{"floor":12,"key":"Question Card"}],"event_choices":[{"event_name":"The Cleric","player_choice":"Healed","floor":3,"damage_taken":0},{"event_name":"Living Wall","player_choice":"Grow","floor":5,"damage_taken":0}],"is_beta":false,"boss_relics":[],"items_purged_floors":[],"is_endless":false,"potions_floor_spawned":[1,4,10,12],"killed_by":"Slime Boss","ascension_level":2}