{"gold_per_floor":[117,136,156,171,183,183,200,219,219,219,239,239,239,204,204,307,307,322,337,337,337,353,353,366,366,366,380,166,166,166,185,185,185],"floor_reached":33,"playtime":1751,"items_purged":[],"score":268,"play_id":"4b0379a3-2d8f-45bb-901f-95f7ef2c514c","local_time":"20180715012724","is_ascension_mode":false,"campfire_choices":[{"floor":6,"key":"REST"},{"floor":10,"key":"REST"},{"data":"Infernal Blade","floor":12,"key":"SMITH"},{"floor":15,"key":"REST"},{"floor":23,"key":"REST"},{"floor":25,"key":"REST"},{"floor":32,"key":"REST"}],"neow_cost":"NONE","seed_source_timestamp":348731256042551,"circlet_count":0,"master_deck":["Defend_R","Defend_R","Defend_R+1","Defend_R","Bash","Berserk","Infernal Blade+1","Body Slam","Anger","Headbutt","Rage","Iron Wave","Metallicize","Iron Wave","Infernal Blade","Anger","Bite","Bite","Bite","Bite","Bite","Double Tap","Bash","Intimidate+1","Armaments","Clothesline","Armaments+1","Panache","Demon Form"],"relics":["Burning Blood","Ginger","Velvet Choker","Toxic Egg 2"],"potions_floor_usage":[8,16,22,22,33,33,33],"damage_taken":[{"damage":16,"enemies":"Jaw Worm","floor":1,"turns":2},{"damage":6,"enemies":"Small Slimes","floor":2,"turns":4},{"damage":10,"enemies":"2 Louse","floor":3,"turns":3},{"damage":20,"enemies":"Large Slime","floor":4,"turns":6},{"damage":21,"enemies":"Lots of Slimes","floor":5,"turns":3},{"damage":16,"enemies":"2 Fungi Beasts","floor":7,"turns":3},{"damage":24,"enemies":"Exordium Thugs","floor":8,"turns":5},{"damage":4,"enemies":"Looter","floor":11,"turns":3},{"damage":83,"enemies":"Hexaghost","floor":16,"turns":10},{"damage":56,"enemies":"3 Byrds","floor":18,"turns":8},{"damage":10,"enemies":"Shell Parasite","floor":19,"turns":6},{"damage":22,"enemies":"3 Cultists","floor":22,"turns":6},{"damage":21,"enemies":"Snecko","floor":24,"turns":6},{"damage":23,"enemies":"Snake Plant","floor":27,"turns":4},{"damage":36,"enemies":"3 Cultists","floor":31,"turns":6},{"damage":83,"enemies":"Automaton","floor":33,"turns":6}],"seed_played":"-4413476746609317477","potions_obtained":[{"floor":2,"key":"Swift Potion"},{"floor":5,"key":"LiquidBronze"},{"floor":11,"key":"BloodPotion"},{"floor":16,"key":"Weak Potion"},{"floor":18,"key":"LiquidBronze"},{"floor":24,"key":"Fire Potion"},{"floor":27,"key":"SpeedPotion"},{"floor":31,"key":"Ancient Potion"}],"is_trial":false,"path_per_floor":["M","M","M","M","M","R","M","M","T","R","M","R","?","?","R","B",null,"M","M","?","?","M","R","M","R","T","M","$","?","$","M","R"],"character_chosen":"IRONCLAD","items_purchased":["Armaments+1","Panache"],"campfire_rested":6,"item_purchase_floors":[28,28],"current_hp_per_floor":[70,70,66,52,37,61,51,33,33,57,59,59,43,63,80,11,80,30,26,26,26,22,38,35,51,51,40,40,66,66,43,62,0],"gold":185,"neow_bonus":"ONE_RANDOM_RARE_CARD","is_prod":false,"is_daily":false,"chose_seed":false,"campfire_upgraded":1,"win_rate":0.0,"timestamp":1531610844,"path_taken":["M","M","M","M","M","R","M","M","T","R","M","R","?","?","R","BOSS","M","M","?","?","?","R","M","R","T","M","?","?","$","M","R","BOSS"],"build_version":"2018-07-12","purchased_purges":0,"victory":false,"max_hp_per_floor":[80,80,80,80,80,80,80,80,80,80,80,80,80,80,80,80,80,80,80,56,56,56,56,56,56,56,56,56,66,66,66,66,66],"card_choices":[{"not_picked":["Clothesline","Thunderclap"],"picked":"Infernal Blade","floor":1},{"not_picked":["Iron Wave","Battle Trance"],"picked":"Body Slam","floor":2},{"not_picked":["Sword Boomerang","Cleave"],"picked":"Anger","floor":3},{"not_picked":["Clash","Flex"],"picked":"Headbutt","floor":4},{"not_picked":["Body Slam","Rupture"],"picked":"Rage","floor":5},{"not_picked":["Spot Weakness","Thunderclap"],"picked":"Iron Wave","floor":7},{"not_picked":["Seeing Red","Heavy Blade"],"picked":"Metallicize","floor":8},{"not_picked":["Clash","Burning Pact"],"picked":"Iron Wave","floor":11},{"not_picked":["Limit Break","Bludgeon"],"picked":"Berserk","floor":16},{"not_picked":["Flame Barrier","Cleave"],"picked":"Infernal Blade","floor":18},{"not_picked":["Pommel Strike","Perfected Strike"],"picked":"Anger","floor":19},{"not_picked":["Twin Strike","Body Slam"],"picked":"Intimidate+1","floor":22},{"not_picked":["Ghostly Armor","Pummel+1"],"picked":"Armaments","floor":24},{"not_picked":["Thunderclap","Twin Strike"],"picked":"Clothesline","floor":27},{"not_picked":["Clash","Anger+1"],"picked":"Demon Form","floor":31}],"player_experience":48613,"relics_obtained":[{"floor":9,"key":"Ginger"},{"floor":26,"key":"Toxic Egg 2"}],"event_choices":[{"event_name":"Shining Light","player_choice":"Entered Light","floor":13,"damage_taken":0},{"event_name":"The Cleric","player_choice":"Healed","floor":14,"damage_taken":0},{"event_name":"Vampires","player_choice":"Became a vampire","floor":20,"damage_taken":0},{"event_name":"Match and Keep!","player_choice":"2 cards matched","floor":21,"damage_taken":0},{"event_name":"Bonfire Elementals","player_choice":"RARE","floor":29,"damage_taken":0}],"boss_relics":[{"not_picked":["Eternal Feather","Sozu"],"picked":"Velvet Choker"}],"items_purged_floors":[],"is_endless":false,"potions_floor_spawned":[2,5,11,16,18,24,27,31],"killed_by":"Automaton","ascension_level":0}