{"gold_per_floor":[16,16,35,35,35,35,69,69,69,80,100,120,7,40,40,143,143,153,171,43,43,6,62,62,94,119,143,143,162,162,174,174,274,274,287,33,48,48],"floor_reached":38,"playtime":2011,"items_purged":["Strike_R"],"score":483,"play_id":"679d33ac-6f44-4c93-b546-22e6ff82d2b9","local_time":"20180915212950","is_ascension_mode":true,"campfire_choices":[{"data":"Armaments","floor":6,"key":"SMITH"},{"floor":8,"key":"REST"},{"floor":15,"key":"REST"},{"floor":24,"key":"REST"},{"floor":28,"key":"REST"},{"floor":30,"key":"REST"},{"floor":32,"key":"REST"}],"neow_cost":"NO_GOLD","seed_source_timestamp":30084594939730,"circlet_count":0,"master_deck":["Strike_R","Strike_R+1","Strike_R","Defend_R","Defend_R","Defend_R","Defend_R","Bash","Dropkick+1","Armaments+1","Uppercut","Sword Boomerang","Cleave","Seeing Red","Combust","Uppercut","Thunderclap","Brutality+1","Flex","Seeing Red+1","Shrug It Off","Bash","Spot Weakness","Pommel Strike+1","Dropkick","Clash+1","Flame Barrier","Limit Break","Armaments+1","Panache+1","Metallicize+1","Rupture+1"],"relics":["Burning Blood","Unceasing Top","Art of War","Juzu Bracelet","Anchor","Odd Mushroom","Frozen Egg 2","Sozu","Tiny Chest","Ginger","Orichalcum","PreservedInsect","Velvet Choker"],"potions_floor_usage":[11,12,14,18],"damage_taken":[{"damage":0,"enemies":"2 Louse","floor":1,"turns":4},{"damage":0,"enemies":"Small Slimes","floor":3,"turns":4},{"damage":40,"enemies":"3 Sentries","floor":7,"turns":10},{"damage":0,"enemies":"Cultist","floor":10,"turns":3},{"damage":7,"enemies":"Large Slime","floor":11,"turns":6},{"damage":27,"enemies":"The Mushroom Lair","floor":12,"turns":5},{"damage":22,"enemies":"Lagavulin","floor":14,"turns":5},{"damage":34,"enemies":"Hexaghost","floor":16,"turns":8},{"damage":12,"enemies":"3 Byrds","floor":18,"turns":4},{"damage":14,"enemies":"2 Thieves","floor":19,"turns":3},{"damage":45,"enemies":"Gremlin Leader","floor":23,"turns":6},{"damage":32,"enemies":"Book of Stabbing","floor":25,"turns":5},{"damage":22,"enemies":"Centurion and Healer","floor":29,"turns":4},{"damage":19,"enemies":"Snecko","floor":31,"turns":4},{"damage":67,"enemies":"Collector","floor":33,"turns":8},{"damage":32,"enemies":"3 Darklings","floor":35,"turns":6},{"damage":50,"enemies":"3 Shapes","floor":37,"turns":4},{"damage":13,"enemies":"3 Darklings","floor":38,"turns":2}],"seed_played":"-774300985481857446","potions_obtained":[{"floor":7,"key":"EssenceOfSteel"},{"floor":10,"key":"Swift Potion"},{"floor":12,"key":"Dexterity Potion"},{"floor":14,"key":"Block Potion"}],"is_trial":false,"path_per_floor":["M","?","M","?","T","R","E","R","T","M","M","?","$","E","R","B",null,"M","M","$","?","$","E","R","E","T","T","R","M","R","M","R","B",null,"M","$","M"],"character_chosen":"IRONCLAD","items_purchased":["Combust","Uppercut","Shrug It Off","Spot Weakness","Panache+1","Metallicize+1"],"campfire_rested":6,"item_purchase_floors":[13,13,20,22,36,36],"current_hp_per_floor":[80,64,70,70,70,70,36,60,60,66,65,44,44,28,52,24,80,74,66,66,66,66,27,51,25,25,25,49,33,57,44,68,7,80,54,54,10,0],"gold":48,"neow_bonus":"ONE_RARE_RELIC","is_prod":false,"is_daily":false,"chose_seed":false,"campfire_upgraded":1,"win_rate":0,"timestamp":1537039790,"path_taken":["M","?","M","?","?","R","E","R","T","M","M","?","$","E","R","BOSS","M","M","$","?","$","E","R","E","T","?","R","M","R","M","R","BOSS","M","$","M","M"],"build_version":"2018-09-06","purchased_purges":1,"victory":false,"max_hp_per_floor":[80,80,80,80,80,80,80,80,80,80,80,80,80,80,80,80,80,80,80,80,80,80,80,80,80,80,80,80,80,80,80,80,80,80,80,80,80,80],"card_choices":[{"not_picked":["Wild Strike","Disarm"],"picked":"Dropkick","floor":1},{"not_picked":["Perfected Strike","Clash"],"picked":"Armaments","floor":3},{"not_picked":["Bludgeon","Power Through"],"picked":"Uppercut","floor":7},{"not_picked":["Blood for Blood","Entrench"],"picked":"Sword Boomerang","floor":10},{"not_picked":["Warcry","Perfected Strike"],"picked":"Cleave","floor":11},{"not_picked":["Havoc","Clothesline"],"picked":"Seeing Red","floor":12},{"not_picked":["Carnage","Battle Trance"],"picked":"Thunderclap","floor":14},{"not_picked":["Limit Break","Impervious"],"picked":"Brutality+1","floor":16},{"not_picked":["Uppercut","Perfected Strike"],"picked":"Flex","floor":18},{"not_picked":["Shrug It Off+1","Thunderclap"],"picked":"Seeing Red+1","floor":19},{"not_picked":["Ghostly Armor","Infernal Blade"],"picked":"Pommel Strike+1","floor":23},{"not_picked":["Feel No Pain+1","Clash"],"picked":"Dropkick","floor":25},{"not_picked":["Iron Wave","Headbutt"],"picked":"Clash+1","floor":29},{"not_picked":["Perfected Strike","Dual Wield"],"picked":"Flame Barrier","floor":31},{"not_picked":["Fiend Fire","Bludgeon"],"picked":"Limit Break","floor":33},{"not_picked":["True Grit+1","Pummel"],"picked":"Armaments+1","floor":35},{"not_picked":["Havoc+1","Body Slam"],"picked":"Rupture+1","floor":37}],"player_experience":198739,"relics_obtained":[{"floor":5,"key":"Art of War"},{"floor":7,"key":"Juzu Bracelet"},{"floor":9,"key":"Anchor"},{"floor":12,"key":"Odd Mushroom"},{"floor":14,"key":"Frozen Egg 2"},{"floor":23,"key":"Tiny Chest"},{"floor":25,"key":"Ginger"},{"floor":26,"key":"Orichalcum"},{"floor":27,"key":"PreservedInsect"}],"event_choices":[{"event_name":"Shining Light","player_choice":"Entered Light","floor":2,"damage_taken":0},{"event_name":"Purifier","player_choice":"One Purge","floor":4,"damage_taken":0},{"event_name":"Mushrooms","player_choice":"Fought Mushrooms","floor":12,"damage_taken":0},{"event_name":"Match and Keep!","player_choice":"1 cards matched","floor":21,"damage_taken":0}],"is_beta":false,"boss_relics":[{"not_picked":["Coffee Dripper","Orrery"],"picked":"Sozu"},{"not_picked":["Astrolabe","Runic Dome"],"picked":"Velvet Choker"}],"items_purged_floors":[20],"is_endless":false,"potions_floor_spawned":[7,10,12,14,23,29,31,37],"killed_by":"3 Darklings","ascension_level":3}