{"gold_per_floor":[366,366,366,74,95,95,113,113,161,174,209,134,134,149,149,242,242,262,462,462,475,46,46,56,68,91,104,104,114,39,49,49,49],"floor_reached":33,"playtime":1929,"items_purged":["Strike_B"],"score":442,"play_id":"cdf01a4a-68c7-490a-b461-e510abfa1c95","local_time":"20180924140148","is_ascension_mode":true,"campfire_choices":[{"floor":6,"key":"REST"},{"data":"Zap","floor":8,"key":"SMITH"},{"floor":15,"key":"REST"},{"floor":23,"key":"REST"},{"data":"Defragment","floor":28,"key":"SMITH"},{"floor":32,"key":"REST"}],"neow_cost":"TEN_PERCENT_HP_LOSS","seed_source_timestamp":780893841306648,"circlet_count":0,"master_deck":["Strike_B","Defend_B","Defend_B","Defend_B","Defend_B","Zap+1","Dualcast","AscendersBane","White Noise","Cold Snap","Core Surge","Melter","BootSequence","Consume","Core Surge","Cold Snap","Conserve Battery","Static Discharge","Go for the Eyes","Compile Driver+1","Defragment+1","Loop","Redo+1"],"relics":["Cracked Core","Bloody Idol","Pear","Matryoshka","Ornamental Fan","Happy Flower","Strawberry","Sozu","Letter Opener","Potion Belt","Boot"],"potions_floor_usage":[11,16,18],"damage_taken":[{"damage":1,"enemies":"Cultist","floor":1,"turns":3},{"damage":4,"enemies":"Small Slimes","floor":5,"turns":3},{"damage":2,"enemies":"Jaw Worm","floor":7,"turns":4},{"damage":12,"enemies":"Blue Slaver","floor":10,"turns":3},{"damage":19,"enemies":"3 Sentries","floor":11,"turns":7},{"damage":6,"enemies":"2 Fungi Beasts","floor":14,"turns":3},{"damage":32,"enemies":"The Guardian","floor":16,"turns":14},{"damage":0,"enemies":"Spheric Guardian","floor":18,"turns":2},{"damage":15,"enemies":"Shell Parasite","floor":21,"turns":5},{"damage":13,"enemies":"Snecko","floor":24,"turns":6},{"damage":20,"enemies":"Sentry and Sphere","floor":25,"turns":4},{"damage":7,"enemies":"Centurion and Healer","floor":27,"turns":6},{"damage":31,"enemies":"Snake Plant","floor":29,"turns":4},{"damage":34,"enemies":"Shelled Parasite and Fungi","floor":31,"turns":4},{"damage":40,"enemies":"Champ","floor":33,"turns":12}],"seed_played":"1809519810793441461","potions_obtained":[{"floor":5,"key":"Ancient Potion"},{"floor":10,"key":"Regen Potion"},{"floor":11,"key":"SteroidPotion"}],"is_trial":false,"path_per_floor":["M","?","T","$","M","R","M","R","T","M","?","?","?","M","R","B",null,"M","?","?","M","$","R","M","M","T","M","R","M","?","M","R"],"character_chosen":"DEFECT","items_purchased":["Matryoshka","Letter Opener","Static Discharge"],"campfire_rested":4,"item_purchase_floors":[4,22,22],"current_hp_per_floor":[63,41,51,51,47,69,67,67,67,55,58,58,46,40,64,32,69,69,69,69,59,59,81,73,58,63,61,61,35,35,6,30,0],"gold":49,"neow_bonus":"TWO_FIFTY_GOLD","is_prod":false,"is_daily":false,"chose_seed":false,"campfire_upgraded":2,"win_rate":0,"timestamp":1537790508,"path_taken":["M","?","?","$","M","R","M","R","T","M","?","?","?","?","R","BOSS","M","?","?","M","?","R","M","M","T","?","R","?","?","M","R","BOSS"],"build_version":"2018-09-20","purchased_purges":1,"victory":false,"max_hp_per_floor":[64,64,74,74,74,74,74,74,74,74,81,81,81,81,81,81,81,81,81,81,81,81,81,81,81,81,81,81,81,81,81,81,81],"card_choices":[{"not_picked":["Redo","Steam"],"picked":"White Noise","floor":1},{"not_picked":["Streamline","Gash"],"picked":"Cold Snap","floor":5},{"not_picked":["Conserve Battery","Steam"],"picked":"Core Surge","floor":7},{"not_picked":["Heatsinks","Rebound"],"picked":"Melter","floor":10},{"not_picked":["Reprogram","Sweeping Beam"],"picked":"BootSequence","floor":11},{"not_picked":["Force Field","Beam Cell"],"picked":"Consume","floor":14},{"not_picked":["All For One","Creative AI"],"picked":"Core Surge","floor":16},{"not_picked":["Sweeping Beam","Gash"],"picked":"Cold Snap","floor":18},{"not_picked":["Recycle","Melter"],"picked":"Conserve Battery","floor":21},{"not_picked":["Compile Driver","Turbo"],"picked":"Go for the Eyes","floor":24},{"not_picked":["Cold Snap","Leap"],"picked":"Compile Driver+1","floor":25},{"not_picked":["Blizzard","Lockon"],"picked":"Defragment","floor":27},{"not_picked":["Steam","Hologram"],"picked":"Loop","floor":29},{"not_picked":["Turbo","Melter+1"],"picked":"Redo+1","floor":31}],"player_experience":617151,"relics_obtained":[{"floor":3,"key":"Pear"},{"floor":9,"key":"Ornamental Fan"},{"floor":9,"key":"Happy Flower"},{"floor":11,"key":"Strawberry"},{"floor":26,"key":"Potion Belt"},{"floor":26,"key":"Boot"}],"event_choices":[{"event_name":"Golden Idol","player_choice":"Take Damage","floor":2,"damage_taken":0},{"event_name":"Dead Adventurer","player_choice":"Searched \u00273\u0027 times","floor":11,"damage_taken":0},{"event_name":"The Cleric","player_choice":"Card Removal","floor":12,"damage_taken":0},{"event_name":"Wheel of Change","player_choice":"Damage","floor":13,"damage_taken":0},{"event_name":"Wheel of Change","player_choice":"Gold","floor":19,"damage_taken":0},{"event_name":"Forgotten Altar","player_choice":"Gave Idol","floor":20,"damage_taken":0},{"event_name":"Beggar","player_choice":"Gave Gold","floor":30,"damage_taken":0}],"is_beta":false,"boss_relics":[{"not_picked":["FrozenCore","Calling Bell"],"picked":"Sozu"}],"items_purged_floors":[22],"is_endless":false,"potions_floor_spawned":[5,10,11,18,21,25],"killed_by":"Champ","ascension_level":17}