{"gold_per_floor":[115,129,139,64,64,64,98,98,123,135,161,161,180,209,209,283,283,295,307,319,234,254,254,254],"floor_reached":24,"playtime":2627,"items_purged":["Strike_B"],"score":425,"play_id":"d8c640c5-4c35-430e-bed6-6819343eaa3f","local_time":"20181004174959","is_ascension_mode":true,"campfire_choices":[{"data":"Dualcast","floor":6,"key":"SMITH"},{"floor":8,"key":"REST"},{"floor":12,"key":"REST"},{"floor":15,"key":"REST"},{"floor":23,"key":"REST"}],"neow_cost":"NONE","seed_source_timestamp":576156831580220,"circlet_count":0,"master_deck":["Strike_B","Strike_B","Strike_B","Defend_B","Defend_B","Defend_B","Defend_B","Zap+1","Dualcast+1","AscendersBane","Sunder+1","Defragment","Consume","Undo","Electrodynamics","Hologram+1","Creative AI","Capacitor"],"relics":["Cracked Core","DataDisk","Art of War","Nunchaku","Turnip","Fusion Hammer","Molten Egg 2"],"potions_floor_usage":[11,13,16,18,22],"damage_taken":[{"damage":2,"enemies":"Cultist","floor":1,"turns":4},{"damage":9,"enemies":"Small Slimes","floor":2,"turns":3},{"damage":0,"enemies":"2 Louse","floor":3,"turns":3},{"damage":8,"enemies":"Gremlin Nob","floor":7,"turns":3},{"damage":12,"enemies":"Looter","floor":10,"turns":3},{"damage":20,"enemies":"3 Sentries","floor":11,"turns":5},{"damage":5,"enemies":"Gremlin Gang","floor":13,"turns":3},{"damage":30,"enemies":"Lagavulin","floor":14,"turns":5},{"damage":13,"enemies":"The Guardian","floor":16,"turns":9},{"damage":22,"enemies":"2 Thieves","floor":18,"turns":3},{"damage":0,"enemies":"Spheric Guardian","floor":19,"turns":3},{"damage":26,"enemies":"Shelled Parasite and Fungi","floor":20,"turns":5},{"damage":9,"enemies":"Centurion and Healer","floor":22,"turns":4},{"damage":24,"enemies":"Gremlin Leader","floor":24,"turns":4}],"seed_played":"-3356821451309969957","potions_obtained":[{"floor":7,"key":"LiquidBronze"},{"floor":10,"key":"Weak Potion"},{"floor":11,"key":"Explosive Potion"},{"floor":16,"key":"Block Potion"},{"floor":20,"key":"SteroidPotion"}],"is_trial":false,"path_per_floor":["M","M","M","$","?","R","E","R","T","M","E","R","M","E","R","B",null,"M","M","M","?","M","R"],"character_chosen":"DEFECT","items_purchased":[],"campfire_rested":4,"item_purchase_floors":[],"current_hp_per_floor":[62,53,53,53,53,53,45,66,66,54,34,55,50,20,41,28,60,38,38,12,12,3,24,0],"gold":254,"neow_bonus":"UPGRADE_CARD","is_prod":false,"is_daily":false,"chose_seed":false,"campfire_upgraded":1,"win_rate":0,"timestamp":1538668199,"path_taken":["M","?","M","$","?","R","E","R","T","?","E","R","M","E","R","BOSS","M","M","M","?","M","R","E"],"build_version":"2018-09-27","purchased_purges":1,"victory":false,"max_hp_per_floor":[71,71,71,71,71,71,71,71,71,71,71,71,71,71,71,71,71,71,71,71,71,71,71,71],"card_choices":[{"not_picked":["Go for the Eyes","Conserve Battery"],"picked":"Sunder","floor":1},{"not_picked":["Barrage","Go for the Eyes","Rebound"],"picked":"SKIP","floor":2},{"not_picked":["Redo","Gash","Sweeping Beam"],"picked":"SKIP","floor":3},{"not_picked":["Tempest","Sweeping Beam"],"picked":"Defragment","floor":7},{"not_picked":["Meteor Strike","Leap","Rebound"],"picked":"SKIP","floor":10},{"not_picked":["Gash","Go for the Eyes"],"picked":"Consume","floor":11},{"not_picked":["Rebound","Hologram","Sunder"],"picked":"SKIP","floor":13},{"not_picked":["Stack","Gash"],"picked":"Undo","floor":14},{"not_picked":["Echo Form","Multi-Cast"],"picked":"Electrodynamics","floor":16},{"not_picked":["Sweeping Beam","Reprogram+1"],"picked":"Hologram+1","floor":18},{"not_picked":["Streamline","FTL"],"picked":"Creative AI","floor":19},{"not_picked":["Coolheaded","Redo"],"picked":"Capacitor","floor":20},{"not_picked":["Stack","Redo","Sweeping Beam+1"],"picked":"SKIP","floor":22}],"player_experience":744154,"relics_obtained":[{"floor":7,"key":"DataDisk"},{"floor":9,"key":"Art of War"},{"floor":11,"key":"Nunchaku"},{"floor":14,"key":"Turnip"}],"event_choices":[{"event_name":"Accursed Blacksmith","player_choice":"Forge","floor":5,"damage_taken":0},{"event_name":"Addict","player_choice":"Obtained Relic","floor":21,"damage_taken":0}],"is_beta":false,"boss_relics":[{"not_picked":["Tiny House","Snecko Eye"],"picked":"Fusion Hammer"}],"items_purged_floors":[4],"is_endless":false,"potions_floor_spawned":[7,10,11,16,20],"killed_by":"Gremlin Leader","ascension_level":19}