{"gold_per_floor":[119,132,57,68,68,68,68,78,102,117,133,133,144,158,158,253,253,265,265,89,109,126,126,154,154,201,201,300,300,312,81,81,179,179,192,42,60,34,34,34,50,50,50,64,64,64,64,94,94,94],"floor_reached":51,"playtime":2730,"items_purged":["Strike_B","Strike_B","Strike_B","Strike_B"],"score":917,"play_id":"ab36243e-62db-4b8b-b6e4-83c86294e678","local_time":"20180917000350","is_ascension_mode":true,"campfire_choices":[{"data":"Defragment","floor":7,"key":"SMITH"},{"floor":12,"key":"REST"},{"data":"Storm","floor":15,"key":"SMITH"},{"floor":23,"key":"REST"},{"floor":25,"key":"REST"},{"floor":27,"key":"REST"},{"floor":29,"key":"REST"},{"data":"Creative AI","floor":32,"key":"SMITH"},{"floor":40,"key":"REST"},{"floor":42,"key":"REST"},{"floor":45,"key":"REST"},{"floor":47,"key":"REST"},{"floor":49,"key":"REST"}],"neow_cost":"NONE","seed_source_timestamp":124997557424638,"circlet_count":0,"master_deck":["Defend_B","Defend_B","Defend_B","Zap","Dualcast+1","Reboot","Undo","White Noise+1","Defragment+1","Storm+1","Creative AI+1","Undo","Core Surge","Redo+1","Static Discharge","White Noise+1","Conserve Battery","Steam+1","Hologram+1","Storm","Electrodynamics","Conserve Battery+1","Force Field+1","Steam","FTL+1","Writhe","Reinforced Body+1","Finesse","Echo Form"],"relics":["Cracked Core","Bronze Scales","Black Star","MutagenicStrength","Lantern","Boot","Centennial Puzzle","Cursed Key","Sundial","Strawberry","War Paint"],"potions_floor_usage":[10,21,22,24,33,33,33,37,41,50,50],"damage_taken":[{"damage":1,"enemies":"Cultist","floor":1,"turns":3},{"damage":0,"enemies":"Small Slimes","floor":2,"turns":3},{"damage":0,"enemies":"Jaw Worm","floor":4,"turns":4},{"damage":11,"enemies":"Looter","floor":8,"turns":2},{"damage":1,"enemies":"Exordium Wildlife","floor":10,"turns":3},{"damage":1,"enemies":"2 Fungi Beasts","floor":11,"turns":2},{"damage":3,"enemies":"Blue Slaver","floor":13,"turns":3},{"damage":6,"enemies":"Looter","floor":14,"turns":2},{"damage":38,"enemies":"Slime Boss","floor":16,"turns":6},{"damage":14,"enemies":"Chosen","floor":18,"turns":4},{"damage":9,"enemies":"2 Thieves","floor":21,"turns":3},{"damage":14,"enemies":"Snake Plant","floor":22,"turns":3},{"damage":40,"enemies":"Slavers","floor":24,"turns":3},{"damage":6,"enemies":"Shelled Parasite and Fungi","floor":30,"turns":5},{"damage":66,"enemies":"Collector","floor":33,"turns":7},{"damage":29,"enemies":"3 Shapes","floor":35,"turns":4},{"damage":18,"enemies":"3 Darklings","floor":37,"turns":2},{"damage":1,"enemies":"4 Shapes","floor":41,"turns":3},{"damage":27,"enemies":"Reptomancer","floor":44,"turns":6},{"damage":31,"enemies":"2 Orb Walkers","floor":48,"turns":4},{"damage":17,"enemies":"Awakened One","floor":50,"turns":9}],"seed_played":"7462751691557416668","potions_obtained":[{"floor":1,"key":"Strength Potion"},{"floor":2,"key":"Poison Potion"},{"floor":8,"key":"SteroidPotion"},{"floor":13,"key":"SkillPotion"},{"floor":21,"key":"GamblersBrew"},{"floor":22,"key":"FocusPotion"},{"floor":33,"key":"SkillPotion"},{"floor":35,"key":"FearPotion"},{"floor":37,"key":"AttackPotion"},{"floor":44,"key":"Dexterity Potion"}],"is_trial":false,"path_per_floor":["M","M","$","M","?","?","R","M","T","M","M","R","M","M","R","B",null,"M","?","$","M","M","R","E","R","T","R","?","R","M","$","R","B",null,"M","$","M","$","?","R","M","R","T","M","R","?","R","E","R","B"],"character_chosen":"DEFECT","items_purchased":["Static Discharge","Storm","Regen Potion","Steam"],"campfire_rested":10,"item_purchase_floors":[20,31,31,38],"current_hp_per_floor":[67,67,67,67,67,67,67,56,56,55,54,75,72,66,66,28,63,49,49,49,40,26,48,8,30,30,52,52,74,75,75,75,21,62,33,33,15,15,15,37,36,58,58,31,53,53,75,51,75,58],"gold":94,"neow_bonus":"ONE_RANDOM_RARE_CARD","is_prod":false,"is_daily":false,"chose_seed":false,"campfire_upgraded":3,"win_rate":0,"timestamp":1537135430,"path_taken":["M","M","$","M","?","?","R","M","T","?","M","R","M","M","R","BOSS","M","?","$","M","M","R","E","R","T","R","?","R","M","$","R","BOSS","M","$","M","$","?","R","M","R","T","M","R","?","R","E","R","BOSS"],"build_version":"2018-09-06","purchased_purges":4,"victory":true,"max_hp_per_floor":[75,75,75,75,75,75,75,75,75,75,75,75,75,75,75,75,75,75,75,75,75,75,75,75,75,75,75,75,75,75,75,75,75,75,75,75,75,75,75,75,75,75,75,75,75,75,75,82,82,82],"card_choices":[{"not_picked":["Compile Driver","Capacitor"],"picked":"Undo","floor":1},{"not_picked":["Rebound","Ball Lightning"],"picked":"White Noise","floor":2},{"not_picked":["Cold Snap","Streamline"],"picked":"Defragment","floor":4},{"not_picked":["Skim","Steam Power","Leap"],"picked":"SKIP","floor":8},{"not_picked":["Cold Snap","Go for the Eyes","Beam Cell"],"picked":"SKIP","floor":10},{"not_picked":["White Noise","Capacitor"],"picked":"Storm","floor":11},{"not_picked":["Rip and Tear","Storm"],"picked":"Creative AI","floor":13},{"not_picked":["Sweeping Beam","Go for the Eyes"],"picked":"Undo","floor":14},{"not_picked":["Multi-Cast","Meteor Strike"],"picked":"Core Surge","floor":16},{"not_picked":["Rebound","Gash"],"picked":"Redo+1","floor":18},{"not_picked":["Go for the Eyes","BootSequence"],"picked":"White Noise+1","floor":21},{"not_picked":["Streamline","Ball Lightning"],"picked":"Conserve Battery","floor":22},{"not_picked":["Reprogram+1","Sunder"],"picked":"Steam+1","floor":24},{"not_picked":["Rebound+1","Redo"],"picked":"Hologram","floor":30},{"not_picked":["Multi-Cast","Rainbow"],"picked":"Electrodynamics","floor":33},{"not_picked":["Turbo","Rebound"],"picked":"Conserve Battery+1","floor":35},{"not_picked":["Go for the Eyes","Chill"],"picked":"Force Field+1","floor":37},{"not_picked":["Genetic Algorithm","Beam Cell"],"picked":"FTL+1","floor":41},{"not_picked":["Darkness+1","Go for the Eyes"],"picked":"Reinforced Body+1","floor":44},{"not_picked":["Madness","Good Instincts"],"picked":"Finesse","floor":46},{"not_picked":["Hyperbeam","Fusion"],"picked":"Echo Form","floor":48}],"player_experience":259088,"relics_obtained":[{"floor":9,"key":"Bronze Scales"},{"floor":24,"key":"Lantern"},{"floor":24,"key":"Boot"},{"floor":26,"key":"Centennial Puzzle"},{"floor":43,"key":"Sundial"},{"floor":48,"key":"Strawberry"},{"floor":48,"key":"War Paint"}],"event_choices":[{"event_name":"Transmorgrifier","player_choice":"Transform","floor":5,"damage_taken":0},{"event_name":"Living Wall","player_choice":"Grow","floor":6,"damage_taken":0},{"event_name":"Drug Dealer","player_choice":"Inject Mutagens","floor":19,"damage_taken":0},{"event_name":"Nest","player_choice":"Stole From Cult","floor":28,"damage_taken":0},{"event_name":"Falling","player_choice":"Removed Attack","floor":39,"damage_taken":0},{"event_name":"SensoryStone","player_choice":"Memory 1","floor":46,"damage_taken":0}],"is_beta":false,"boss_relics":[{"not_picked":["Orrery","Calling Bell"],"picked":"Black Star"},{"not_picked":["Philosopher\u0027s Stone","Busted Crown"],"picked":"Cursed Key"}],"items_purged_floors":[3,20,31,36],"is_endless":false,"potions_floor_spawned":[1,2,8,13,21,22,33,35,37,44],"ascension_level":8}