{"gold_per_floor":[217,65,79,91,41,41,76,76,76,138,138,164,7,25,25,122,122,89,106,106,206,223,223,223,223,223,239,256,256,291,308,308,408,408,423,438,538,131,131,131,131,145,145,145,155,155,155,155,155,155],"floor_reached":51,"playtime":2554,"items_purged":["Strike_R","Iron Wave"],"score":954,"play_id":"5b4eab68-6072-4047-8bff-812f359aac06","local_time":"20181011111108","is_ascension_mode":true,"campfire_choices":[{"data":"Uppercut","floor":6,"key":"SMITH"},{"data":"Searing Blow","floor":8,"key":"SMITH"},{"floor":11,"key":"REST"},{"data":"Searing Blow+1","floor":15,"key":"SMITH"},{"data":"Searing Blow+2","floor":23,"key":"SMITH"},{"data":"Searing Blow+3","floor":24,"key":"SMITH"},{"data":"Decay","floor":29,"key":"PURGE"},{"data":"Decay","floor":32,"key":"PURGE"},{"data":"Searing Blow+4","floor":40,"key":"SMITH"},{"data":"Searing Blow+5","floor":41,"key":"SMITH"},{"data":"Searing Blow+6","floor":44,"key":"SMITH"},{"data":"Searing Blow+7","floor":46,"key":"SMITH"},{"data":"Searing Blow+8","floor":49,"key":"SMITH"}],"neow_cost":"NONE","seed_source_timestamp":42248763589153,"circlet_count":0,"master_deck":["Strike_R+1","Strike_R+1","Strike_R+1","Defend_R+1","Defend_R+1","Defend_R+1","Defend_R+1","Bash","Searing Blow+9","Uppercut+1","Pommel Strike","True Grit","Feed","Flame Barrier+1","Inflame+1","Feel No Pain+1","Reckless Charge+1","Exhume","Corruption","Reaper+1","Headbutt+1","Armaments+1","Master of Strategy","Dramatic Entrance+1","Feel No Pain+1","Clumsy","Doubt"],"relics":["Black Blood","Pantograph","Bottled Lightning","Oddly Smooth Stone","Ginger","Bag of Preparation","Cursed Key","WingedGreaves","Molten Egg 2","Peace Pipe","Red Mask","FossilizedHelix","Shuriken"],"potions_floor_usage":[10,16,21,30,33,33,45,50,50],"damage_taken":[{"damage":8,"enemies":"2 Louse","floor":1,"turns":4},{"damage":9,"enemies":"Jaw Worm","floor":3,"turns":5},{"damage":1,"enemies":"Small Slimes","floor":4,"turns":4},{"damage":40,"enemies":"3 Sentries","floor":7,"turns":10},{"damage":26,"enemies":"Lagavulin Event","floor":10,"turns":6},{"damage":18,"enemies":"Gremlin Nob","floor":12,"turns":4},{"damage":2,"enemies":"3 Louse","floor":14,"turns":3},{"damage":26,"enemies":"Slime Boss","floor":16,"turns":9},{"damage":11,"enemies":"2 Thieves","floor":18,"turns":5},{"damage":10,"enemies":"Spheric Guardian","floor":19,"turns":4},{"damage":8,"enemies":"Colosseum Slavers","floor":21,"turns":6},{"damage":26,"enemies":"Colosseum Nobs","floor":21,"turns":6},{"damage":21,"enemies":"3 Cultists","floor":22,"turns":5},{"damage":2,"enemies":"Snake Plant","floor":27,"turns":3},{"damage":22,"enemies":"Snecko","floor":28,"turns":5},{"damage":0,"enemies":"Masked Bandits","floor":30,"turns":3},{"damage":14,"enemies":"3 Cultists","floor":31,"turns":5},{"damage":20,"enemies":"Champ","floor":33,"turns":11},{"damage":25,"enemies":"3 Darklings","floor":35,"turns":6},{"damage":6,"enemies":"3 Shapes","floor":36,"turns":5},{"damage":74,"enemies":"Transient","floor":42,"turns":5},{"damage":0,"enemies":"Jaw Worm Horde","floor":45,"turns":4},{"damage":48,"enemies":"Donu and Deca","floor":50,"turns":11}],"seed_played":"3670902961862716698","potions_obtained":[{"floor":7,"key":"Weak Potion"},{"floor":10,"key":"SpeedPotion"},{"floor":12,"key":"Strength Potion"},{"floor":16,"key":"Strength Potion"},{"floor":27,"key":"Explosive Potion"},{"floor":28,"key":"EssenceOfSteel"},{"floor":31,"key":"Weak Potion"},{"floor":33,"key":"Poison Potion"},{"floor":35,"key":"GamblersBrew"},{"floor":45,"key":"Fire Potion"}],"is_trial":false,"path_per_floor":["M","$","M","M","?","R","E","R","T","?","R","E","$","M","R","B",null,"M","M","?","?","M","R","R","?","T","M","M","R","?","M","R","B",null,"M","M","?","$","?","R","R","M","T","R","M","R","?","?","R","B"],"character_chosen":"IRONCLAD","items_purchased":["Searing Blow","Bag of Preparation","FossilizedHelix"],"campfire_rested":1,"item_purchase_floors":[2,13,38],"current_hp_per_floor":[70,70,67,72,72,72,38,38,38,18,42,30,30,34,34,39,70,68,64,64,48,36,36,36,36,36,40,27,27,33,28,28,39,83,80,100,100,100,90,90,90,26,26,26,42,42,104,104,104,66],"gold":155,"neow_bonus":"HUNDRED_GOLD","is_prod":false,"is_daily":false,"chose_seed":false,"campfire_upgraded":10,"win_rate":0,"timestamp":1539249068,"path_taken":["M","$","M","M","?","R","E","R","T","?","R","E","$","M","R","BOSS","M","M","?","?","M","R","R","?","T","?","M","R","?","M","R","BOSS","M","?","?","$","?","R","R","?","T","R","M","R","?","?","R","BOSS"],"build_version":"2018-10-10","purchased_purges":2,"victory":true,"max_hp_per_floor":[80,80,80,80,80,80,80,80,80,80,80,80,80,80,80,80,80,83,83,83,89,92,92,92,92,92,92,95,95,95,98,98,98,98,98,104,104,104,104,104,104,104,104,104,104,104,104,104,104,104],"card_choices":[{"not_picked":["Sword Boomerang","Warcry"],"picked":"Iron Wave","floor":1},{"not_picked":["Rupture","Clothesline"],"picked":"Uppercut","floor":3},{"not_picked":["Sword Boomerang","Flex"],"picked":"Pommel Strike","floor":4},{"not_picked":["Havoc","Rage","Heavy Blade"],"picked":"SKIP","floor":7},{"not_picked":["Sever Soul","Pommel Strike"],"picked":"True Grit","floor":12},{"not_picked":["Flex","Cleave","Entrench"],"picked":"SKIP","floor":14},{"not_picked":["Bludgeon","Offering"],"picked":"Feed","floor":16},{"not_picked":["Clash+1","Feel No Pain+1"],"picked":"Flame Barrier+1","floor":18},{"not_picked":["Anger","Wild Strike"],"picked":"Inflame+1","floor":19},{"not_picked":["Wild Strike+1","Burning Pact"],"picked":"Feel No Pain+1","floor":22},{"not_picked":["Sword Boomerang+1","Headbutt+1"],"picked":"Reckless Charge+1","floor":27},{"not_picked":["Searing Blow+1","Warcry","Exhume"],"picked":"SKIP","floor":28},{"not_picked":["Searing Blow+1","Warcry"],"picked":"Exhume","floor":28},{"not_picked":["Clash+1","Twin Strike+1"],"picked":"Corruption","floor":31},{"not_picked":["Offering","Brutality"],"picked":"Reaper+1","floor":33},{"not_picked":["Body Slam+1","Heavy Blade+1"],"picked":"Headbutt+1","floor":35},{"not_picked":["Iron Wave+1","True Grit+1"],"picked":"Armaments+1","floor":36},{"not_picked":["Trip","The Bomb"],"picked":"Master of Strategy","floor":39},{"not_picked":["Deep Breath","Panacea"],"picked":"Dramatic Entrance+1","floor":39},{"not_picked":["Havoc","Battle Trance"],"picked":"Feel No Pain+1","floor":42},{"not_picked":["Feel No Pain","Sword Boomerang+1","Body Slam+1"],"picked":"SKIP","floor":45}],"player_experience":215109,"relics_obtained":[{"floor":7,"key":"Pantograph"},{"floor":9,"key":"Bottled Lightning"},{"floor":12,"key":"Ginger"},{"floor":21,"key":"WingedGreaves"},{"floor":21,"key":"Molten Egg 2"},{"floor":26,"key":"Peace Pipe"},{"floor":30,"key":"Red Mask"},{"floor":43,"key":"Shuriken"}],"event_choices":[{"event_name":"The Cleric","player_choice":"Card Removal","floor":5,"damage_taken":0},{"event_name":"Dead Adventurer","player_choice":"Searched \u00272\u0027 times","floor":10,"damage_taken":0},{"event_name":"Back to Basics","player_choice":"Simplicity","floor":20,"damage_taken":0},{"event_name":"Colosseum","player_choice":"Fight","floor":21,"damage_taken":0},{"event_name":"Colosseum","player_choice":"Fought Nobs","floor":21,"damage_taken":0},{"event_name":"Forgotten Altar","player_choice":"Smashed Altar","floor":25,"damage_taken":0},{"event_name":"Masked Bandits","player_choice":"Fought Bandits","floor":30,"damage_taken":0},{"event_name":"Golden Shrine","player_choice":"Pray","floor":37,"damage_taken":0},{"event_name":"SensoryStone","player_choice":"Memory 3","floor":39,"damage_taken":0},{"event_name":"MindBloom","player_choice":"Heal","floor":47,"damage_taken":0},{"event_name":"Mysterious Sphere","player_choice":"Ignore","floor":48,"damage_taken":0}],"is_beta":true,"boss_relics":[{"not_picked":["Black Star","Runic Pyramid"],"picked":"Cursed Key"},{"not_picked":["Runic Dome","Lizard Tail"],"picked":"Black Blood"}],"items_purged_floors":[2,38],"is_endless":false,"potions_floor_spawned":[7,10,12,16,21,27,28,31,33,35,42,45],"ascension_level":8}