{"path_per_floor":["M","M","?","$","M","E","M","?","T","M","M","R","M","M","R","B",null,"M","$","?","?","M","M","?","T","T","?","?","E","$","M","R"],"character_chosen":"DEFECT","items_purchased":["Scrape","Go for the Eyes","Reprogram","Whetstone","Streamline"],"gold_per_floor":[112,127,127,48,59,91,107,137,162,181,199,199,210,223,223,326,326,336,18,18,18,35,46,46,46,69,69,69,94,43,53,53,53],"floor_reached":33,"campfire_rested":1,"playtime":1470,"current_hp_per_floor":[68,68,68,68,68,49,46,46,46,43,36,36,36,22,42,7,68,68,68,68,34,34,33,33,33,33,33,33,33,33,32,32,0],"items_purged":["Strike_B"],"gold":53,"score":319,"play_id":"2bf988e6-1224-4b98-a3ed-4ed7e63d3901","local_time":"20180430171057","is_prod":false,"is_daily":false,"chose_seed":false,"is_ascension_mode":false,"campfire_upgraded":2,"timestamp":1525101057,"path_taken":["M","M","?","$","M","E","M","?","T","M","M","R","M","M","R","BOSS","M","$","?","?","M","M","?","?","T","?","?","E","?","M","R","BOSS"],"build_version":"2018-04-27v3","seed_source_timestamp":21040595981455,"purchased_purges":1,"victory":false,"master_deck":["Defend_B+1","Defend_B+1","Defend_B+1","Defend_B+1","Zap+1","Dualcast","Axe Kick+1","Chill","Scrape+1","Skim","Gash","Scrape+1","Rebound","Rebound","Undo","Seek","Steam Power","Go for the Eyes","Reprogram","Ghostly","Ghostly","Ghostly","Ghostly","Ghostly","Go for the Eyes","Scrape","Hologram+1","Streamline+1"],"max_hp_per_floor":[68,68,68,68,68,68,68,68,68,68,68,68,68,68,68,68,68,68,68,68,34,34,34,34,34,34,34,34,34,34,34,34,34],"relics":["Cracked Core","Ancient Tea Set","Vajra","Nuclear Battery","Whetstone","Matryoshka","Meat on the Bone","Juzu Bracelet","Torii"],"card_choices":[{"not_picked":["Blaster","Ball Lightning"],"picked":"Axe Kick","floor":1},{"not_picked":["Genetic Algorithm","Go for the Eyes"],"picked":"Chill","floor":2},{"not_picked":["Ball Lightning","Thunder Strike"],"picked":"Skim","floor":5},{"not_picked":["Flux Capacitor","Hello World"],"picked":"Gash","floor":6},{"not_picked":["Blizzard","Capacitor"],"picked":"Scrape","floor":10},{"not_picked":["Stack","Multi-Cast"],"picked":"Rebound","floor":11},{"not_picked":["Cold Snap","Genetic Algorithm"],"picked":"Rebound","floor":13},{"not_picked":["Capacitor","Streamline"],"picked":"Undo","floor":14},{"not_picked":["Reboot","Amplify"],"picked":"Seek","floor":16},{"not_picked":["Blaster","Capacitor"],"picked":"Steam Power","floor":18},{"not_picked":["Capacitor","Impulse"],"picked":"Go for the Eyes","floor":22},{"not_picked":["Leap","Tempest"],"picked":"Hologram","floor":29}],"player_experience":10114,"potions_floor_usage":[16,16,23,33,33],"damage_taken":[{"damage":0,"enemies":"Small Slimes","floor":1,"turns":3},{"damage":0,"enemies":"2 Louse","floor":2,"turns":2},{"damage":0,"enemies":"Cultist","floor":5,"turns":3},{"damage":19,"enemies":"Gremlin Nob","floor":6,"turns":4},{"damage":3,"enemies":"Looter","floor":7,"turns":2},{"damage":3,"enemies":"2 Fungi Beasts","floor":10,"turns":3},{"damage":7,"enemies":"Blue Slaver","floor":11,"turns":2},{"damage":0,"enemies":"Looter","floor":13,"turns":2},{"damage":14,"enemies":"2 Fungi Beasts","floor":14,"turns":3},{"damage":50,"enemies":"The Guardian","floor":16,"turns":11},{"damage":0,"enemies":"Chosen","floor":18,"turns":4},{"damage":0,"enemies":"3 Byrds","floor":22,"turns":4},{"damage":1,"enemies":"Cultist and Chosen","floor":23,"turns":5},{"damage":0,"enemies":"Slavers","floor":29,"turns":6},{"damage":1,"enemies":"3 Cultists","floor":31,"turns":5},{"damage":48,"enemies":"Collector","floor":33,"turns":10}],"event_choices":[{"event_name":"Living Wall","player_choice":"Grow","floor":3,"damage_taken":0},{"event_name":"Dead Adventurer","player_choice":"Searched \u00271\u0027 times","floor":8,"damage_taken":0},{"event_name":"Back to Basics","player_choice":"Simplicity","floor":20,"damage_taken":0},{"event_name":"Ghosts","player_choice":"Became a Ghost","floor":21,"damage_taken":0},{"event_name":"The Library","player_choice":"Read","floor":24,"damage_taken":0},{"event_name":"Purifier","player_choice":"One Purge","floor":27,"damage_taken":0},{"event_name":"Beggar","player_choice":"Ignored","floor":28,"damage_taken":0}],"boss_relics":[{"not_picked":["Tiny House","Eternal Feather"],"picked":"Nuclear Battery"}],"potions_floor_spawned":[2,5,6,13,18,23],"seed_played":"-5570639400709629302","killed_by":"Collector","ascension_level":0,"is_trial":false}