{"gold_per_floor":[117,117,117,134,145,145,174,28,55,66,66,66,66,66,66,163,163,180,206,161],"floor_reached":20,"playtime":522,"items_purged":[],"score":238,"play_id":"6df3e643-8935-458c-af49-070c3d7f882f","local_time":"20181229193602","is_ascension_mode":true,"campfire_choices":[{"data":"Defragment","floor":6,"key":"SMITH"},{"floor":11,"key":"REST"},{"data":"Loop","floor":13,"key":"SMITH"},{"floor":15,"key":"REST"}],"neow_cost":"NONE","seed_source_timestamp":707713887365301,"circlet_count":0,"master_deck":["Strike_B","Strike_B","Strike_B","Strike_B","Defend_B","Defend_B","Defend_B","Defend_B","Zap+1","Dualcast+1","Conserve Battery","Loop+1","Defragment+1","Thunder Strike+1","BootSequence","Electrodynamics","Redo","Static Discharge"],"relics":["Cracked Core","Ancient Tea Set","Vajra","Juzu Bracelet","DataDisk","Inserter","Red Mask"],"potions_floor_usage":[19,19],"damage_taken":[{"damage":1,"enemies":"Cultist","floor":1,"turns":3},{"damage":0,"enemies":"2 Louse","floor":4,"turns":2},{"damage":5,"enemies":"Small Slimes","floor":5,"turns":2},{"damage":15,"enemies":"3 Sentries","floor":7,"turns":6},{"damage":0,"enemies":"Blue Slaver","floor":10,"turns":3},{"damage":12,"enemies":"The Guardian","floor":16,"turns":10},{"damage":35,"enemies":"Shell Parasite","floor":18,"turns":5},{"damage":52,"enemies":"Masked Bandits","floor":19,"turns":5},{"damage":6,"enemies":"2 Thieves","floor":20,"turns":2}],"seed_played":"376445347604146152","potions_obtained":[{"floor":1,"key":"FairyPotion"},{"floor":4,"key":"Dexterity Potion"},{"floor":10,"key":"SpeedPotion"},{"floor":19,"key":"LiquidBronze"}],"is_trial":false,"path_per_floor":["M","?","?","M","M","R","E","$","T","M","R","?","R","$","R","B",null,"M","?","M"],"character_chosen":"DEFECT","items_purchased":["Juzu Bracelet"],"campfire_rested":2,"item_purchase_floors":[8],"current_hp_per_floor":[67,64,64,64,59,59,44,44,44,44,66,66,66,66,75,63,72,37,4,0],"gold":161,"neow_bonus":"UPGRADE_CARD","is_prod":false,"is_daily":false,"chose_seed":false,"campfire_upgraded":2,"win_rate":0,"timestamp":1546108562,"path_taken":["M","?","?","?","?","R","E","$","T","M","R","?","R","?","R","BOSS","M","?","M"],"build_version":"2018-12-20","purchased_purges":0,"victory":false,"max_hp_per_floor":[75,75,75,75,75,75,75,75,75,75,75,75,75,75,75,75,75,75,75,75],"card_choices":[{"not_picked":["Skim","Fusion"],"picked":"Conserve Battery","floor":1},{"not_picked":["Sweeping Beam","Gash"],"picked":"Loop","floor":4},{"not_picked":["Go for the Eyes","Darkness"],"picked":"Defragment","floor":5},{"not_picked":["Go for the Eyes","Stack"],"picked":"Thunder Strike","floor":7},{"not_picked":["Aggregate","Gash"],"picked":"BootSequence","floor":10},{"not_picked":["Hyperbeam","Thunder Strike"],"picked":"Electrodynamics","floor":16},{"not_picked":["Aggregate","Barrage"],"picked":"Redo","floor":18},{"not_picked":["Lockon","Streamline"],"picked":"Static Discharge","floor":19}],"player_experience":481226,"relics_obtained":[{"floor":7,"key":"Vajra"},{"floor":9,"key":"DataDisk"},{"floor":19,"key":"Red Mask"}],"event_choices":[{"damage_healed":0,"gold_gain":0,"player_choice":"Success","damage_taken":3,"relics_obtained":["Ancient Tea Set"],"max_hp_gain":0,"max_hp_loss":0,"event_name":"Scrap Ooze","floor":2,"gold_loss":0},{"damage_healed":0,"gold_gain":0,"player_choice":"Forge","damage_taken":0,"max_hp_gain":0,"max_hp_loss":0,"event_name":"Accursed Blacksmith","floor":3,"gold_loss":0,"cards_upgraded":["Dualcast"]},{"damage_healed":0,"gold_gain":0,"player_choice":"Upgraded","damage_taken":0,"max_hp_gain":0,"max_hp_loss":0,"event_name":"Upgrade Shrine","floor":12,"gold_loss":0,"cards_upgraded":["Thunder Strike"]},{"damage_healed":0,"gold_gain":0,"player_choice":"Fought Bandits","damage_taken":0,"max_hp_gain":0,"max_hp_loss":0,"event_name":"Masked Bandits","floor":19,"gold_loss":0}],"is_beta":false,"boss_relics":[{"not_picked":["Fusion Hammer","Philosopher\u0027s Stone"],"picked":"Inserter"}],"items_purged_floors":[],"is_endless":false,"potions_floor_spawned":[1,4,10,19],"killed_by":"2 Thieves","ascension_level":8}