{"gold_per_floor":[113,123,141,141,316,316,343,7,34,34,34,52,52,68,68,170,170,181,191,191],"floor_reached":20,"playtime":543,"items_purged":["Doubt"],"score":174,"play_id":"86160ae6-ab0e-42b5-ac64-bbd660bb5b0e","local_time":"20190213214113","is_ascension_mode":false,"campfire_choices":[{"data":"Defragment","floor":6,"key":"SMITH"},{"data":"Gash","floor":10,"key":"SMITH"},{"data":"Panacea","floor":13,"key":"SMITH"},{"data":"Zap","floor":15,"key":"SMITH"}],"neow_cost":"NONE","seed_source_timestamp":4045648506863,"circlet_count":0,"master_deck":["Strike_B","Strike_B","Strike_B","Defend_B","Defend_B","Defend_B","Defend_B","Zap+1","Dualcast","Defragment+1","Gash+1","Streamline","Panacea+1","Biased Cognition","All For One"],"relics":["Cracked Core","NeowsBlessing","Lantern","Lee\u0027s Waffle","Inserter"],"potions_floor_usage":[7,14,20],"damage_taken":[{"damage":0,"enemies":"Cultist","floor":1,"turns":1},{"damage":0,"enemies":"Small Slimes","floor":2,"turns":1},{"damage":0,"enemies":"2 Louse","floor":3,"turns":1},{"damage":37,"enemies":"3 Sentries","floor":7,"turns":7},{"damage":10,"enemies":"Large Slime","floor":12,"turns":5},{"damage":33,"enemies":"Gremlin Gang","floor":14,"turns":5},{"damage":38,"enemies":"The Guardian","floor":16,"turns":9},{"damage":40,"enemies":"3 Byrds","floor":18,"turns":5},{"damage":25,"enemies":"Spheric Guardian","floor":19,"turns":4},{"damage":32,"enemies":"Snake Plant","floor":20,"turns":2}],"seed_played":"3539552390992737677","potions_obtained":[{"floor":3,"key":"GamblersBrew"},{"floor":7,"key":"SneckoOil"},{"floor":16,"key":"FairyPotion"},{"floor":19,"key":"Swift Potion"}],"is_trial":false,"path_per_floor":["M","M","M","?","?","R","E","$","T","R","?","M","R","M","R","B",null,"M","M","M"],"character_chosen":"DEFECT","items_purchased":["Lee\u0027s Waffle","Streamline"],"campfire_rested":0,"item_purchase_floors":[8,8],"current_hp_per_floor":[75,75,75,68,68,68,31,82,82,82,82,72,72,39,39,1,82,42,17,0],"gold":191,"neow_bonus":"THREE_ENEMY_KILL","is_prod":false,"is_daily":false,"chose_seed":false,"campfire_upgraded":4,"win_rate":0,"timestamp":1550112073,"path_taken":["M","?","M","?","?","R","E","$","T","R","?","M","R","M","R","BOSS","M","M","?"],"build_version":"2019-01-23","purchased_purges":1,"victory":false,"max_hp_per_floor":[75,75,75,75,75,75,75,82,82,82,82,82,82,82,82,82,82,82,82,82],"card_choices":[{"not_picked":["Cold Snap","FTL","Self Repair"],"picked":"SKIP","floor":1},{"not_picked":["Beam Cell","Barrage"],"picked":"Defragment","floor":2},{"not_picked":["Hologram","Cold Snap"],"picked":"Gash","floor":3},{"not_picked":["Ball Lightning","Tempest","Rebound"],"picked":"SKIP","floor":7},{"not_picked":["Steam","Tempest","Beam Cell"],"picked":"SKIP","floor":12},{"not_picked":["Redo","Tempest","Rainbow"],"picked":"SKIP","floor":14},{"not_picked":["Buffer","Amplify"],"picked":"All For One","floor":16},{"not_picked":["Coolheaded","Darkness+1","Ball Lightning"],"picked":"SKIP","floor":18},{"not_picked":["Redo","Reprogram","Cold Snap"],"picked":"SKIP","floor":19}],"player_experience":681025,"relics_obtained":[{"floor":7,"key":"Lantern"}],"event_choices":[{"cards_removed":["Strike_B"],"damage_healed":0,"gold_gain":0,"player_choice":"Card Removal","damage_taken":7,"max_hp_gain":0,"max_hp_loss":0,"event_name":"Golden Wing","floor":4,"gold_loss":0},{"damage_healed":0,"gold_gain":175,"player_choice":"AGREE","damage_taken":0,"max_hp_gain":0,"max_hp_loss":0,"event_name":"Liars Game","floor":5,"gold_loss":0,"cards_obtained":["Doubt"]},{"damage_healed":0,"gold_gain":0,"player_choice":"2 cards matched","damage_taken":0,"max_hp_gain":0,"max_hp_loss":0,"event_name":"Match and Keep!","floor":11,"gold_loss":0,"cards_obtained":["Panacea","Biased Cognition"]}],"is_beta":false,"boss_relics":[{"not_picked":["Orrery","Snecko Eye"],"picked":"Inserter"}],"items_purged_floors":[8],"is_endless":false,"potions_floor_spawned":[3,7,16,19],"killed_by":"Snake Plant","ascension_level":0}