{"gold_per_floor":[109,109,109,128,39,39,68,81,81,112,62,62,74,93,93,192,192,210,210,230,230,230],"floor_reached":22,"playtime":886,"items_purged":[],"score":230,"play_id":"73810ffd-cd97-4691-817f-90d2b1ed6b6b","local_time":"20181129213909","is_ascension_mode":true,"campfire_choices":[{"data":"Flash of Steel","floor":6,"key":"SMITH"},{"floor":15,"key":"REST"}],"neow_cost":"NONE","seed_source_timestamp":181707499252853,"circlet_count":0,"master_deck":["Strike_B","Strike_B","Strike_B","Defend_B","Defend_B","Defend_B","Defend_B","Zap+1","Dualcast","Auto Shields","Flash of Steel+1","Streamline","Conserve Battery","Go for the Eyes","Hologram","All For One","Scrape+1","Scrape"],"relics":["Cracked Core","NeowsBlessing","Singing Bowl","Mummified Hand","Peace Pipe","Black Star","GremlinMask"],"potions_floor_usage":[16,16,20,21],"damage_taken":[{"damage":0,"enemies":"Small Slimes","floor":1,"turns":1},{"damage":0,"enemies":"2 Louse","floor":4,"turns":1},{"damage":0,"enemies":"Gremlin Nob","floor":7,"turns":1},{"damage":0,"enemies":"Cultist","floor":8,"turns":2},{"damage":22,"enemies":"Lagavulin","floor":10,"turns":7},{"damage":6,"enemies":"Red Slaver","floor":13,"turns":4},{"damage":0,"enemies":"Exordium Wildlife","floor":14,"turns":3},{"damage":13,"enemies":"Slime Boss","floor":16,"turns":9},{"damage":12,"enemies":"2 Thieves","floor":18,"turns":4},{"damage":20,"enemies":"3 Byrds","floor":20,"turns":3},{"damage":17,"enemies":"Colosseum Slavers","floor":21,"turns":4},{"damage":33,"enemies":"Centurion and Healer","floor":22,"turns":6}],"seed_played":"4186465779764244600","potions_obtained":[{"floor":10,"key":"LiquidBronze"},{"floor":13,"key":"Swift Potion"},{"floor":14,"key":"Swift Potion"},{"floor":20,"key":"Energy Potion"}],"is_trial":false,"path_per_floor":["M","?","$","M","$","R","E","M","T","E","?","?","M","M","R","B",null,"M","?","M","?","M"],"character_chosen":"DEFECT","items_purchased":["Flash of Steel"],"campfire_rested":1,"item_purchase_floors":[5],"current_hp_per_floor":[75,75,75,75,75,75,75,75,75,53,53,46,42,42,65,52,77,65,65,45,28,0],"gold":230,"neow_bonus":"THREE_ENEMY_KILL","is_prod":false,"is_daily":false,"chose_seed":false,"campfire_upgraded":1,"win_rate":0,"timestamp":1543556349,"path_taken":["M","?","$","M","$","R","E","M","T","E","?","?","M","M","R","BOSS","M","?","?","?","M"],"build_version":"2018-11-15","purchased_purges":0,"victory":false,"max_hp_per_floor":[75,75,75,75,75,75,75,75,75,75,75,75,77,77,77,77,77,77,77,77,77,77],"card_choices":[{"not_picked":["Sweeping Beam","Steam","Ball Lightning"],"picked":"SKIP","floor":1},{"not_picked":["Darkness","Ball Lightning"],"picked":"Auto Shields","floor":4},{"not_picked":["Sunder","Reinforced Body"],"picked":"Streamline","floor":7},{"not_picked":["Ball Lightning","Streamline"],"picked":"Conserve Battery","floor":8},{"not_picked":["Electrodynamics","Stack"],"picked":"Go for the Eyes","floor":10},{"not_picked":["Steam Power","Melter","Ball Lightning"],"picked":"Singing Bowl","floor":13},{"not_picked":["Conserve Battery","Consume"],"picked":"Hologram","floor":14},{"not_picked":["Hyperbeam","Fission"],"picked":"All For One","floor":16},{"not_picked":["Melter","Reinforced Body+1"],"picked":"Scrape+1","floor":18},{"not_picked":["Ball Lightning","Fusion+1"],"picked":"Scrape","floor":20}],"player_experience":550972,"relics_obtained":[{"floor":7,"key":"Singing Bowl"},{"floor":9,"key":"Mummified Hand"},{"floor":10,"key":"Peace Pipe"}],"event_choices":[{"damage_healed":0,"gold_gain":0,"player_choice":"Grow","damage_taken":0,"max_hp_gain":0,"max_hp_loss":0,"event_name":"Living Wall","floor":2,"gold_loss":0,"cards_upgraded":["Zap"]},{"cards_removed":["Strike_B"],"damage_healed":0,"gold_gain":0,"player_choice":"Card Removal","damage_taken":0,"max_hp_gain":0,"max_hp_loss":0,"event_name":"The Cleric","floor":11,"gold_loss":50},{"damage_healed":0,"gold_gain":0,"player_choice":"Damaged","damage_taken":7,"max_hp_gain":0,"max_hp_loss":0,"event_name":"Wheel of Change","floor":12,"gold_loss":0},{"damage_healed":0,"gold_gain":0,"player_choice":"Trade","damage_taken":0,"relics_obtained":["GremlinMask"],"max_hp_gain":0,"max_hp_loss":0,"event_name":"FaceTrader","floor":19,"gold_loss":0},{"damage_healed":0,"gold_gain":0,"player_choice":"Fight","damage_taken":0,"max_hp_gain":0,"max_hp_loss":0,"event_name":"Colosseum","floor":21,"gold_loss":0},{"damage_healed":0,"gold_gain":0,"player_choice":"Fled From Nobs","damage_taken":0,"max_hp_gain":0,"max_hp_loss":0,"event_name":"Colosseum","floor":21,"gold_loss":0}],"is_beta":false,"boss_relics":[{"not_picked":["Busted Crown","Philosopher\u0027s Stone"],"picked":"Black Star"}],"items_purged_floors":[],"is_endless":false,"potions_floor_spawned":[10,13,14,20,21],"killed_by":"Centurion and Healer","ascension_level":1}