{"path_per_floor":["M","?","?","M","$","R","E","R","T","M","T","M","M","M","R","B",null,"M","?","M","T","M","R","E","$","T","R","M","M","M","M","R","B",null,"M","?","?","?","M","E","R","$","T","?","M","?","M","M","R","B"],"character_chosen":"DEFECT","items_purchased":["Capacitor","Orichalcum","Whetstone","Enlightenment","Bottled Tornado","Ancient Tea Set"],"gold_per_floor":[117,117,117,128,6,6,33,33,105,119,119,132,148,158,158,253,253,263,353,367,392,406,406,433,28,74,74,92,106,118,133,133,230,230,244,244,294,294,313,647,647,48,128,128,140,140,154,165,165,165],"floor_reached":51,"campfire_rested":3,"playtime":2935,"current_hp_per_floor":[75,60,60,54,54,54,48,48,48,47,47,47,35,20,42,36,75,75,51,49,49,49,49,28,28,28,50,37,28,28,27,49,48,75,75,75,75,75,75,75,75,75,75,75,75,75,75,52,52,65],"items_purged":["Strike_B","Strike_B"],"gold":165,"score":726,"play_id":"4faece5c-f63a-4f7b-9250-2a9416292fff","local_time":"20180430180745","is_prod":false,"is_daily":false,"chose_seed":false,"is_ascension_mode":false,"campfire_upgraded":2,"timestamp":1525104465,"path_taken":["M","?","?","M","$","R","E","R","T","?","?","M","?","M","R","BOSS","M","?","M","?","?","R","E","$","T","R","M","M","M","M","R","BOSS","M","?","?","?","M","E","R","?","T","?","M","?","M","M","R","BOSS"],"build_version":"2018-04-27v3","seed_source_timestamp":22975744899473,"purchased_purges":3,"victory":true,"master_deck":["Defend_B+1","Defend_B+1","Zap+1","Dualcast","Thunder Strike+1","Chill","Ball Lightning+1","Capacitor","Static Discharge+1","Buffer","Thunder Strike","Turbo+1","Reboot+1","Hologram+1","Dramatic Entrance+1","Tempest+1","Skim+1","Echo Form","Undo+1","Reboot+1","Meteor Strike+1","Static Discharge","Defragment","Hologram+1","Self Repair","Flux Capacitor+1","Enlightenment+1"],"max_hp_per_floor":[75,75,75,75,75,75,75,75,75,75,75,75,75,75,75,75,75,75,75,75,75,75,75,75,75,75,75,75,75,75,75,75,75,75,75,75,75,75,75,75,75,75,75,75,75,75,75,75,75,75],"relics":["Cracked Core","Torii","Toxic Egg 2","Peace Pipe","Runic Dome","Anchor","Gambling Chip","Orichalcum","Whetstone","Juzu Bracelet","Snecko Eye","Mummified Hand","Bird Faced Urn","Old Coin","Bottled Tornado","Ancient Tea Set","Mercury Hourglass"],"card_choices":[{"not_picked":["Go for the Eyes","Streamline"],"picked":"Chill","floor":1},{"not_picked":["Beam Cell","Barrage"],"picked":"Ball Lightning","floor":4},{"not_picked":["Streamline","Flux Capacitor"],"picked":"Static Discharge","floor":7},{"not_picked":["Beam Cell","Leap"],"picked":"Buffer","floor":10},{"not_picked":["Sweeping Beam","Streamline"],"picked":"Thunder Strike","floor":13},{"not_picked":["Sweeping Beam","Chaos"],"picked":"Turbo","floor":14},{"not_picked":["Machine Learning","Fission"],"picked":"Reboot","floor":16},{"not_picked":["Beam Cell","Stack"],"picked":"Hologram","floor":18},{"not_picked":["Rebound","Coolheaded"],"picked":"Tempest","floor":20},{"not_picked":["Go for the Eyes","Stack"],"picked":"Skim","floor":22},{"not_picked":["Gash","Coolheaded"],"picked":"Echo Form","floor":24},{"not_picked":["Loop","Stack"],"picked":"Ball Lightning","floor":28},{"not_picked":["Turbo","Aggregate"],"picked":"Undo","floor":29},{"not_picked":["Skim","Glacier"],"picked":"Reboot","floor":31},{"not_picked":["Amplify","Reboot"],"picked":"Meteor Strike","floor":33},{"not_picked":["Sweeping Beam","Streamline"],"picked":"Static Discharge","floor":35},{"not_picked":["Leap","Buffer"],"picked":"Defragment","floor":37},{"not_picked":["Skim","Aggregate"],"picked":"Self Repair","floor":39},{"not_picked":["Rainbow","Reprogram"],"picked":"Flux Capacitor","floor":40}],"player_experience":11584,"potions_floor_usage":[16,28,33,33],"damage_taken":[{"damage":0,"enemies":"Cultist","floor":1,"turns":4},{"damage":6,"enemies":"Jaw Worm","floor":4,"turns":4},{"damage":6,"enemies":"Lagavulin","floor":7,"turns":6},{"damage":1,"enemies":"Small Slimes","floor":10,"turns":3},{"damage":0,"enemies":"Looter","floor":12,"turns":2},{"damage":12,"enemies":"Exordium Thugs","floor":13,"turns":4},{"damage":15,"enemies":"Exordium Wildlife","floor":14,"turns":4},{"damage":6,"enemies":"Hexaghost","floor":16,"turns":6},{"damage":0,"enemies":"Chosen","floor":18,"turns":5},{"damage":2,"enemies":"Spheric Guardian","floor":20,"turns":3},{"damage":0,"enemies":"Cultist and Chosen","floor":22,"turns":5},{"damage":21,"enemies":"Book of Stabbing","floor":24,"turns":5},{"damage":13,"enemies":"Slaver and Parasite","floor":28,"turns":3},{"damage":9,"enemies":"Centurion and Healer","floor":29,"turns":3},{"damage":0,"enemies":"Snecko","floor":30,"turns":3},{"damage":1,"enemies":"Snake Plant","floor":31,"turns":3},{"damage":1,"enemies":"Collector","floor":33,"turns":6},{"damage":0,"enemies":"Orb Walker","floor":35,"turns":3},{"damage":0,"enemies":"Mysterious Sphere","floor":37,"turns":3},{"damage":0,"enemies":"3 Shapes","floor":39,"turns":2},{"damage":0,"enemies":"Giant Head","floor":40,"turns":3},{"damage":0,"enemies":"Spire Growth","floor":45,"turns":2},{"damage":0,"enemies":"Flame Bruiser 2 Orb","floor":47,"turns":2},{"damage":34,"enemies":"Sphere and 2 Shapes","floor":48,"turns":3},{"damage":43,"enemies":"Time Eater","floor":50,"turns":4}],"event_choices":[{"event_name":"Shining Light","player_choice":"Entered Light","floor":2,"damage_taken":0},{"event_name":"Living Wall","player_choice":"Grow","floor":3,"damage_taken":0},{"event_name":"Knowing Skull","player_choice":"CARD GOLD ","floor":19,"damage_taken":0},{"event_name":"Wheel of Change","player_choice":"Relic","floor":36,"damage_taken":0},{"event_name":"Mysterious Sphere","player_choice":"Fight","floor":37,"damage_taken":0},{"event_name":"Transmorgrifier","player_choice":"Transform","floor":38,"damage_taken":0},{"event_name":"Accursed Blacksmith","player_choice":"Forge","floor":46,"damage_taken":0}],"boss_relics":[{"not_picked":["Astrolabe","Philosopher\u0027s Stone"],"picked":"Runic Dome"},{"not_picked":["Black Star","Lizard Tail"],"picked":"Snecko Eye"}],"potions_floor_spawned":[4,13,16,18,22,28,33,35,40,47],"seed_played":"1957084834625464682","ascension_level":0,"is_trial":false}