{"gold_per_floor":[118,133,133,146,164,164,194,269,316,316],"floor_reached":10,"playtime":1691,"items_purged":[],"score":68,"play_id":"e276d776-37dd-4caf-a7e9-5a50a50b5d68","local_time":"20190222010855","is_ascension_mode":false,"campfire_choices":[{"data":"Accuracy","floor":6,"key":"SMITH"}],"neow_cost":"NONE","seed_source_timestamp":29938149797752,"circlet_count":0,"master_deck":["Defend_G","Defend_G","Defend_G","Defend_G","Defend_G","Strike_G","Strike_G","Strike_G","Strike_G+1","Strike_G+1","Survivor","Neutralize","Infinite Blades","Regret","Accuracy+1","Deadly Poison"],"relics":["Ring of the Snake","NeowsBlessing","Pear","Snake Skull","Whetstone"],"potions_floor_usage":[7],"damage_taken":[{"damage":0,"enemies":"Cultist","floor":1,"turns":1},{"damage":0,"enemies":"2 Louse","floor":2,"turns":1},{"damage":0,"enemies":"Small Slimes","floor":4,"turns":1},{"damage":5,"enemies":"3 Louse","floor":5,"turns":5},{"damage":25,"enemies":"Lagavulin","floor":7,"turns":8},{"damage":40,"enemies":"3 Sentries","floor":10,"turns":4}],"seed_played":"3202169795946216417","potions_obtained":[{"floor":1,"key":"EssenceOfSteel"}],"is_trial":false,"path_per_floor":["M","M","?","M","M","R","E","?","T","E"],"character_chosen":"THE_SILENT","items_purchased":[],"campfire_rested":0,"item_purchase_floors":[],"current_hp_per_floor":[70,70,80,80,75,75,50,39,39,0],"gold":316,"neow_bonus":"THREE_ENEMY_KILL","is_prod":false,"is_daily":false,"chose_seed":false,"campfire_upgraded":1,"win_rate":0,"timestamp":1550815735,"path_taken":["M","M","?","M","M","R","E","?","T","E"],"build_version":"2019-01-23","purchased_purges":0,"victory":false,"max_hp_per_floor":[70,70,80,80,80,80,80,80,80,80],"card_choices":[{"not_picked":["Choke","Setup"],"picked":"Infinite Blades","floor":1},{"not_picked":["Bane","Dagger Spray","Deflect"],"picked":"SKIP","floor":2},{"not_picked":["Acrobatics","Well Laid Plans"],"picked":"Accuracy","floor":4},{"not_picked":["All Out Attack","Endless Agony","PiercingWail"],"picked":"SKIP","floor":5},{"not_picked":["Poisoned Stab","Leg Sweep"],"picked":"Deadly Poison","floor":7}],"player_experience":718943,"relics_obtained":[{"floor":7,"key":"Snake Skull"},{"floor":9,"key":"Whetstone"}],"event_choices":[{"damage_healed":0,"gold_gain":0,"player_choice":"Box","damage_taken":0,"relics_obtained":["Pear"],"max_hp_gain":0,"max_hp_loss":0,"event_name":"Big Fish","floor":3,"gold_loss":0,"cards_obtained":["Regret"]},{"damage_healed":0,"gold_gain":75,"player_choice":"Gather Gold","damage_taken":11,"max_hp_gain":0,"max_hp_loss":0,"event_name":"World of Goop","floor":8,"gold_loss":0}],"is_beta":false,"boss_relics":[],"items_purged_floors":[],"is_endless":false,"potions_floor_spawned":[1],"killed_by":"3 Sentries","ascension_level":0}