{"path_per_floor":["M","M","M","$","M","R","$","E","T","R","M","R","M","E","R","B",null,"M","M","?","M","$","R","E","?","T","M","R","M","M","?","R","B",null,"M","$","M","M","M","E","R","M","T","M","R","M","E","M","R","B"],"character_chosen":"IRONCLAD","items_purchased":["Flex"],"gold_per_floor":[119,129,140,13,23,23,23,55,55,55,69,69,89,116,116,219,219,239,259,159,171,71,71,104,104,130,148,148,161,181,106,106,211,211,221,96,108,118,128,161,161,174,201,218,218,232,264,283,283,283],"floor_reached":51,"campfire_rested":0,"playtime":2627,"current_hp_per_floor":[72,77,71,71,57,57,57,36,36,36,37,37,42,35,35,20,80,80,80,80,74,74,74,80,64,64,71,71,80,80,80,80,80,80,79,79,80,68,74,77,77,80,80,67,67,77,77,80,80,80],"items_purged":["Strike_R","Defend_R","Defend_R"],"gold":283,"play_id":"3d30c07d-90a2-4122-a082-beb14dec72be","is_prod":false,"is_daily":false,"is_ascension_mode":false,"campfire_upgraded":10,"path_taken":["M","M","M","$","M","R","$","E","T","R","M","R","M","E","R","BOSS","M","M","?","M","$","R","E","?","T","M","R","M","M","?","R","BOSS","M","$","M","?","M","E","R","?","T","M","R","M","E","M","R","BOSS"],"build_version":"2018-01-25-PROD3","purchased_purges":4,"victory":true,"master_deck":["Strike_R","Strike_R","Strike_R","Strike_R","Defend_R","Bash","Flex+1","Iron Wave","Battle Trance+1","Shrug It Off","Flex+1","Heavy Blade+1","Thunderclap","Flex+1","Pummel+1","Impervious+1","Twin Strike+1","Hemokinesis","J.A.X.+1","Whirlwind+1","Offering+1","Heavy Blade+1","Pummel+1","Flex+1"],"max_hp_per_floor":[80,80,80,80,80,80,80,80,80,80,80,80,80,80,80,80,80,80,80,80,80,80,80,80,80,80,80,80,80,80,80,80,80,80,80,80,80,80,80,80,80,80,80,80,80,80,80,80,80,80],"relics":["Black Blood","Omamori","Gambling Chip","Bag of Marbles","Matryoshka","Necronomicon","Bag of Preparation","Regal Pillow","Question Card","Molten Egg","Toxic Egg","Ancient Tea Set","Happy Flower"],"card_choices":[{"not_picked":["Blood for Blood","Disarm"],"picked":"Flex"},{"not_picked":["Armaments","Bloodletting"],"picked":"Iron Wave"},{"not_picked":["Disarm","Clothesline"],"picked":"Battle Trance"},{"not_picked":["Juggernaut","Warcry"],"picked":"Shrug It Off"},{"not_picked":["Armaments","Combust"],"picked":"Heavy Blade"},{"not_picked":["Seeing Red","Flex"],"picked":"Thunderclap"},{"not_picked":["Clash","Warcry"],"picked":"Flex"},{"not_picked":["Intimidate","Armaments"],"picked":"Pummel"},{"not_picked":["Immolate","Dark Embrace"],"picked":"Impervious"},{"not_picked":["Metallicize","Dual Wield"],"picked":"Twin Strike"},{"not_picked":["Twin Strike","True Grit"],"picked":"Hemokinesis"},{"not_picked":["Flex","Wild Strike"],"picked":"Whirlwind"},{"not_picked":["Bludgeon","Immolate"],"picked":"Offering"},{"not_picked":["Searing Blow","Fire Breathing","Twin Strike"],"picked":"Heavy Blade"},{"not_picked":["Body Slam","Blood for Blood","Clash"],"picked":"Pummel"},{"not_picked":["Intimidate","Burning Pact","Spot Weakness"],"picked":"Flex"}],"player_experience":29687,"potions_floor_usage":[8,13,16,21,24,46,50,50],"damage_taken":[{"damage":14.0,"enemies":"Blue Slaver","floor":1.0,"turns":3.0},{"damage":1.0,"enemies":"2 Louse","floor":2.0,"turns":3.0},{"damage":12.0,"enemies":"Jaw Worm","floor":3.0,"turns":4.0},{"damage":20,"enemies":"Gremlin Gang","floor":5,"turns":4},{"damage":27,"enemies":"3 Sentries","floor":8,"turns":6},{"damage":5,"enemies":"Looter","floor":11,"turns":2},{"damage":1,"enemies":"Large Slime","floor":13,"turns":5},{"damage":13,"enemies":"Lagavulin","floor":14,"turns":3},{"damage":21,"enemies":"Hexaghost","floor":16,"turns":6},{"damage":9,"enemies":"Shell Parasite","floor":18,"turns":3},{"damage":10,"enemies":"Spheric Guardian","floor":19,"turns":4},{"damage":16,"enemies":"Snake Plant","floor":21,"turns":2},{"damage":0,"enemies":"Slavers","floor":24,"turns":1},{"damage":3,"enemies":"Chosen and Byrds","floor":27,"turns":1},{"damage":0,"enemies":"Snecko","floor":29,"turns":2},{"damage":3,"enemies":"Snake Plant","floor":30,"turns":1},{"damage":3,"enemies":"Collector","floor":33,"turns":2},{"damage":11,"enemies":"3 Shapes","floor":35,"turns":1},{"damage":7,"enemies":"Orb Walker","floor":37,"turns":1},{"damage":22,"enemies":"4 Shapes","floor":38,"turns":1},{"damage":4,"enemies":"3 Darklings","floor":39,"turns":1},{"damage":7,"enemies":"Nemesis","floor":40,"turns":1},{"damage":7,"enemies":"Maw","floor":42,"turns":1},{"damage":23,"enemies":"Sphere and 2 Shapes","floor":44,"turns":1},{"damage":0,"enemies":"3 Darklings","floor":46,"turns":1},{"damage":10,"enemies":"Giant Head","floor":47,"turns":1},{"damage":4,"enemies":"4 Shapes","floor":48,"turns":1},{"damage":3,"enemies":"Donu and Deca","floor":50,"turns":1}],"event_choices":[{"event_name":"Drug Dealer","player_choice":"Got JAXXED","floor":20,"damage_taken":0},{"event_name":"Cursed Tome","player_choice":"Obtained Book","floor":25,"damage_taken":0},{"event_name":"Beggar","player_choice":"Gave Gold","floor":31,"damage_taken":0}],"boss_relics":[{"not_picked":["Runic Cube","Cursed Key"],"picked":"Black Blood"},{"not_picked":["Tiny House","Velvet Choker"],"picked":"Question Card"}],"potions_floor_spawned":[3,5,11,13,19,21,24,30,33,35,40,42,44,46],"seed_played":"-352152718746390645","ascension_level":0,"is_trial":false}