{"gold_per_floor":[113,129,129,146,146,159,159,84,84,49,62,79,107,121,121,192,192,205,222,240,260,278,278,290,34,59,59,72,72,86,104,104,104],"floor_reached":33,"playtime":1907,"items_purged":["Strike_B","Strike_B"],"score":462,"play_id":"4b68970e-6c19-4fc7-8811-265e48632527","local_time":"20180922181334","is_ascension_mode":true,"campfire_choices":[{"floor":7.0,"key":"REST"},{"floor":15.0,"key":"REST"},{"floor":23,"key":"REST"},{"floor":29,"key":"REST"},{"data":"Buffer","floor":32,"key":"SMITH"}],"neow_cost":"NONE","seed_source_timestamp":0,"circlet_count":0,"master_deck":["Strike_B","Defend_B","Defend_B","Zap","Dualcast","AscendersBane","Electrodynamics","Conserve Battery","Ball Lightning","Consume","Buffer+1","Auto Shields","Cold Snap","Melter+1","Defragment","Defragment"],"special_seed":0,"relics":["Cracked Core","Singing Bowl","The Courier","Meat on the Bone","Empty Cage","Oddly Smooth Stone","NlothsMask"],"potions_floor_usage":[18,19,19,21,21,24,30],"damage_taken":[{"damage":12.0,"enemies":"Small Slimes","floor":1.0,"turns":2.0},{"damage":2.0,"enemies":"Jaw Worm","floor":2.0,"turns":3.0},{"damage":1.0,"enemies":"Cultist","floor":4.0,"turns":3.0},{"damage":12.0,"enemies":"Exordium Wildlife","floor":6.0,"turns":2.0},{"damage":0.0,"enemies":"3 Louse","floor":11.0,"turns":2.0},{"damage":7.0,"enemies":"Looter","floor":12.0,"turns":3.0},{"damage":28.0,"enemies":"Lagavulin","floor":13.0,"turns":5.0},{"damage":8.0,"enemies":"Red Slaver","floor":14.0,"turns":4.0},{"damage":34.0,"enemies":"The Guardian","floor":16.0,"turns":11.0},{"damage":42,"enemies":"2 Thieves","floor":18,"turns":4},{"damage":7,"enemies":"3 Byrds","floor":19,"turns":3},{"damage":28,"enemies":"Snake Plant","floor":20,"turns":6},{"damage":12,"enemies":"Centurion and Healer","floor":21,"turns":8},{"damage":14,"enemies":"Chosen and Byrds","floor":22,"turns":6},{"damage":30,"enemies":"Snake Plant","floor":24,"turns":5},{"damage":10,"enemies":"Centurion and Healer","floor":28,"turns":6},{"damage":0,"enemies":"Cultist and Chosen","floor":30,"turns":5},{"damage":5,"enemies":"Sentry and Sphere","floor":31,"turns":3},{"damage":82,"enemies":"Collector","floor":33,"turns":7}],"seed_played":"-6361980598049276625","potions_obtained":[{"floor":2.0,"key":"Explosive Potion"},{"floor":11.0,"key":"Fruit Juice"},{"floor":12.0,"key":"Swift Potion"},{"floor":13.0,"key":"Dexterity Potion"},{"floor":18,"key":"Weak Potion"},{"floor":19,"key":"Energy Potion"},{"floor":20,"key":"PowerPotion"},{"floor":22,"key":"FearPotion"},{"floor":28,"key":"SteroidPotion"}],"is_trial":false,"path_per_floor":["M","M","?","M","?","M","R","$","T","?","M","M","E","M","R","B",null,"M","M","M","M","M","R","M","$","T","?","M","R","M","M","R"],"character_chosen":"DEFECT","items_purchased":["Defragment","Defragment","EssenceOfSteel"],"campfire_rested":4,"item_purchase_floors":[25,25,25],"current_hp_per_floor":[52,50,43,44,37,27,49,49,49,67,74,69,43,47,72,50,77,47,52,36,38,38,65,49,49,49,49,53,81,83,80,80,0],"gold":104,"neow_bonus":"ONE_RANDOM_RARE_CARD","is_prod":false,"is_daily":false,"chose_seed":false,"campfire_upgraded":1,"win_rate":0,"timestamp":1537632814,"path_taken":["M","M","?","?","?","M","R","$","T","?","?","M","E","M","R","BOSS","M","M","M","M","M","R","M","$","T","?","M","R","?","M","R","BOSS"],"build_version":"2018-09-20","purchased_purges":2,"victory":false,"max_hp_per_floor":[71,71,71,73,73,75,75,75,75,75,82,84,86,86,86,86,86,86,86,86,88,90,90,92,92,92,92,94,94,96,98,98,98],"card_choices":[{"not_picked":["Turbo","Redo"],"picked":"Conserve Battery","floor":1.0},{"not_picked":["Compile Driver","Sweeping Beam"],"picked":"Ball Lightning","floor":2.0},{"not_picked":["Leap","Loop","Self Repair"],"picked":"Singing Bowl","floor":4.0},{"not_picked":["Chaos","Sweeping Beam","Turbo"],"picked":"Singing Bowl","floor":6.0},{"not_picked":["Tempest","Compile Driver","Leap"],"picked":"Singing Bowl","floor":11.0},{"not_picked":["Steam","Storm","Barrage"],"picked":"Singing Bowl","floor":12.0},{"not_picked":["Ball Lightning","Seek","Barrage"],"picked":"Singing Bowl","floor":13.0},{"not_picked":["Steam","Rip and Tear"],"picked":"Consume","floor":14.0},{"not_picked":["Machine Learning","Seek"],"picked":"Buffer","floor":16.0},{"not_picked":["Beam Cell","Genetic Algorithm"],"picked":"Auto Shields","floor":18},{"not_picked":["Double Energy","White Noise+1"],"picked":"Cold Snap","floor":19},{"not_picked":["Gash","Leap"],"picked":"Melter+1","floor":20},{"not_picked":["Steam","Skim","Streamline+1"],"picked":"Singing Bowl","floor":21},{"not_picked":["Beam Cell","Scrape","Recycle"],"picked":"Singing Bowl","floor":22},{"not_picked":["Sweeping Beam","Rebound","Steam Power+1"],"picked":"Singing Bowl","floor":24},{"not_picked":["Sweeping Beam","Redo","Beam Cell"],"picked":"Singing Bowl","floor":28},{"not_picked":["Double Energy","Leap","Rebound"],"picked":"Singing Bowl","floor":30},{"not_picked":["Leap","Rebound","Hologram"],"picked":"Singing Bowl","floor":31}],"player_experience":536570,"relics_obtained":[{"floor":9.0,"key":"The Courier"},{"floor":13.0,"key":"Meat on the Bone"},{"floor":26,"key":"Oddly Smooth Stone"}],"event_choices":[{"event_name":"Scrap Ooze","player_choice":"success","floor":3.0,"damage_taken":7.0},{"event_name":"Golden Wing","player_choice":"Card Removal","floor":5.0,"damage_taken":0.0},{"event_name":"The Cleric","player_choice":"Healed","floor":10.0,"damage_taken":0.0},{"event_name":"FaceTrader","player_choice":"Trade","floor":27,"damage_taken":0}],"is_beta":false,"boss_relics":[{"not_picked":["Snecko Eye","White Beast Statue"],"picked":"Empty Cage"}],"items_purged_floors":[8,25],"is_endless":false,"potions_floor_spawned":[2,11,12,13,18,19,20,22,28],"killed_by":"Collector","ascension_level":14}