{"path_per_floor":["M","?","M","$","?","E","R","M","T","R","E","M","M","M","R","B",null,"M","$","?","$","M","R","M","R","T","R","T","M","M"],"character_chosen":"THE_SILENT","items_purchased":["Deadly Poison","Backflip"],"gold_per_floor":[112,112,127,0,0,32,32,52,79,79,109,126,141,161,161,264,264,281,181,181,8,24,24,39,39,39,39,39,53,68,68],"floor_reached":31,"campfire_rested":4,"playtime":1156,"current_hp_per_floor":[58,51,47,47,47,32,53,48,48,69,54,35,35,34,55,31,70,61,61,61,61,58,70,65,65,65,65,65,63,25,0],"items_purged":["Masterful Stab","Slice","Dagger Spray"],"gold":68,"score":322,"play_id":"d462feed-29f7-4391-b06c-3f6f034fdabc","local_time":"20180331221752","is_prod":false,"is_daily":false,"is_ascension_mode":true,"campfire_upgraded":2,"timestamp":1522527472,"path_taken":["M","?","M","$","?","E","R","M","T","R","E","M","M","M","R","BOSS","M","$","?","$","M","R","M","R","T","R","?","M","M","M"],"build_version":"2018-03-29v2","purchased_purges":4,"victory":false,"master_deck":["Survivor","Neutralize","Dagger Spray","Bouncing Flask+1","Sucker Punch","Outmaneuver","Acrobatics","Deadly Poison","Poisoned Stab","Deadly Poison","Deadly Poison","Backflip","Deflect","Dash","PiercingWail","Backflip","Setup+1","Envenom","Poisoned Stab","Backflip","Catalyst","Deflect+1","Backflip","Acrobatics"],"max_hp_per_floor":[70,70,70,70,70,70,70,70,70,70,70,70,70,70,70,70,70,70,70,70,70,70,70,70,70,70,70,70,70,70,70],"relics":["Pandora\u0027s Box","Snake Skull","Mummified Hand","Dream Catcher","Anchor","Runic Pyramid","Dead Branch","Paper Crane"],"card_choices":[{"not_picked":["Crippling Poison","Reflex"],"picked":"Poisoned Stab","floor":1},{"not_picked":["Acrobatics","Dagger Spray"],"picked":"Deadly Poison","floor":8},{"not_picked":["Dodge and Roll","Footwork"],"picked":"Backflip","floor":10},{"not_picked":["Dagger Spray","Slice"],"picked":"Deflect","floor":11},{"not_picked":["Infinite Blades","Setup"],"picked":"Dash","floor":12},{"not_picked":["Burst","Poisoned Stab"],"picked":"PiercingWail","floor":13},{"not_picked":["Slice","Phantasmal Killer"],"picked":"Backflip","floor":14},{"not_picked":["Cloak And Dagger","Slice"],"picked":"Setup","floor":15},{"not_picked":["Die Die Die","Storm of Steel"],"picked":"Envenom","floor":16},{"not_picked":["Dodge and Roll","Well Laid Plans"],"picked":"Poisoned Stab","floor":18},{"not_picked":["Reflex","Quick Slash"],"picked":"Catalyst","floor":22},{"not_picked":["Flying Knee","Slice"],"picked":"Deflect","floor":23},{"not_picked":["Dagger Throw","Tools of the Trade"],"picked":"Backflip","floor":24},{"not_picked":["Flying Knee","Quick Slash"],"picked":"Acrobatics","floor":29}],"player_experience":177671,"potions_floor_usage":[11,12,30],"damage_taken":[{"damage":12,"enemies":"Jaw Worm","floor":1,"turns":2},{"damage":4,"enemies":"Small Slimes","floor":3,"turns":2},{"damage":15,"enemies":"Lagavulin","floor":6,"turns":4},{"damage":5,"enemies":"2 Louse","floor":8,"turns":2},{"damage":15,"enemies":"3 Sentries","floor":11,"turns":4},{"damage":19,"enemies":"Exordium Thugs","floor":12,"turns":3},{"damage":0,"enemies":"Looter","floor":13,"turns":3},{"damage":1,"enemies":"Blue Slaver","floor":14,"turns":3},{"damage":24,"enemies":"Slime Boss","floor":16,"turns":8},{"damage":9,"enemies":"3 Byrds","floor":18,"turns":5},{"damage":3,"enemies":"Spheric Guardian","floor":22,"turns":3},{"damage":5,"enemies":"Snecko","floor":24,"turns":5},{"damage":2,"enemies":"Snake Plant","floor":29,"turns":3},{"damage":38,"enemies":"3 Cultists","floor":30,"turns":6},{"damage":25,"enemies":"Cultist and Chosen","floor":31,"turns":4}],"event_choices":[{"event_name":"Scrap Ooze","player_choice":"success","floor":2,"damage_taken":7},{"event_name":"Purifier","player_choice":"One Purge","floor":5,"damage_taken":0},{"event_name":"Vampires","player_choice":"Ignored","floor":20,"damage_taken":0}],"boss_relics":[{"not_picked":["Orrery","Tiny House"],"picked":"Runic Pyramid"}],"potions_floor_spawned":[1,8,12,13,22,24],"seed_played":"2988924408712044490","killed_by":"Cultist and Chosen","ascension_level":4,"is_trial":false}