{"path_per_floor":["M","?","M","?","T","R","$","M","T","R","E","M","?","$","R","B",null,"M","M","M","?","$","R","$","M","T","M","M","R","M","E","R","B",null,"M","M","?","$","M","R","E","R","T","?","R","M","$","?","R","B"],"character_chosen":"THE_SILENT","items_purchased":["Matryoshka","Footwork","Deadly Poison","Sucker Punch","Dodge and Roll","Deadly Poison","Footwork","Energy Potion"],"gold_per_floor":[111,286,301,376,376,376,57,76,76,76,105,123,123,48,48,150,150,167,180,192,142,14,14,14,28,108,124,134,134,152,187,187,292,292,311,324,324,178,195,195,229,229,229,229,229,247,4,4,4,4],"floor_reached":51,"campfire_rested":4,"playtime":2473,"current_hp_per_floor":[70,70,69,58,58,58,58,58,58,58,28,28,28,28,49,45,70,60,60,55,55,55,55,55,52,52,49,40,40,46,47,70,16,77,73,73,63,63,33,56,42,42,42,42,65,61,61,56,56,17],"items_purged":["Strike_G","Injury","Regret"],"gold":4,"score":720,"play_id":"155aa165-4d26-4561-b908-79e10882e86c","local_time":"20180428101707","is_prod":false,"is_daily":false,"chose_seed":false,"is_ascension_mode":false,"campfire_upgraded":6,"timestamp":1524903427,"path_taken":["M","?","?","?","?","R","$","M","T","R","E","M","?","?","R","BOSS","M","?","M","?","$","R","?","M","T","?","M","R","M","E","R","BOSS","M","M","?","$","M","R","E","R","T","?","R","M","$","?","R","BOSS"],"build_version":"2018-04-26","seed_source_timestamp":0,"purchased_purges":5,"victory":true,"master_deck":["Defend_G","Defend_G","Defend_G","Defend_G","Defend_G","Strike_G","Survivor","Neutralize+1","Slice","Dagger Spray","Footwork+1","Poisoned Stab","Footwork","Deadly Poison","Sucker Punch","After Image+1","Cloak And Dagger","Distraction","Deadly Poison","Dodge and Roll+1","Predator+1","Cloak And Dagger+1","Caltrops+1","Doppelganger","Dash+1","Bouncing Flask+1","Flechettes+1","Cloak And Dagger+1","Noxious Fumes+1","Madness","Madness","Deadly Poison","Well Laid Plans+1","Footwork","Finesse","Dark Shackles"],"max_hp_per_floor":[70,70,70,70,70,70,70,70,70,70,70,70,70,70,70,70,70,70,70,70,70,70,70,70,70,70,70,70,70,70,77,77,77,77,77,77,77,77,77,77,77,77,77,77,77,77,77,77,77,77],"relics":["Ring of the Snake","Bottled Lightning","Matryoshka","Ancient Tea Set","Bottled Tornado","Tough Bandages","Cursed Key","Orichalcum","Centennial Puzzle","Strawberry","Astrolabe","Dream Catcher","Oddly Smooth Stone"],"card_choices":[{"not_picked":["Riddle With Holes","Dagger Throw"],"picked":"Slice","floor":1.0},{"not_picked":["Underhanded Strike","Deflect"],"picked":"Dagger Spray","floor":3.0},{"not_picked":["Acrobatics","Prepared"],"picked":"Poisoned Stab","floor":8.0},{"not_picked":["Crippling Poison","Skewer"],"picked":"Footwork","floor":11.0},{"not_picked":["A Thousand Cuts","Die Die Die"],"picked":"After Image","floor":16.0},{"not_picked":["Malaise","Outmaneuver"],"picked":"Cloak And Dagger","floor":18},{"not_picked":["Outmaneuver","Acrobatics"],"picked":"Distraction","floor":19},{"not_picked":["Dagger Spray","Underhanded Strike"],"picked":"Deadly Poison","floor":20},{"not_picked":["Outmaneuver","Dagger Spray"],"picked":"Predator","floor":27},{"not_picked":["Dodge and Roll","Underhanded Strike"],"picked":"Cloak And Dagger","floor":30},{"not_picked":["Leg Sweep","Underhanded Strike"],"picked":"Caltrops","floor":31},{"not_picked":["Die Die Die","Storm of Steel"],"picked":"Doppelganger","floor":33},{"not_picked":["Slice","Underhanded Strike"],"picked":"Cloak And Dagger","floor":35},{"not_picked":["PiercingWail","Cloak And Dagger"],"picked":"Noxious Fumes","floor":36},{"not_picked":["Skewer","Poisoned Stab"],"picked":"Well Laid Plans","floor":41},{"not_picked":["Madness","Good Instincts"],"picked":"Finesse","floor":48},{"not_picked":["Panacea","Mind Blast"],"picked":"Dark Shackles","floor":48}],"player_experience":336891,"potions_floor_usage":[27,30,30,31,31,50],"damage_taken":[{"damage":0.0,"enemies":"2 Louse","floor":1.0,"turns":4.0},{"damage":1.0,"enemies":"Jaw Worm","floor":3.0,"turns":6.0},{"damage":0.0,"enemies":"Small Slimes","floor":8.0,"turns":3.0},{"damage":30.0,"enemies":"Gremlin Nob","floor":11.0,"turns":6.0},{"damage":0.0,"enemies":"Exordium Wildlife","floor":12.0,"turns":4.0},{"damage":4.0,"enemies":"Hexaghost","floor":16.0,"turns":12.0},{"damage":10.0,"enemies":"Chosen","floor":18.0,"turns":6.0},{"damage":0,"enemies":"Centurion and Healer","floor":19,"turns":8},{"damage":5,"enemies":"Snecko","floor":20,"turns":7},{"damage":3,"enemies":"Snake Plant","floor":25,"turns":5},{"damage":3,"enemies":"Slaver and Parasite","floor":27,"turns":11},{"damage":9,"enemies":"3 Cultists","floor":28,"turns":7},{"damage":9,"enemies":"Cultist and Chosen","floor":30,"turns":9},{"damage":21,"enemies":"Gremlin Leader","floor":31,"turns":8},{"damage":54,"enemies":"Champ","floor":33,"turns":16},{"damage":4,"enemies":"Orb Walker","floor":35,"turns":4},{"damage":0,"enemies":"3 Shapes","floor":36,"turns":5},{"damage":30,"enemies":"3 Darklings","floor":39,"turns":7},{"damage":14,"enemies":"2 Orb Walkers","floor":41,"turns":6},{"damage":4,"enemies":"4 Shapes","floor":46,"turns":6},{"damage":39,"enemies":"Time Eater","floor":50,"turns":14}],"event_choices":[{"event_name":"Liars Game","player_choice":"agreed","floor":2.0,"damage_taken":0.0},{"event_name":"World of Goop","player_choice":"Gather Gold","floor":4.0,"damage_taken":0.0},{"event_name":"Purifier","player_choice":"One Purge","floor":13.0,"damage_taken":0.0},{"event_name":"The Joust","player_choice":"Bet on Murderer","floor":21,"damage_taken":0},{"event_name":"Winding Halls","player_choice":"Embrace Madness","floor":37,"damage_taken":0},{"event_name":"Mysterious Sphere","player_choice":"Ignore","floor":44,"damage_taken":0},{"event_name":"SensoryStone","player_choice":"Memory 2","floor":48,"damage_taken":0}],"boss_relics":[{"not_picked":["Tiny House","Black Star"],"picked":"Astrolabe"}],"potions_floor_spawned":[1,3,20,27,28,30,33,35],"seed_played":"5731317209164827950","ascension_level":0,"is_trial":false}