{"gold_per_floor":[109,109,109,122,2,2,14,24,48,65,39,52,62,78,78,183,183,197,211,222,222],"floor_reached":21,"playtime":1302,"items_purged":[],"score":177,"play_id":"a2837d99-ae69-4379-ba05-764b125d9486","local_time":"20180707220901","is_ascension_mode":false,"campfire_choices":[{"floor":6,"key":"REST"},{"floor":15,"key":"REST"}],"neow_cost":"CURSE","seed_source_timestamp":269957219374589,"circlet_count":0,"master_deck":["Strike_B+1","Strike_B","Strike_B","Strike_B","Defend_B","Defend_B","Defend_B","Defend_B","Zap","Dualcast","Clumsy","Electrodynamics","Redo","Conserve Battery","Rebound","Doom and Gloom+1","Rainbow","Auto Shields","Redo","Stack","Conserve Battery","Compile Driver","Sweeping Beam","Thunder Strike","Sweeping Beam","Doom and Gloom","Loop"],"relics":["Cracked Core","Whetstone","Inserter"],"potions_floor_usage":[18,19,20,20],"damage_taken":[{"damage":6,"enemies":"Jaw Worm","floor":1,"turns":3},{"damage":12,"enemies":"Small Slimes","floor":4,"turns":2},{"damage":12,"enemies":"2 Louse","floor":7,"turns":2},{"damage":14,"enemies":"Red Slaver","floor":8,"turns":3},{"damage":0,"enemies":"Large Slime","floor":10,"turns":4},{"damage":9,"enemies":"Exordium Wildlife","floor":12,"turns":3},{"damage":4,"enemies":"Gremlin Gang","floor":13,"turns":2},{"damage":0,"enemies":"Lots of Slimes","floor":14,"turns":2},{"damage":40,"enemies":"Hexaghost","floor":16,"turns":9},{"damage":22,"enemies":"Shell Parasite","floor":18,"turns":6},{"damage":23,"enemies":"3 Byrds","floor":19,"turns":5},{"damage":10,"enemies":"Centurion and Healer","floor":20,"turns":6},{"damage":20,"enemies":"Snake Plant","floor":21,"turns":2}],"seed_played":"7479773605128793481","potions_obtained":[{"floor":3,"key":"SneckoOil"},{"floor":3,"key":"FocusPotion"},{"floor":3,"key":"SteroidPotion"},{"floor":4,"key":"AttackPotion"},{"floor":19,"key":"Swift Potion"}],"is_trial":false,"path_per_floor":["M","?","?","M","$","R","M","M","T","M","$","M","M","M","R","B",null,"M","M","M"],"character_chosen":"DEFECT","items_purchased":["Rebound","Doom and Gloom","Stack"],"campfire_rested":2,"item_purchase_floors":[5,5,11],"current_hp_per_floor":[69,69,69,57,57,75,63,49,49,49,49,40,36,36,58,18,75,53,30,20,0],"gold":222,"neow_bonus":"THREE_RARE_CARDS","is_prod":false,"is_daily":false,"chose_seed":false,"campfire_upgraded":0,"win_rate":0.0,"timestamp":1530994141,"path_taken":["M","?","?","M","?","R","M","M","T","M","$","M","?","M","R","BOSS","M","M","?","M"],"build_version":"2018-07-05","purchased_purges":0,"victory":false,"max_hp_per_floor":[75,75,75,75,75,75,75,75,75,75,75,75,75,75,75,75,75,75,75,75,75],"card_choices":[{"not_picked":["Thunder Strike","Echo Form"],"picked":"Electrodynamics","floor":0},{"not_picked":["Reinforced Body","Leap"],"picked":"Redo","floor":1},{"not_picked":["Redo","Beam Cell"],"picked":"Conserve Battery","floor":4},{"not_picked":["Capacitor","Steam"],"picked":"Rainbow","floor":7},{"not_picked":["Conserve Battery","Redo"],"picked":"Auto Shields","floor":8},{"not_picked":["Go for the Eyes","Force Field"],"picked":"Redo","floor":10},{"not_picked":["Barrage","FTL"],"picked":"Conserve Battery","floor":12},{"not_picked":["Reinforced Body","Blizzard"],"picked":"Compile Driver","floor":13},{"not_picked":["Steam Power","Stack"],"picked":"Sweeping Beam","floor":14},{"not_picked":["Multi-Cast","Buffer"],"picked":"Thunder Strike","floor":16},{"not_picked":["Conserve Battery","Rebound"],"picked":"Sweeping Beam","floor":18},{"not_picked":["Beam Cell+1","Reprogram+1"],"picked":"Doom and Gloom","floor":19},{"not_picked":["Rip and Tear+1","White Noise"],"picked":"Loop","floor":20}],"player_experience":44807,"relics_obtained":[{"floor":9,"key":"Whetstone"}],"event_choices":[{"event_name":"The Cleric","player_choice":"Leave","floor":2,"damage_taken":0},{"event_name":"The Lab","player_choice":"Got Potions","floor":3,"damage_taken":0}],"boss_relics":[{"not_picked":["Runic Dome","Eternal Feather"],"picked":"Inserter"}],"items_purged_floors":[],"is_endless":false,"potions_floor_spawned":[4,7,10,13,16,19],"killed_by":"Snake Plant","ascension_level":0}