{"gold_per_floor":[116,134,148,161,176,176,193,193,220,395,11,11,11,29,29,132,132,152,49,0,0,14,43,43,60,84,6,6,6,16,45,57,69],"floor_reached":33,"playtime":1043,"items_purged":["Doubt"],"score":277,"play_id":"f24ffc96-b666-4c10-ad9b-437398ef0f31","local_time":"20190212015935","is_ascension_mode":false,"campfire_choices":[{"data":"Seek","floor":6,"key":"SMITH"},{"data":"Genetic Algorithm","floor":13,"key":"SMITH"},{"data":"Zap","floor":15,"key":"SMITH"},{"data":"Dualcast","floor":24,"key":"SMITH"},{"floor":29,"key":"REST"},{"floor":32,"key":"REST"}],"neow_cost":"NONE","seed_source_timestamp":211276657292979,"circlet_count":0,"master_deck":["Strike_B","Strike_B","Strike_B","Defend_B","Defend_B","Defend_B","Defend_B","Zap+1","Dualcast+1","Seek+1","Go for the Eyes","Genetic Algorithm+1","Beam Cell+1","Static Discharge+1","Hologram","Go for the Eyes+1","Reboot","Defragment+1","Genetic Algorithm+1","Beam Cell+1","Writhe"],"relics":["Cracked Core","Membership Card","Ancient Tea Set","Black Star","Lee\u0027s Waffle","StoneCalendar","Regal Pillow","DataDisk","PreservedInsect","Pen Nib","MawBank","Whetstone"],"potions_floor_usage":[7,14,16,16,31,31,31],"damage_taken":[{"damage":0,"enemies":"2 Louse","floor":1,"turns":2},{"damage":5,"enemies":"Small Slimes","floor":2,"turns":3},{"damage":1,"enemies":"Jaw Worm","floor":3,"turns":3},{"damage":5,"enemies":"2 Fungi Beasts","floor":4,"turns":4},{"damage":16,"enemies":"3 Louse","floor":5,"turns":4},{"damage":7,"enemies":"Blue Slaver","floor":7,"turns":4},{"damage":7,"enemies":"Exordium Thugs","floor":14,"turns":3},{"damage":48,"enemies":"Slime Boss","floor":16,"turns":11},{"damage":15,"enemies":"Spheric Guardian","floor":18,"turns":4},{"damage":3,"enemies":"3 Byrds","floor":22,"turns":4},{"damage":36,"enemies":"Gremlin Leader","floor":23,"turns":4},{"damage":11,"enemies":"Centurion and Healer","floor":25,"turns":7},{"damage":11,"enemies":"Cultist and Chosen","floor":30,"turns":5},{"damage":20,"enemies":"Slavers","floor":31,"turns":4},{"damage":92,"enemies":"Collector","floor":33,"turns":7}],"seed_played":"6675803638844685835","potions_obtained":[{"floor":2,"key":"SpeedPotion"},{"floor":5,"key":"PowerPotion"},{"floor":7,"key":"Weak Potion"},{"floor":14,"key":"SteroidPotion"},{"floor":22,"key":"SteroidPotion"},{"floor":25,"key":"LiquidBronze"}],"is_trial":false,"path_per_floor":["M","M","M","M","M","R","M","?","T","?","$","?","R","M","R","B",null,"M","$","?","?","M","E","R","M","T","$","?","R","M","E","R","B"],"character_chosen":"DEFECT","items_purchased":["Membership Card","Ancient Tea Set","Fire Potion","Lee\u0027s Waffle","PreservedInsect"],"campfire_rested":2,"item_purchase_floors":[11,11,11,19,27],"current_hp_per_floor":[75,70,69,64,48,48,41,34,34,34,34,59,59,52,52,4,75,60,82,82,82,79,43,43,32,32,32,32,71,60,40,79,0],"gold":69,"neow_bonus":"ONE_RANDOM_RARE_CARD","is_prod":false,"is_daily":false,"chose_seed":false,"campfire_upgraded":4,"win_rate":0,"timestamp":1549954775,"path_taken":["M","M","M","M","M","R","M","?","T","?","?","?","R","M","R","BOSS","M","$","?","?","?","E","R","M","T","$","?","R","M","E","R","BOSS"],"build_version":"2019-01-23","purchased_purges":1,"victory":false,"max_hp_per_floor":[75,75,75,75,75,75,75,75,75,75,75,75,75,75,75,75,75,75,82,82,82,82,82,82,82,82,82,82,82,82,82,82,82],"card_choices":[{"not_picked":["Sweeping Beam","Blizzard"],"picked":"Go for the Eyes","floor":1},{"not_picked":["Loop","Ball Lightning"],"picked":"Genetic Algorithm","floor":2},{"not_picked":["Barrage","Hologram"],"picked":"Beam Cell","floor":3},{"not_picked":["Cold Snap","Conserve Battery"],"picked":"Static Discharge","floor":4},{"not_picked":["Beam Cell","Barrage","Thunder Strike"],"picked":"SKIP","floor":5},{"not_picked":["Steam","Streamline"],"picked":"Hologram","floor":7},{"not_picked":["Loop","Redo"],"picked":"Go for the Eyes","floor":14},{"not_picked":["Creative AI","Biased Cognition"],"picked":"Reboot","floor":16},{"not_picked":["Glacier","Ball Lightning+1","Stack"],"picked":"SKIP","floor":18},{"not_picked":["Streamline+1","Echo Form"],"picked":"Defragment+1","floor":22},{"not_picked":["Chaos+1","Auto Shields+1"],"picked":"Genetic Algorithm+1","floor":23},{"not_picked":["Loop","Cold Snap"],"picked":"Beam Cell+1","floor":25},{"not_picked":["Compile Driver+1","Aggregate","Melter+1"],"picked":"SKIP","floor":30},{"not_picked":["Cold Snap","Streamline","Doom and Gloom+1"],"picked":"SKIP","floor":31}],"player_experience":661895,"relics_obtained":[{"floor":23,"key":"StoneCalendar"},{"floor":23,"key":"Regal Pillow"},{"floor":26,"key":"DataDisk"},{"floor":31,"key":"MawBank"},{"floor":31,"key":"Whetstone"}],"event_choices":[{"cards_removed":["Strike_B"],"damage_healed":0,"gold_gain":0,"player_choice":"Card Removal","damage_taken":7,"max_hp_gain":0,"max_hp_loss":0,"event_name":"Golden Wing","floor":8,"gold_loss":0},{"damage_healed":0,"gold_gain":175,"player_choice":"AGREE","damage_taken":0,"max_hp_gain":0,"max_hp_loss":0,"event_name":"Liars Game","floor":10,"gold_loss":0,"cards_obtained":["Doubt"]},{"damage_healed":25,"gold_gain":0,"player_choice":"Banana","damage_taken":0,"max_hp_gain":0,"max_hp_loss":0,"event_name":"Big Fish","floor":12,"gold_loss":0},{"damage_healed":0,"gold_gain":0,"player_choice":"Paid Fearfully","damage_taken":0,"max_hp_gain":0,"max_hp_loss":0,"event_name":"Masked Bandits","floor":20,"gold_loss":49},{"damage_healed":0,"gold_gain":0,"player_choice":"Forge","damage_taken":0,"max_hp_gain":0,"max_hp_loss":0,"event_name":"Accursed Blacksmith","floor":21,"gold_loss":0,"cards_upgraded":["Static Discharge"]},{"damage_healed":0,"gold_gain":0,"player_choice":"Opened","damage_taken":0,"relics_obtained":["Pen Nib"],"max_hp_gain":0,"max_hp_loss":0,"event_name":"The Mausoleum","floor":28,"gold_loss":0,"cards_obtained":["Writhe"]}],"is_beta":false,"boss_relics":[{"not_picked":["Ectoplasm","Fusion Hammer"],"picked":"Black Star"}],"items_purged_floors":[11],"is_endless":false,"potions_floor_spawned":[2,5,7,14,22,25],"killed_by":"Collector","ascension_level":0}