{"gold_per_floor":[212,229,31,43,58,58,92,105,105,5,5,23,23,40,40,119,119,138,138,13,0,0,0,17,33,87,87,105,118,118,118],"floor_reached":31,"playtime":1890,"items_purged":["Strike_B","Strike_B","Strike_B"],"score":394,"play_id":"02a8cc3e-0a5e-49e5-a9c9-603de1a45d28","local_time":"20180920025601","is_ascension_mode":true,"campfire_choices":[{"floor":6,"key":"REST"},{"floor":11,"key":"REST"},{"data":"Defragment","floor":13,"key":"SMITH"},{"data":"Defragment","floor":15,"key":"SMITH"},{"data":"Buffer","floor":23,"key":"SMITH"},{"floor":30,"key":"REST"}],"neow_cost":"NONE","seed_source_timestamp":395380104750773,"circlet_count":0,"master_deck":["Strike_B","Defend_B","Defend_B","Defend_B","Defend_B","Zap","Dualcast","AscendersBane","Cold Snap","Defragment+1","Glacier","Ball Lightning","Chaos","Capacitor","Defragment+1","Buffer+1","Cold Snap","Darkness","Ball Lightning"],"relics":["Cracked Core","Orichalcum","Shuriken","Inserter","Matryoshka","Tiny Chest","Potion Belt"],"potions_floor_usage":[5,7,16,18,24,28,31],"damage_taken":[{"damage":0,"enemies":"2 Louse","floor":1,"turns":3},{"damage":7,"enemies":"Jaw Worm","floor":2,"turns":3},{"damage":0,"enemies":"Cultist","floor":4,"turns":3},{"damage":25,"enemies":"Exordium Wildlife","floor":5,"turns":5},{"damage":20,"enemies":"3 Sentries","floor":7,"turns":6},{"damage":3,"enemies":"3 Louse","floor":8,"turns":3},{"damage":1,"enemies":"Blue Slaver","floor":12,"turns":5},{"damage":3,"enemies":"Large Slime","floor":14,"turns":5},{"damage":4,"enemies":"Hexaghost","floor":16,"turns":10},{"damage":2,"enemies":"Shell Parasite","floor":18,"turns":9},{"damage":27,"enemies":"3 Byrds","floor":24,"turns":4},{"damage":1,"enemies":"Sentry and Sphere","floor":25,"turns":8},{"damage":22,"enemies":"3 Cultists","floor":28,"turns":6},{"damage":0,"enemies":"Snecko","floor":29,"turns":7},{"damage":68,"enemies":"Gremlin Leader","floor":31,"turns":6}],"seed_played":"-1406785840097815045","potions_obtained":[{"floor":1,"key":"FocusPotion"},{"floor":4,"key":"Strength Potion"},{"floor":14,"key":"Weak Potion"},{"floor":16,"key":"Swift Potion"},{"floor":18,"key":"AttackPotion"},{"floor":25,"key":"LiquidBronze"},{"floor":29,"key":"Explosive Potion"}],"is_trial":false,"path_per_floor":["M","M","$","M","M","R","E","M","T","$","R","M","R","M","R","B",null,"M","?","$","?","$","R","M","M","T","?","M","M","R"],"character_chosen":"DEFECT","items_purchased":["Glacier","Ball Lightning"],"campfire_rested":3,"item_purchase_floors":[3,3],"current_hp_per_floor":[68,61,61,61,36,58,38,35,35,35,57,56,56,53,53,49,69,67,67,67,67,67,67,40,39,39,64,42,42,64,0],"gold":118,"neow_bonus":"HUNDRED_GOLD","is_prod":false,"is_daily":false,"chose_seed":false,"campfire_upgraded":3,"win_rate":0,"timestamp":1537404961,"path_taken":["M","M","$","M","M","R","E","M","T","$","R","M","R","M","R","BOSS","M","?","$","?","?","R","M","M","T","?","?","M","R","E"],"build_version":"2018-09-06","purchased_purges":3,"victory":false,"max_hp_per_floor":[75,75,75,75,75,75,75,75,75,75,75,75,75,75,75,75,75,75,75,75,75,75,75,75,75,75,75,75,75,75,75],"card_choices":[{"not_picked":["Aggregate","Gash"],"picked":"Cold Snap","floor":1},{"not_picked":["Go for the Eyes","Doom and Gloom"],"picked":"Defragment","floor":2},{"not_picked":["Leap","Undo","Coolheaded"],"picked":"SKIP","floor":4},{"not_picked":["Rebound","White Noise"],"picked":"Chaos","floor":5},{"not_picked":["Leap","Hologram"],"picked":"Capacitor","floor":7},{"not_picked":["Steam Power","Stack","Streamline"],"picked":"SKIP","floor":8},{"not_picked":["Auto Shields","Ball Lightning"],"picked":"Defragment","floor":12},{"not_picked":["Leap","Force Field","Go for the Eyes"],"picked":"SKIP","floor":14},{"not_picked":["Biased Cognition","Amplify"],"picked":"Buffer","floor":16},{"not_picked":["Streamline","Rebound"],"picked":"Cold Snap","floor":18},{"not_picked":["Hologram","Coolheaded"],"picked":"Darkness","floor":24},{"not_picked":["Darkness","Auto Shields+1"],"picked":"Ball Lightning","floor":28},{"not_picked":["Cold Snap","Beam Cell","Sunder"],"picked":"SKIP","floor":29}],"player_experience":436625,"relics_obtained":[{"floor":7,"key":"Orichalcum"},{"floor":9,"key":"Shuriken"},{"floor":26,"key":"Tiny Chest"},{"floor":26,"key":"Potion Belt"}],"event_choices":[{"event_name":"The Mausoleum","player_choice":"Yes","floor":19,"damage_taken":0},{"event_name":"Masked Bandits","player_choice":"Paid Fearfully","floor":21,"damage_taken":0},{"event_name":"The Library","player_choice":"Heal","floor":27,"damage_taken":0}],"is_beta":false,"boss_relics":[{"not_picked":["Eternal Feather","Nuclear Battery"],"picked":"Inserter"}],"items_purged_floors":[3,10,20],"is_endless":false,"potions_floor_spawned":[1,4,14,16,18,25,29],"killed_by":"Gremlin Leader","ascension_level":13}