{"gold_per_floor":[112,123,139,156,156,156,156,168,194,194,119,136,150,86,86,157,157,167,181,195,195,195],"floor_reached":22,"playtime":1789,"items_purged":["Strike_B"],"score":297,"play_id":"aa441f42-c8b4-4254-8423-104b7e80a104","local_time":"20180922045953","is_ascension_mode":true,"campfire_choices":[{"data":"Dualcast","floor":6,"key":"SMITH"},{"data":"Gash","floor":10,"key":"SMITH"},{"floor":15,"key":"REST"}],"neow_cost":"","seed_source_timestamp":575715259356764,"circlet_count":0,"master_deck":["Strike_B","Strike_B","Strike_B","Defend_B","Defend_B","Defend_B","Defend_B","Zap+1","Dualcast+1","AscendersBane","Auto Shields","Compile Driver","Gash+1","Compile Driver","Core Surge","BootSequence","Rip and Tear+1"],"relics":["Cracked Core","Lantern","Bronze Scales","Velvet Choker"],"potions_floor_usage":[4,8],"damage_taken":[{"damage":0,"enemies":"2 Louse","floor":1,"turns":1},{"damage":7,"enemies":"Jaw Worm","floor":2,"turns":3},{"damage":2,"enemies":"Small Slimes","floor":3,"turns":3},{"damage":0,"enemies":"Gremlin Gang","floor":4,"turns":5},{"damage":0,"enemies":"3 Louse","floor":8,"turns":2},{"damage":6,"enemies":"Lots of Slimes","floor":12,"turns":3},{"damage":13,"enemies":"Exordium Wildlife","floor":13,"turns":4},{"damage":55,"enemies":"The Guardian","floor":16,"turns":12},{"damage":2,"enemies":"Chosen","floor":18,"turns":4},{"damage":11,"enemies":"Spheric Guardian","floor":19,"turns":4},{"damage":31,"enemies":"Snake Plant","floor":20,"turns":4},{"damage":27,"enemies":"Snecko","floor":22,"turns":4}],"seed_played":"-9015209978167317544","potions_obtained":[{"floor":2,"key":"Fire Potion"},{"floor":4,"key":"Explosive Potion"}],"is_trial":false,"path_per_floor":["M","M","M","M","?","R","?","M","T","R","$","M","M","?","R","B",null,"M","M","M","?"],"character_chosen":"DEFECT","items_purchased":[],"campfire_rested":1,"item_purchase_floors":[],"current_hp_per_floor":[68,61,59,59,59,59,59,59,59,59,59,53,40,40,62,7,58,56,45,14,14,0],"gold":195,"neow_bonus":"","is_prod":false,"is_daily":false,"chose_seed":false,"campfire_upgraded":2,"win_rate":0,"timestamp":1537585193,"path_taken":["M","M","M","M","?","R","?","M","T","R","$","M","?","?","R","BOSS","M","M","?","?","M"],"build_version":"2018-09-20","purchased_purges":1,"victory":false,"max_hp_per_floor":[75,75,75,75,75,75,75,75,75,75,75,75,75,75,75,75,75,75,75,75,75,75],"card_choices":[{"not_picked":["Beam Cell","Redo","Go for the Eyes"],"picked":"SKIP","floor":1},{"not_picked":["Double Energy","Compile Driver"],"picked":"Auto Shields","floor":2},{"not_picked":["Barrage","Redo","Stack"],"picked":"SKIP","floor":3},{"not_picked":["Streamline","Genetic Algorithm"],"picked":"Compile Driver","floor":4},{"not_picked":["Cold Snap","Compile Driver"],"picked":"Gash","floor":8},{"not_picked":["Turbo","Biased Cognition"],"picked":"Compile Driver","floor":12},{"not_picked":["Barrage","Steam","Hologram"],"picked":"SKIP","floor":13},{"not_picked":["Creative AI","Amplify"],"picked":"Core Surge","floor":16},{"not_picked":["Compile Driver","Go for the Eyes"],"picked":"BootSequence","floor":18},{"not_picked":["Heatsinks+1","Beam Cell"],"picked":"Rip and Tear+1","floor":19},{"not_picked":["Rebound","Sunder","Heatsinks"],"picked":"SKIP","floor":20}],"player_experience":511906,"relics_obtained":[{"floor":9,"key":"Lantern"}],"event_choices":[{"event_name":"Living Wall","player_choice":"Grow","floor":5,"damage_taken":0},{"event_name":"Liars Game","player_choice":"disagreed","floor":7,"damage_taken":0},{"event_name":"WeMeetAgain","player_choice":"Gold","floor":14,"damage_taken":0},{"event_name":"Cursed Tome","player_choice":"Ignored","floor":21,"damage_taken":0}],"is_beta":false,"boss_relics":[{"not_picked":["Fusion Hammer","Snecko Eye"],"picked":"Velvet Choker"}],"items_purged_floors":[11],"is_endless":false,"potions_floor_spawned":[2,4],"killed_by":"Snecko","ascension_level":13}