{"gold_per_floor":[111,36,36,52,6,6,21,21,21,21,35,54,54,67,67,166,166,183,183,200,279,279,279,179,179,205,205,225,238,254,254,254,254],"floor_reached":33,"playtime":1189,"items_purged":["Strike_B","Strike_B"],"score":379,"play_id":"7eda092f-f3b7-4faf-a344-d99de8ea7fef","local_time":"20180919074116","is_ascension_mode":true,"campfire_choices":[{"data":"Zap","floor":6,"key":"SMITH"},{"data":"Conserve Battery","floor":8,"key":"SMITH"},{"data":"Reinforced Body","floor":10,"key":"SMITH"},{"data":"Streamline","floor":15,"key":"SMITH"},{"data":"Ball Lightning","floor":23,"key":"SMITH"},{"data":"Electrodynamics","floor":25,"key":"SMITH"},{"data":"Darkness","floor":27,"key":"SMITH"},{"floor":32,"key":"REST"}],"neow_cost":"NONE","seed_source_timestamp":326796350112324,"circlet_count":0,"master_deck":["Strike_B","Strike_B+1","Defend_B","Defend_B","Defend_B","Defend_B","Zap+1","Dualcast+1","AscendersBane","Reinforced Body+1","Streamline+1","Conserve Battery+1","Reinforced Body+1","Darkness+1","Ball Lightning+1","Electrodynamics+1","Doom and Gloom+1","Darkness+1","Sunder","Sunder"],"relics":["Cracked Core","Strawberry","Mercury Hourglass","Sozu","Nilry\u0027s Codex","Frozen Egg 2","Pen Nib"],"potions_floor_usage":[7,16,20],"damage_taken":[{"damage":0,"enemies":"2 Louse","floor":1,"turns":3},{"damage":0,"enemies":"Jaw Worm","floor":4,"turns":3},{"damage":0,"enemies":"Cultist","floor":7,"turns":3},{"damage":0,"enemies":"Blue Slaver","floor":11,"turns":3},{"damage":0,"enemies":"Large Slime","floor":12,"turns":4},{"damage":0,"enemies":"Exordium Wildlife","floor":14,"turns":4},{"damage":43,"enemies":"Hexaghost","floor":16,"turns":10},{"damage":0,"enemies":"Chosen","floor":18,"turns":3},{"damage":1,"enemies":"2 Thieves","floor":20,"turns":4},{"damage":0,"enemies":"Snecko","floor":28,"turns":3},{"damage":14,"enemies":"Cultist and Chosen","floor":29,"turns":4},{"damage":0,"enemies":"3 Cultists","floor":30,"turns":3},{"damage":22,"enemies":"Colosseum Slavers","floor":31,"turns":2},{"damage":62,"enemies":"Automaton","floor":33,"turns":6}],"seed_played":"2480180889719121511","potions_obtained":[{"floor":1,"key":"Weak Potion"},{"floor":4,"key":"Block Potion"},{"floor":16,"key":"SkillPotion"}],"is_trial":false,"path_per_floor":["M","$","?","M","$","R","M","R","T","R","M","M","?","M","R","B",null,"M","?","M","T","?","R","$","R","T","R","M","M","M","?","R"],"character_chosen":"DEFECT","items_purchased":["Conserve Battery"],"campfire_rested":1,"item_purchase_floors":[5],"current_hp_per_floor":[75,75,59,59,59,59,59,59,59,59,59,59,64,64,64,21,71,71,55,54,54,54,54,54,54,54,54,54,40,40,18,44,0],"gold":254,"neow_bonus":"RANDOM_COMMON_RELIC","is_prod":false,"is_daily":false,"chose_seed":false,"campfire_upgraded":7,"win_rate":0,"timestamp":1537335676,"path_taken":["M","$","?","M","$","R","M","R","T","R","M","M","?","M","R","BOSS","M","?","M","?","?","R","$","R","T","R","M","M","?","?","R","BOSS"],"build_version":"2018-09-06","purchased_purges":2,"victory":false,"max_hp_per_floor":[82,82,82,82,82,82,82,82,82,82,82,82,87,87,87,87,87,87,87,87,87,87,87,87,87,87,87,87,87,87,87,87,87],"card_choices":[{"not_picked":["Reprogram","Stack"],"picked":"Reinforced Body","floor":1},{"not_picked":["Melter","Leap"],"picked":"Streamline","floor":4},{"not_picked":["Conserve Battery","Leap","Fusion"],"picked":"SKIP","floor":7},{"not_picked":["Leap","Turbo"],"picked":"Reinforced Body","floor":11},{"not_picked":["Turbo","Coolheaded"],"picked":"Darkness","floor":12},{"not_picked":["Gash","Beam Cell"],"picked":"Ball Lightning","floor":14},{"not_picked":["Biased Cognition","Hyperbeam"],"picked":"Electrodynamics","floor":16},{"not_picked":["Self Repair","Heatsinks"],"picked":"Doom and Gloom+1","floor":18},{"not_picked":["Scrape","Leap"],"picked":"Darkness+1","floor":20},{"not_picked":["Streamline","Leap","Blizzard"],"picked":"SKIP","floor":28},{"not_picked":["Steam","Turbo+1"],"picked":"Sunder","floor":29},{"not_picked":["Turbo","Undo"],"picked":"Sunder","floor":30}],"player_experience":399533,"relics_obtained":[{"floor":9,"key":"Mercury Hourglass"},{"floor":19,"key":"Nilry\u0027s Codex"},{"floor":21,"key":"Frozen Egg 2"},{"floor":26,"key":"Pen Nib"}],"event_choices":[{"event_name":"Shining Light","player_choice":"Entered Light","floor":3,"damage_taken":0},{"event_name":"Big Fish","player_choice":"Donut","floor":13,"damage_taken":0},{"event_name":"Cursed Tome","player_choice":"Obtained Book","floor":19,"damage_taken":0},{"event_name":"Upgrade Shrine","player_choice":"Upgraded","floor":22,"damage_taken":0},{"event_name":"Colosseum","player_choice":"Fight","floor":31,"damage_taken":0},{"event_name":"Colosseum","player_choice":"Fled From Nobs","floor":31,"damage_taken":0}],"is_beta":false,"boss_relics":[{"not_picked":["Busted Crown","White Beast Statue"],"picked":"Sozu"}],"items_purged_floors":[2,24],"is_endless":false,"potions_floor_spawned":[1,4,16,28],"killed_by":"Automaton","ascension_level":12}