{"gold_per_floor":[119,219,230,243,261,293,293,318,343,358,373,407,407,407,407,507,507,520,540,559,570,495,495,522,537,589,589,589,608,621,648,648,745,745,760,860,870,585,596,596,614,614,689,689,689,536,536,571,571,571,571,571,13,44,44],"floor_reached":55,"playtime":4477,"items_purged":["Strike_G"],"score":1017,"play_id":"78f99c99-9c9f-4e1c-a77d-f48bbdc79877","local_time":"20190101223958","is_ascension_mode":true,"campfire_choices":[{"floor":7.0,"key":"REST"},{"floor":13.0,"key":"REST"},{"data":"Noxious Fumes","floor":15.0,"key":"SMITH"},{"floor":23,"key":"REST"},{"floor":27,"key":"REST"},{"floor":32,"key":"REST"},{"floor":40,"key":"REST"},{"floor":42,"key":"RECALL"},{"floor":44,"key":"REST"},{"data":"After Image","floor":49,"key":"SMITH"},{"floor":52,"key":"REST"}],"neow_cost":"NONE","seed_source_timestamp":0,"circlet_count":0,"master_deck":["Defend_G+1","Defend_G","Defend_G","Defend_G","Strike_G","Strike_G","Survivor+1","Neutralize","Skewer+1","Sucker Punch","Noxious Fumes+1","Backstab","After Image+1","Bane","Slice","Cloak And Dagger","Poisoned Stab+1","Finisher","A Thousand Cuts","Dagger Spray","Deflect","Acrobatics","Dash+1","Corpse Explosion","Well Laid Plans+1","Poisoned Stab+1","After Image","Cloak And Dagger","Terror","Calculated Gamble+1","Footwork","Backflip","Backstab","Footwork","Dash"],"special_seed":0,"relics":["Ring of the Serpent","Matryoshka","War Paint","PreservedInsect","Omamori","Sundial","Busted Crown","Lantern","Vajra","Whetstone","Strawberry","Peace Pipe","Boot","Paper Crane","Pen Nib","Incense Burner"],"potions_floor_usage":[19,20,20,24,33,37,48,50,54,54],"damage_taken":[{"damage":5.0,"enemies":"Small Slimes","floor":1.0,"turns":3.0},{"damage":0.0,"enemies":"Cultist","floor":3.0,"turns":4.0},{"damage":0.0,"enemies":"2 Louse","floor":4.0,"turns":2.0},{"damage":0.0,"enemies":"Large Slime","floor":5.0,"turns":5.0},{"damage":16.0,"enemies":"Gremlin Nob","floor":6.0,"turns":5.0},{"damage":29.0,"enemies":"3 Sentries","floor":8.0,"turns":10.0},{"damage":0.0,"enemies":"Lots of Slimes","floor":10.0,"turns":5.0},{"damage":11.0,"enemies":"Exordium Thugs","floor":11.0,"turns":5.0},{"damage":6.0,"enemies":"Lagavulin","floor":12.0,"turns":7.0},{"damage":5.0,"enemies":"The Guardian","floor":16.0,"turns":11.0},{"damage":13,"enemies":"3 Byrds","floor":18,"turns":4},{"damage":11,"enemies":"Shell Parasite","floor":19,"turns":5},{"damage":22,"enemies":"Snake Plant","floor":20,"turns":4},{"damage":5,"enemies":"Centurion and Healer","floor":21,"turns":6},{"damage":18,"enemies":"Gremlin Leader","floor":24,"turns":7},{"damage":3,"enemies":"Chosen and Byrds","floor":25,"turns":6},{"damage":3,"enemies":"Shelled Parasite and Fungi","floor":29,"turns":6},{"damage":23,"enemies":"Sentry and Sphere","floor":30,"turns":6},{"damage":48,"enemies":"Collector","floor":33,"turns":10},{"damage":16,"enemies":"3 Darklings","floor":35,"turns":4},{"damage":9,"enemies":"Mind Bloom Boss Battle","floor":36,"turns":7},{"damage":2,"enemies":"Orb Walker","floor":37,"turns":5},{"damage":21,"enemies":"Spire Growth","floor":39,"turns":5},{"damage":14,"enemies":"Maw","floor":41,"turns":7},{"damage":5,"enemies":"Giant Head","floor":48,"turns":7},{"damage":69,"enemies":"Time Eater","floor":50,"turns":14},{"damage":57,"enemies":"Shield and Spear","floor":54,"turns":5},{"damage":63,"enemies":"The Heart","floor":55,"turns":3}],"seed_played":"4123179175097711697","potions_obtained":[{"floor":3.0,"key":"Dexterity Potion"},{"floor":4.0,"key":"GhostInAJar"},{"floor":10.0,"key":"SkillPotion"},{"floor":12.0,"key":"Fire Potion"},{"floor":16.0,"key":"SkillPotion"},{"floor":18,"key":"SkillPotion"},{"floor":20,"key":"Fire Potion"},{"floor":24,"key":"Ancient Potion"},{"floor":28,"key":"SneckoOil"},{"floor":28,"key":"FearPotion"},{"floor":33,"key":"SneckoOil"},{"floor":35,"key":"GhostInAJar"},{"floor":36,"key":"Regen Potion"}],"is_trial":false,"path_per_floor":["M","?","M","M","M","E","R","E","T","M","M","E","R","?","R","B",null,"M","M","M","M","?","R","E","M","T","R","?","M","M","T","R","B",null,"M","?","M","$","M","R","M","R","T","R","?","$","?","E","R","B",null,"R","$","E","B"],"character_chosen":"THE_SILENT","items_purchased":["After Image","Cloak And Dagger","Footwork","Regen Potion","Backflip","Footwork","Paper Crane","Strength Potion","Pen Nib","SteroidPotion"],"campfire_rested":8,"item_purchase_floors":[38,38,46,46,46,53,53,53,53,53],"current_hp_per_floor":[65,65,65,65,65,49,72,43,43,43,32,26,49,49,49,44,69,56,45,23,18,18,41,23,20,20,43,43,40,17,24,49,1,63,47,38,48,48,27,52,38,38,38,63,63,63,63,73,73,4,64,84,84,27,0],"gold":44,"neow_bonus":"TEN_PERCENT_HP_BONUS","is_prod":false,"is_daily":false,"chose_seed":false,"campfire_upgraded":2,"win_rate":0,"timestamp":1546403998,"path_taken":["M","?","M","M","M","E","R","E","T","?","M","E","R","?","R","BOSS","M","M","M","M","?","R","E","M","T","R","?","M","?","?","R","BOSS","M","?","M","$","M","R","M","R","T","R","?","$","?","E","R","BOSS","R","$","E","BOSS"],"build_version":"2018-12-20","purchased_purges":1,"victory":false,"max_hp_per_floor":[77,77,77,77,77,77,77,77,77,77,77,77,77,77,77,77,77,77,77,77,77,77,77,77,77,77,77,77,77,77,84,84,84,84,84,84,84,84,84,84,84,84,84,84,84,84,84,84,84,84,84,84,84,84,84],"card_choices":[{"not_picked":["Deadly Poison","Prepared"],"picked":"Skewer","floor":1.0},{"not_picked":["Terror","Quick Slash"],"picked":"Sucker Punch","floor":3.0},{"not_picked":["Cloak And Dagger","All Out Attack"],"picked":"Noxious Fumes","floor":4.0},{"not_picked":["Predator","Blur"],"picked":"Backstab","floor":5.0},{"not_picked":["Malaise","Dodge and Roll"],"picked":"After Image","floor":6.0},{"not_picked":["Dagger Spray","Deflect"],"picked":"Bane","floor":8.0},{"not_picked":["Prepared","Heel Hook"],"picked":"Slice","floor":10.0},{"not_picked":["Dodge and Roll","Skewer"],"picked":"Cloak And Dagger","floor":11.0},{"not_picked":["Eviscerate","Endless Agony"],"picked":"Poisoned Stab","floor":12.0},{"not_picked":["Unload","Die Die Die"],"picked":"A Thousand Cuts","floor":16.0},{"not_picked":["Outmaneuver"],"picked":"SKIP","floor":18},{"not_picked":["Outmaneuver"],"picked":"SKIP","floor":19},{"not_picked":[],"picked":"Dagger Spray","floor":20},{"not_picked":["Heel Hook+1"],"picked":"SKIP","floor":21},{"not_picked":[],"picked":"Deflect","floor":24},{"not_picked":[],"picked":"Acrobatics","floor":25},{"not_picked":["Endless Agony"],"picked":"SKIP","floor":29},{"not_picked":[],"picked":"Dash+1","floor":30},{"not_picked":[],"picked":"Corpse Explosion","floor":33},{"not_picked":["Eviscerate+1"],"picked":"SKIP","floor":35},{"not_picked":[],"picked":"Well Laid Plans+1","floor":36},{"not_picked":[],"picked":"Poisoned Stab+1","floor":37},{"not_picked":[],"picked":"Terror","floor":39},{"not_picked":[],"picked":"Calculated Gamble+1","floor":41},{"not_picked":[],"picked":"Backstab","floor":48},{"not_picked":[],"picked":"Dash","floor":54}],"player_experience":362234,"relics_obtained":[{"floor":6.0,"key":"Matryoshka"},{"floor":8.0,"key":"War Paint"},{"floor":9.0,"key":"PreservedInsect"},{"floor":9.0,"key":"Omamori"},{"floor":12.0,"key":"Sundial"},{"floor":24,"key":"Lantern"},{"floor":26,"key":"Vajra"},{"floor":26,"key":"Whetstone"},{"floor":31,"key":"Strawberry"},{"floor":36,"key":"Peace Pipe"},{"floor":48,"key":"Boot"},{"floor":54,"key":"Incense Burner"}],"event_choices":[{"damage_healed":0.0,"max_hp_gain":0.0,"max_hp_loss":0.0,"gold_gain":100.0,"event_name":"Golden Shrine","player_choice":"Pray","floor":2.0,"gold_loss":0.0,"damage_taken":0.0},{"damage_healed":0.0,"max_hp_gain":0.0,"max_hp_loss":0.0,"gold_gain":0.0,"cards_transformed":["Strike_G"],"event_name":"Living Wall","player_choice":"Change","floor":14.0,"gold_loss":0.0,"damage_taken":0.0,"cards_obtained":["Finisher"]},{"cards_removed":["Strike_G"],"damage_healed":0,"gold_gain":0,"player_choice":"Gave Gold","damage_taken":0,"max_hp_gain":0,"max_hp_loss":0,"event_name":"Beggar","floor":22,"gold_loss":75},{"damage_healed":0,"gold_gain":0,"player_choice":"Got Potions","damage_taken":0,"max_hp_gain":0,"max_hp_loss":0,"event_name":"Lab","floor":28,"gold_loss":0},{"damage_healed":0,"gold_gain":0,"player_choice":"Fight","damage_taken":0,"max_hp_gain":0,"max_hp_loss":0,"event_name":"MindBloom","floor":36,"gold_loss":0},{"damage_healed":0,"gold_gain":0,"player_choice":"Ignored","damage_taken":0,"max_hp_gain":0,"max_hp_loss":0,"event_name":"Tomb of Lord Red Mask","floor":45,"gold_loss":0},{"cards_removed":["Defend_G"],"damage_healed":0,"gold_gain":0,"player_choice":"Removed Skill","damage_taken":0,"max_hp_gain":0,"max_hp_loss":0,"event_name":"Falling","floor":47,"gold_loss":0}],"is_beta":false,"boss_relics":[{"not_picked":["Black Star","Empty Cage"],"picked":"Busted Crown"},{"not_picked":["Tiny House","Runic Pyramid"],"picked":"Ring of the Serpent"}],"items_purged_floors":[38],"is_endless":false,"potions_floor_spawned":[3,4,10,12,16,18,20,24,33,35,36],"killed_by":"The Heart","ascension_level":6}