{"path_per_floor":["M","?","?","?","M","R","E","R","T","$","?","E","R","M","R","B",null,"M","?","?","M","M","R","M"],"character_chosen":"THE_SILENT","items_purchased":["Infinite Blades"],"gold_per_floor":[111,111,111,111,122,122,152,152,177,103,103,135,135,151,151,253,253,268,213,213,232,252,252,269],"floor_reached":25,"campfire_rested":0,"playtime":1683,"current_hp_per_floor":[70,70,70,70,70,70,46,46,46,46,46,38,38,37,37,27,70,52,52,52,50,36,36,35],"items_purged":[],"gold":269,"play_id":"0540263d-7f5f-49a1-82d0-2cb36a607325","is_prod":false,"is_daily":false,"is_ascension_mode":false,"campfire_upgraded":5,"path_taken":["M","?","?","?","M","R","E","R","T","?","?","E","R","M","R","BOSS","M","?","?","M","M","R","M","E"],"build_version":"2018-02-01-PROD3","purchased_purges":0,"victory":false,"master_deck":["Defend_G","Defend_G","Defend_G","Defend_G","Defend_G","Strike_G","Strike_G","Strike_G","Strike_G","Survivor+1","Neutralize+1","Sucker Punch+1","Night Terror+1","Predator","Blade Dance+1","Infinite Blades","Heel Hook","Unload","A Thousand Cuts+1","Dagger Spray+1","All Out Attack","Riddle With Holes+1","Envenom+1"],"max_hp_per_floor":[70,70,70,70,70,70,70,70,70,70,70,70,70,70,70,70,70,70,70,70,70,70,70,70],"relics":["Ring of the Snake","Orichalcum","Omamori","Unceasing Top","Frozen Egg 2","Black Star","Tiny Chest"],"card_choices":[{"not_picked":["Riddle With Holes","Acrobatics"],"picked":"Sucker Punch"},{"not_picked":["Slice","Choke"],"picked":"Predator"},{"not_picked":["Endless Agony","Dodge and Roll"],"picked":"Blade Dance"},{"not_picked":["Slice","Backflip"],"picked":"Heel Hook"},{"not_picked":["Riddle With Holes","Dash"],"picked":"Unload"},{"not_picked":["Night Terror","Glass Knife"],"picked":"A Thousand Cuts"},{"not_picked":["Catalyst","Dagger Throw"],"picked":"Dagger Spray"},{"not_picked":["Poisoned Stab","Deadly Poison"],"picked":"All Out Attack"},{"not_picked":["Heel Hook","Quick Slash"],"picked":"Riddle With Holes"},{"not_picked":["Dagger Spray","Dagger Throw"],"picked":"Envenom"}],"player_experience":68071,"potions_floor_usage":[5,12,16,22],"damage_taken":[{"damage":0,"enemies":"Small Slimes","floor":1,"turns":5},{"damage":0,"enemies":"Jaw Worm","floor":5,"turns":5},{"damage":24,"enemies":"Gremlin Nob","floor":7,"turns":5},{"damage":8,"enemies":"3 Sentries","floor":12,"turns":5},{"damage":1,"enemies":"Blue Slaver","floor":14,"turns":4},{"damage":10,"enemies":"Slime Boss","floor":16,"turns":12},{"damage":18,"enemies":"Spheric Guardian","floor":18,"turns":4},{"damage":2,"enemies":"3 Byrds","floor":21,"turns":3},{"damage":14,"enemies":"Snake Plant","floor":22,"turns":5},{"damage":1,"enemies":"Cultist and Chosen","floor":24,"turns":5},{"damage":37,"enemies":"Gremlin Leader","floor":25,"turns":5}],"event_choices":[{"event_name":"Liars Game","player_choice":"disagreed","floor":2,"damage_taken":0},{"event_name":"The Cleric","player_choice":"Leave","floor":3,"damage_taken":0},{"event_name":"Living Wall","player_choice":"Change","floor":4,"damage_taken":0},{"event_name":"Big Fish","player_choice":"Box","floor":11,"damage_taken":0},{"event_name":"Addict","player_choice":"Obtained Relic","floor":19,"damage_taken":0},{"event_name":"Drug Dealer","player_choice":"Ignored","floor":20,"damage_taken":0}],"boss_relics":[{"not_picked":["Orrery","Tiny House"],"picked":"Black Star"}],"potions_floor_spawned":[1,7,12,21],"seed_played":"520978241493755118","killed_by":"Gremlin Leader","ascension_level":0,"is_trial":false}