{"gold_per_floor":[117,117,132,132,5,5,0,18,44,44,44,68,68,87,87,217,217,237,261,5,5,21,21,21],"floor_reached":24,"playtime":1277,"items_purged":["Strike_B","Defend_B"],"score":242,"play_id":"5bbca9a9-046f-46b4-b609-36b5b6b1d1b0","local_time":"20180916030419","is_ascension_mode":true,"campfire_choices":[{"floor":6,"key":"REST"},{"floor":11,"key":"REST"},{"floor":13,"key":"REST"},{"floor":15,"key":"REST"},{"floor":23,"key":"REST"}],"neow_cost":"NONE","seed_source_timestamp":50887476695751,"circlet_count":0,"master_deck":["Strike_B","Strike_B","Defend_B","Defend_B","Zap","Dualcast","Defragment","Cold Snap","Sweeping Beam","Glacier","Loop","Rainbow","Redo+1"],"relics":["Art of War","Golden Idol","Pantograph","PreservedInsect","CultistMask","Empty Cage","DataDisk","Nloth\u0027s Gift"],"potions_floor_usage":[16,16,16,18,19,19],"damage_taken":[{"damage":10,"enemies":"Small Slimes","floor":1,"turns":3},{"damage":2,"enemies":"Jaw Worm","floor":3,"turns":3},{"damage":4,"enemies":"2 Louse","floor":8,"turns":3},{"damage":14,"enemies":"Large Slime","floor":12,"turns":7},{"damage":10,"enemies":"3 Louse","floor":14,"turns":4},{"damage":9,"enemies":"Slime Boss","floor":16,"turns":12},{"damage":3,"enemies":"Chosen","floor":18,"turns":8},{"damage":20,"enemies":"2 Thieves","floor":19,"turns":4},{"damage":21,"enemies":"Centurion and Healer","floor":22,"turns":8},{"damage":57,"enemies":"Slavers","floor":24,"turns":4}],"seed_played":"-4375294600478179340","potions_obtained":[{"floor":8,"key":"Poison Potion"},{"floor":14,"key":"EntropicBrew"},{"floor":18,"key":"EssenceOfSteel"}],"is_trial":false,"path_per_floor":["M","?","M","?","$","R","?","M","T","?","R","M","R","M","R","B",null,"M","M","$","?","M","R"],"character_chosen":"DEFECT","items_purchased":["Cold Snap","DataDisk"],"campfire_rested":5,"item_purchase_floors":[5,20],"current_hp_per_floor":[58,58,56,14,14,34,34,30,30,30,50,36,56,46,66,60,67,64,44,44,44,23,43,0],"gold":21,"neow_bonus":"RANDOM_COMMON_RELIC","is_prod":false,"is_daily":false,"chose_seed":false,"campfire_upgraded":0,"win_rate":0,"timestamp":1537059859,"path_taken":["M","?","M","?","$","R","?","M","T","?","R","M","R","M","R","BOSS","M","M","$","?","M","R","E"],"build_version":"2018-09-06","purchased_purges":2,"victory":false,"max_hp_per_floor":[75,69,69,69,69,69,69,69,69,69,69,69,69,69,69,69,69,69,69,69,69,69,69,69],"card_choices":[{"not_picked":["Conserve Battery","Gash"],"picked":"Defragment","floor":1},{"not_picked":["Stack","Sunder","Streamline"],"picked":"SKIP","floor":3},{"not_picked":["Gash","Ball Lightning"],"picked":"Sweeping Beam","floor":8},{"not_picked":["Gash","Compile Driver"],"picked":"Glacier","floor":12},{"not_picked":["FTL","Darkness"],"picked":"Loop","floor":14},{"not_picked":["Reboot","Creative AI"],"picked":"Rainbow","floor":16},{"not_picked":["Leap","Barrage"],"picked":"Redo+1","floor":18},{"not_picked":["Barrage+1","Aggregate+1","Gash"],"picked":"SKIP","floor":19},{"not_picked":["Steam Power","Compile Driver","Beam Cell"],"picked":"SKIP","floor":22}],"player_experience":215869,"relics_obtained":[{"floor":9,"key":"PreservedInsect"}],"event_choices":[{"event_name":"Golden Idol","player_choice":"Lose Max HP","floor":2,"damage_taken":0},{"event_name":"Scrap Ooze","player_choice":"success","floor":4,"damage_taken":42},{"event_name":"World of Goop","player_choice":"Left","floor":7,"damage_taken":0},{"event_name":"FaceTrader","player_choice":"Trade","floor":10,"damage_taken":0},{"event_name":"N\u0027loth","player_choice":"Traded a Cracked Core","floor":21,"damage_taken":0}],"is_beta":false,"boss_relics":[{"not_picked":["Busted Crown","Philosopher\u0027s Stone"],"picked":"Empty Cage"}],"items_purged_floors":[5,20],"is_endless":false,"potions_floor_spawned":[8,14,18],"killed_by":"Slavers","ascension_level":6}