{"gold_per_floor":[111,61,13,32,44,44,44,71,118,118,140,152,170,196,196,301,301,319,259,259,278,294,294,306,306,306,325,339,339,41,52,52,150,150,167,0,0,19,19],"floor_reached":39,"playtime":4582,"items_purged":["Strike_B"],"score":657,"play_id":"183d0325-2977-45eb-b4e7-dbdbb8bddbed","local_time":"20180918191041","is_ascension_mode":true,"campfire_choices":[{"floor":6,"key":"REST"},{"floor":10,"key":"REST"},{"floor":15,"key":"REST"},{"floor":23,"key":"REST"},{"floor":25,"key":"REST"},{"floor":29,"key":"REST"},{"floor":32,"key":"REST"}],"neow_cost":"NONE","seed_source_timestamp":278360685978294,"circlet_count":0,"master_deck":["Strike_B","Defend_B","Zap","Dualcast","AscendersBane","Reinforced Body","Gash","Defragment","Self Repair","Defragment","Glacier","Gash","Scrape","Electrodynamics","Reprogram","Gash","Gash+1","Defragment","Conserve Battery","Gash+1","Compile Driver+1","Trip","Loop+1"],"relics":["Cracked Core","Smiling Mask","Potion Belt","Odd Mushroom","Shuriken","Empty Cage","Orichalcum","Blood Vial","Busted Crown","Red Mask"],"potions_floor_usage":[1,8,12,19,21,22,28,33,39],"damage_taken":[{"damage":11,"enemies":"Small Slimes","floor":1,"turns":3},{"damage":2,"enemies":"Jaw Worm","floor":4,"turns":4},{"damage":6,"enemies":"Cultist","floor":5,"turns":4},{"damage":22,"enemies":"Lagavulin","floor":8,"turns":6},{"damage":34,"enemies":"The Mushroom Lair","floor":11,"turns":5},{"damage":6,"enemies":"2 Fungi Beasts","floor":12,"turns":4},{"damage":0,"enemies":"Looter","floor":13,"turns":4},{"damage":19,"enemies":"3 Sentries","floor":14,"turns":11},{"damage":63,"enemies":"Slime Boss","floor":16,"turns":17},{"damage":0,"enemies":"Chosen","floor":18,"turns":5},{"damage":23,"enemies":"2 Thieves","floor":19,"turns":3},{"damage":21,"enemies":"Cultist and Chosen","floor":21,"turns":7},{"damage":28,"enemies":"Sentry and Sphere","floor":22,"turns":4},{"damage":18,"enemies":"3 Cultists","floor":24,"turns":4},{"damage":27,"enemies":"Snake Plant","floor":27,"turns":5},{"damage":18,"enemies":"Snecko","floor":28,"turns":6},{"damage":9,"enemies":"Shelled Parasite and Fungi","floor":31,"turns":7},{"damage":19,"enemies":"Champ","floor":33,"turns":11},{"damage":22,"enemies":"Orb Walker","floor":35,"turns":4},{"damage":36,"enemies":"3 Shapes","floor":38,"turns":4},{"damage":51,"enemies":"Spire Growth","floor":39,"turns":4}],"seed_played":"-4350358843467250736","potions_obtained":[{"floor":1,"key":"Fruit Juice"},{"floor":5,"key":"Dexterity Potion"},{"floor":11,"key":"SkillPotion"},{"floor":14,"key":"SmokeBomb"},{"floor":18,"key":"Swift Potion"},{"floor":21,"key":"Explosive Potion"},{"floor":24,"key":"SteroidPotion"},{"floor":31,"key":"Block Potion"},{"floor":38,"key":"Explosive Potion"}],"is_trial":false,"path_per_floor":["M","?","$","M","M","R","$","E","T","R","?","M","M","E","R","B",null,"M","M","?","M","M","R","M","R","T","M","M","R","$","M","R","B",null,"M","?","?","M"],"character_chosen":"DEFECT","items_purchased":["Gash","Defragment","Conserve Battery","Blood Vial"],"campfire_rested":7,"item_purchase_floors":[3,30,30,30],"current_hp_per_floor":[62,62,62,60,54,78,78,63,63,80,53,54,61,49,73,17,64,71,48,48,34,13,37,26,50,50,30,19,43,43,43,67,50,73,60,60,60,33,0],"gold":19,"neow_bonus":"REMOVE_CARD","is_prod":false,"is_daily":false,"chose_seed":false,"campfire_upgraded":0,"win_rate":0,"timestamp":1537290641,"path_taken":["M","?","?","M","M","R","$","E","T","R","?","?","M","E","R","BOSS","M","M","?","?","M","R","M","R","T","M","M","R","?","?","R","BOSS","M","?","?","?","M"],"build_version":"2018-09-06","purchased_purges":1,"victory":false,"max_hp_per_floor":[80,80,80,80,80,80,80,80,80,80,80,80,80,80,80,80,80,80,80,80,80,80,80,80,80,80,80,80,80,80,80,80,80,80,80,80,80,80,80],"card_choices":[{"not_picked":["FTL","Cold Snap"],"picked":"Reinforced Body","floor":1},{"not_picked":["Reinforced Body","Stack"],"picked":"Defragment","floor":4},{"not_picked":["Leap","Auto Shields"],"picked":"Self Repair","floor":5},{"not_picked":["Beam Cell","Self Repair"],"picked":"Defragment","floor":8},{"not_picked":["Coolheaded","Compile Driver"],"picked":"Glacier","floor":12},{"not_picked":["Streamline","Compile Driver"],"picked":"Gash","floor":13},{"not_picked":["Conserve Battery","Turbo"],"picked":"Scrape","floor":14},{"not_picked":["Seek","Meteor Strike"],"picked":"Electrodynamics","floor":16},{"not_picked":["Cold Snap","Melter"],"picked":"Reprogram","floor":18},{"not_picked":["Beam Cell","Ball Lightning","Aggregate"],"picked":"SKIP","floor":21},{"not_picked":["Redo","Capacitor","Blizzard"],"picked":"SKIP","floor":22},{"not_picked":["Chaos","Sunder+1"],"picked":"Gash","floor":24},{"not_picked":["Barrage","Genetic Algorithm+1","Leap"],"picked":"SKIP","floor":27},{"not_picked":["Turbo","Stack+1"],"picked":"Gash+1","floor":28},{"not_picked":["Consume","Static Discharge"],"picked":"Gash+1","floor":31},{"not_picked":[],"picked":"Compile Driver+1","floor":35},{"not_picked":[],"picked":"Trip","floor":37},{"not_picked":[],"picked":"Loop+1","floor":38}],"player_experience":355707,"relics_obtained":[{"floor":8,"key":"Smiling Mask"},{"floor":9,"key":"Potion Belt"},{"floor":11,"key":"Odd Mushroom"},{"floor":14,"key":"Shuriken"},{"floor":26,"key":"Orichalcum"}],"event_choices":[{"event_name":"The Cleric","player_choice":"Card Removal","floor":2,"damage_taken":0},{"event_name":"Mushrooms","player_choice":"Fought Mushrooms","floor":11,"damage_taken":0},{"event_name":"Back to Basics","player_choice":"Elegance","floor":20,"damage_taken":0},{"event_name":"Tomb of Lord Red Mask","player_choice":"Paid","floor":36,"damage_taken":0},{"event_name":"SensoryStone","player_choice":"Memory 1","floor":37,"damage_taken":0}],"is_beta":false,"boss_relics":[{"not_picked":["Nuclear Battery","Runic Pyramid"],"picked":"Empty Cage"},{"not_picked":["FrozenCore","Philosopher\u0027s Stone"],"picked":"Busted Crown"}],"items_purged_floors":[30],"is_endless":false,"potions_floor_spawned":[1,5,11,14,18,21,24,31,38],"killed_by":"Spire Growth","ascension_level":12}