{"path_per_floor":["M","M","?","M","M","E","M","$","T","R","M","R","?","M","R","B",null,"M","?","?","M","M","E"],"character_chosen":"THE_SILENT","items_purchased":["Blood Vial"],"gold_per_floor":[115,133,133,148,165,191,206,60,130,130,142,142,165,180,180,285,315,303,303,303,322,340,369,369],"floor_reached":24,"campfire_rested":2,"playtime":2148,"current_hp_per_floor":[70,70,70,68,68,26,26,26,26,47,49,70,69,66,66,41,75,66,52,52,54,56,3,0],"items_purged":[],"gold":369,"score":220,"play_id":"7556d1a7-941b-44da-b019-a5e0d9309a1d","local_time":"20180413092151","is_prod":false,"is_daily":false,"chose_seed":false,"is_ascension_mode":false,"campfire_upgraded":1,"timestamp":1523607711,"path_taken":["M","M","?","M","M","E","M","$","T","R","M","R","?","M","R","BOSS","M","?","?","M","?","E","M"],"build_version":"2018-04-12","seed_source_timestamp":4574743780790,"purchased_purges":0,"victory":false,"master_deck":["Defend_G","Defend_G","Defend_G","Defend_G","Defend_G","Strike_G","Strike_G","Strike_G","Strike_G","Strike_G+1","Survivor","Neutralize","Backflip","Dagger Throw","Dodge and Roll+1","Leg Sweep","Flying Knee","Backstab","Well Laid Plans","Quick Slash","Slice","Adrenaline","Backflip","Quick Slash","Corpse Explosion","Bouncing Flask","Flying Knee","Dagger Throw","Underhanded Strike+1"],"max_hp_per_floor":[70,70,70,70,70,70,70,70,70,70,70,70,70,70,70,70,75,75,80,80,80,80,80,80],"relics":["White Beast Statue","Thread and Needle","Blood Vial","Pantograph","Odd Mushroom","Tiny House","Bag of Marbles"],"card_choices":[{"not_picked":["Bane","Blade Dance"],"picked":"Backflip","floor":1},{"not_picked":["Caltrops","Outmaneuver"],"picked":"Dagger Throw","floor":2},{"not_picked":["Dagger Spray","Flechettes"],"picked":"Dodge and Roll","floor":4},{"not_picked":["Acrobatics","Die Die Die"],"picked":"Leg Sweep","floor":5},{"not_picked":["Blade Dance","Bouncing Flask"],"picked":"Flying Knee","floor":6},{"not_picked":["Slice","Dodge and Roll"],"picked":"Backstab","floor":7},{"not_picked":["Outmaneuver","Terror"],"picked":"Well Laid Plans","floor":11},{"not_picked":["Caltrops","Outmaneuver"],"picked":"Quick Slash","floor":13},{"not_picked":["Calculated Gamble","Well Laid Plans"],"picked":"Slice","floor":14},{"not_picked":["Venomology","Bullet Time"],"picked":"Adrenaline","floor":16},{"not_picked":["Poisoned Stab","Sucker Punch"],"picked":"Backflip","floor":17},{"not_picked":["Footwork","Deadly Poison"],"picked":"Quick Slash","floor":18},{"not_picked":["Catalyst","Leg Sweep"],"picked":"Flying Knee","floor":21},{"not_picked":["Phantasmal Killer","PiercingWail"],"picked":"Dagger Throw","floor":22},{"not_picked":["Endless Agony","Sucker Punch"],"picked":"Underhanded Strike","floor":23}],"player_experience":49376,"potions_floor_usage":[6,6,13,16,16,18,18,22,22,23,23,24],"damage_taken":[{"damage":0,"enemies":"Small Slimes","floor":1,"turns":5},{"damage":0,"enemies":"Jaw Worm","floor":2,"turns":6},{"damage":2,"enemies":"2 Louse","floor":4,"turns":3},{"damage":0,"enemies":"Blue Slaver","floor":5,"turns":5},{"damage":51,"enemies":"Gremlin Nob","floor":6,"turns":8},{"damage":0,"enemies":"Red Slaver","floor":7,"turns":5},{"damage":0,"enemies":"Exordium Thugs","floor":11,"turns":5},{"damage":1,"enemies":"The Mushroom Lair","floor":13,"turns":5},{"damage":4,"enemies":"Exordium Wildlife","floor":14,"turns":4},{"damage":29,"enemies":"Hexaghost","floor":16,"turns":17},{"damage":9,"enemies":"2 Thieves","floor":18,"turns":4},{"damage":0,"enemies":"3 Byrds","floor":21,"turns":8},{"damage":0,"enemies":"Slaver and Parasite","floor":22,"turns":11},{"damage":55,"enemies":"Book of Stabbing","floor":23,"turns":8},{"damage":7,"enemies":"3 Cultists","floor":24,"turns":3}],"event_choices":[{"event_name":"Liars Game","player_choice":"disagreed","floor":3,"damage_taken":0},{"event_name":"Mushrooms","player_choice":"Fought Mushrooms","floor":13,"damage_taken":0},{"event_name":"Forgotten Altar","player_choice":"Shed Blood","floor":19,"damage_taken":0},{"event_name":"Match and Keep!","player_choice":"2 cards matched","floor":20,"damage_taken":0}],"boss_relics":[{"not_picked":["Orrery","Velvet Choker"],"picked":"Tiny House"}],"potions_floor_spawned":[1,2,4,5,6,7,11,13,14,16,18,21,22,23],"seed_played":"-1896499950572555273","killed_by":"3 Cultists","ascension_level":0,"is_trial":false}