{"gold_per_floor":[116,116,191,210,160,193,211,211,238,249,249,74,101,116,116,216,216,227,227,56,72,92,125,125,34,59,88,105,121,121,135,135,135,135,149,149,149,162,87,121,121,121],"floor_reached":42,"playtime":3549,"items_purged":["Amplify+1"],"score":525,"play_id":"adfd6d8e-8dd5-47d5-a97a-21ba79f31099","local_time":"20190301190425","is_ascension_mode":true,"campfire_choices":[{"data":"Zap","floor":8,"key":"SMITH"},{"data":"Coolheaded","floor":11,"key":"SMITH"},{"data":"Coolheaded","floor":15,"key":"SMITH"},{"floor":24,"key":"RECALL"},{"data":"Glacier","floor":30,"key":"SMITH"},{"data":"Defragment","floor":32,"key":"SMITH"},{"data":"Conserve Battery","floor":41,"key":"SMITH"}],"neow_cost":"NONE","seed_source_timestamp":33268879940917,"circlet_count":0,"master_deck":["Zap+1","Dualcast","Self Repair","Conserve Battery+1","Consume","Coolheaded+1","Coolheaded+1","Hello World","Sweeping Beam","Sweeping Beam","Glacier+1","Sunder","Ball Lightning","Go for the Eyes","Compile Driver","Conserve Battery","The Bomb","Blizzard","Streamline","Rebound","Madness+1","Defragment+1","Hologram+1","Rainbow+1","Core Surge","Aggregate+1","Force Field+1","Reboot+1","Double Energy+1","Stack+1","White Noise+1","Fusion+1","Madness+1","Madness+1","Undo+1","Aggregate+1"],"relics":["Cracked Core","Ancient Tea Set","Bag of Marbles","Bronze Scales","Nuclear Battery","Kunai","Toxic Egg 2","Bag of Preparation","Pandora\u0027s Box","NlothsMask","Cables"],"potions_floor_usage":[6,18,33],"damage_taken":[{"damage":11,"enemies":"Jaw Worm","floor":1,"turns":3},{"damage":7,"enemies":"2 Louse","floor":4,"turns":2},{"damage":20,"enemies":"3 Sentries","floor":6,"turns":9},{"damage":2,"enemies":"Cultist","floor":7,"turns":5},{"damage":2,"enemies":"Looter","floor":10,"turns":4},{"damage":8,"enemies":"Gremlin Nob","floor":13,"turns":3},{"damage":0,"enemies":"3 Louse","floor":14,"turns":1},{"damage":11,"enemies":"The Guardian","floor":16,"turns":11},{"damage":0,"enemies":"Spheric Guardian","floor":18,"turns":3},{"damage":3,"enemies":"Chosen","floor":21,"turns":4},{"damage":4,"enemies":"Snecko","floor":22,"turns":4},{"damage":23,"enemies":"Book of Stabbing","floor":23,"turns":7},{"damage":22,"enemies":"Slavers","floor":27,"turns":5},{"damage":0,"enemies":"Snake Plant","floor":28,"turns":4},{"damage":6,"enemies":"3 Cultists","floor":29,"turns":4},{"damage":12,"enemies":"Centurion and Healer","floor":31,"turns":3},{"damage":20,"enemies":"Collector","floor":33,"turns":12},{"damage":11,"enemies":"3 Shapes","floor":35,"turns":4},{"damage":4,"enemies":"Orb Walker","floor":38,"turns":2},{"damage":13,"enemies":"Nemesis","floor":40,"turns":11},{"damage":57,"enemies":"Transient","floor":42,"turns":5}],"seed_played":"393613159143645402","potions_obtained":[{"floor":1,"key":"PowerPotion"},{"floor":10,"key":"Block Potion"},{"floor":13,"key":"FocusPotion"},{"floor":28,"key":"PowerPotion"},{"floor":29,"key":"FocusPotion"},{"floor":38,"key":"SkillPotion"}],"is_trial":false,"path_per_floor":["M","?","?","M","$","E","M","R","T","M","R","$","E","M","R","B",null,"M","?","$","M","M","E","R","$","T","E","M","M","R","M","R","B",null,"M","?","?","M","$","E","R","M"],"character_chosen":"DEFECT","items_purchased":["Coolheaded","Glacier","Sunder","Ball Lightning","The Bomb","Madness+1"],"campfire_rested":0,"item_purchase_floors":[5,12,12,12,20,25],"current_hp_per_floor":[71,71,60,60,60,47,52,52,52,57,57,57,49,49,49,38,75,75,75,75,75,75,59,59,59,59,44,51,52,52,47,47,27,75,64,55,55,58,58,52,52,0],"gold":121,"neow_bonus":"THREE_CARDS","is_prod":false,"is_daily":false,"chose_seed":false,"campfire_upgraded":6,"win_rate":0,"timestamp":1551467065,"path_taken":["M","?","?","M","?","E","M","R","T","M","R","$","E","M","R","BOSS","M","?","$","?","M","E","R","$","T","E","M","M","R","M","R","BOSS","M","?","?","?","$","E","R","M"],"build_version":"2019-01-23","purchased_purges":1,"victory":false,"max_hp_per_floor":[75,75,75,75,75,75,75,75,75,75,75,75,75,75,75,75,75,75,75,75,75,75,75,75,75,75,75,75,75,75,75,75,75,75,75,75,75,75,75,75,75,75],"card_choices":[{"not_picked":["Rebound","Coolheaded"],"picked":"Self Repair","floor":0},{"not_picked":["Reinforced Body","Turbo"],"picked":"Conserve Battery","floor":1},{"not_picked":["Darkness","Cold Snap"],"picked":"Coolheaded","floor":4},{"not_picked":["Hologram","Leap"],"picked":"Hello World","floor":6},{"not_picked":["Rip and Tear","Beam Cell"],"picked":"Sweeping Beam","floor":7},{"not_picked":["Turbo","Genetic Algorithm"],"picked":"Sweeping Beam","floor":10},{"not_picked":["Stack","Sweeping Beam"],"picked":"Go for the Eyes","floor":13},{"not_picked":["Darkness","Stack"],"picked":"Compile Driver","floor":14},{"not_picked":["Streamline+1","Gash+1"],"picked":"Conserve Battery","floor":18},{"not_picked":["Darkness","Lockon+1"],"picked":"Blizzard","floor":21},{"not_picked":["Turbo+1","Scrape"],"picked":"Streamline","floor":22},{"not_picked":["Streamline","Tempest+1"],"picked":"Rebound","floor":23},{"not_picked":["Scrape+1","Redo+1"],"picked":"Defragment","floor":27},{"not_picked":["Gash+1","FTL"],"picked":"Hologram+1","floor":28},{"not_picked":["Barrage+1","Conserve Battery+1","Compile Driver"],"picked":"SKIP","floor":29},{"not_picked":["Go for the Eyes","Blizzard"],"picked":"Rainbow+1","floor":31},{"not_picked":["Biased Cognition","Thunder Strike"],"picked":"Core Surge","floor":33},{"not_picked":["Sweeping Beam+1","Streamline"],"picked":"Fusion+1","floor":35},{"not_picked":["Streamline+1","Conserve Battery+1"],"picked":"Undo+1","floor":38},{"not_picked":["Doom and Gloom+1","Gash+1"],"picked":"Aggregate+1","floor":40}],"player_experience":194468,"relics_obtained":[{"floor":6,"key":"Ancient Tea Set"},{"floor":9,"key":"Bag of Marbles"},{"floor":13,"key":"Bronze Scales"},{"floor":23,"key":"Toxic Egg 2"},{"floor":27,"key":"Bag of Preparation"},{"floor":40,"key":"Cables"}],"event_choices":[{"damage_healed":0,"gold_gain":0,"cards_transformed":["Strike_B"],"player_choice":"Change","damage_taken":0,"max_hp_gain":0,"max_hp_loss":0,"event_name":"Living Wall","floor":2,"gold_loss":0,"cards_obtained":["Consume"]},{"damage_healed":0,"gold_gain":75,"player_choice":"Gather Gold","damage_taken":11,"max_hp_gain":0,"max_hp_loss":0,"event_name":"World of Goop","floor":3,"gold_loss":0},{"damage_healed":0,"gold_gain":0,"player_choice":"Gave Potion","damage_taken":0,"relics_obtained":["Kunai"],"max_hp_gain":0,"max_hp_loss":0,"event_name":"WeMeetAgain","floor":19,"gold_loss":0},{"damage_healed":0,"gold_gain":0,"player_choice":"Embrace Madness","damage_taken":9,"max_hp_gain":0,"max_hp_loss":0,"event_name":"Winding Halls","floor":36,"gold_loss":0,"cards_obtained":["Madness","Madness"]},{"damage_healed":0,"gold_gain":0,"player_choice":"Trade","damage_taken":0,"relics_obtained":["NlothsMask"],"max_hp_gain":0,"max_hp_loss":0,"event_name":"FaceTrader","floor":37,"gold_loss":0}],"is_beta":false,"boss_relics":[{"not_picked":["Runic Pyramid","Calling Bell"],"picked":"Nuclear Battery"},{"not_picked":["Philosopher\u0027s Stone","Orrery"],"picked":"Pandora\u0027s Box"}],"items_purged_floors":[39],"is_endless":false,"potions_floor_spawned":[1,10,13,28,29,38],"killed_by":"Transient","ascension_level":1}