{"gold_per_floor":[109,209,55,75,85,85,96,96,96,114,131,157,171,171,171,245,245,259,273,20,33,33,33,45,95,95,95,109,34,34,51,51,51],"floor_reached":33,"playtime":7879,"items_purged":["Strike_B"],"score":439,"play_id":"dddabe04-37b6-4643-adb5-46ee067edfdf","local_time":"20180923132600","is_ascension_mode":true,"campfire_choices":[{"data":"Zap","floor":6,"key":"SMITH"},{"floor":8,"key":"REST"},{"floor":15,"key":"REST"},{"floor":23,"key":"REST"},{"floor":27,"key":"REST"},{"floor":32,"key":"REST"}],"neow_cost":"","seed_source_timestamp":686391622452994,"circlet_count":0,"master_deck":["Strike_B","Strike_B","Strike_B","Defend_B","Defend_B","Defend_B","Defend_B","Zap+1","Dualcast","AscendersBane","Conserve Battery","White Noise","Melter","Coolheaded","Consume","Ball Lightning","Parasite","Rainbow","Cold Snap","White Noise"],"relics":["Cracked Core","PreservedInsect","Bottled Lightning","Unceasing Top","Busted Crown","Cables","Molten Egg 2"],"potions_floor_usage":[12,16,19,24,31,33],"damage_taken":[{"damage":0,"enemies":"Cultist","floor":1,"turns":3},{"damage":5,"enemies":"Small Slimes","floor":4,"turns":4},{"damage":2,"enemies":"Jaw Worm","floor":5,"turns":4},{"damage":9,"enemies":"Blue Slaver","floor":7,"turns":3},{"damage":11,"enemies":"Gremlin Gang","floor":10,"turns":6},{"damage":12,"enemies":"2 Fungi Beasts","floor":11,"turns":3},{"damage":29,"enemies":"Gremlin Nob","floor":12,"turns":4},{"damage":19,"enemies":"Exordium Thugs","floor":13,"turns":4},{"damage":24,"enemies":"The Guardian","floor":16,"turns":12},{"damage":12,"enemies":"Spheric Guardian","floor":18,"turns":4},{"damage":9,"enemies":"Chosen","floor":19,"turns":5},{"damage":13,"enemies":"Shelled Parasite and Fungi","floor":21,"turns":6},{"damage":34,"enemies":"Snake Plant","floor":24,"turns":5},{"damage":28,"enemies":"3 Cultists","floor":28,"turns":6},{"damage":29,"enemies":"Centurion and Healer","floor":31,"turns":7},{"damage":72,"enemies":"Champ","floor":33,"turns":13}],"seed_played":"7348594901131303003","potions_obtained":[{"floor":7,"key":"Weak Potion"},{"floor":11,"key":"Dexterity Potion"},{"floor":13,"key":"Regen Potion"},{"floor":16,"key":"Energy Potion"},{"floor":21,"key":"Regen Potion"},{"floor":31,"key":"Strength Potion"}],"is_trial":false,"path_per_floor":["M","?","$","M","M","R","M","R","T","M","M","E","M","?","R","B",null,"M","M","$","M","?","R","M","?","T","R","M","$","?","M","R"],"character_chosen":"DEFECT","items_purchased":["PreservedInsect","Cables"],"campfire_rested":5,"item_purchase_floors":[3,20],"current_hp_per_floor":[64,64,64,59,57,57,55,71,71,60,48,26,7,24,45,36,62,50,41,41,28,28,49,29,29,29,50,22,22,71,42,63,0],"gold":51,"neow_bonus":"","is_prod":false,"is_daily":false,"chose_seed":false,"campfire_upgraded":1,"win_rate":0,"timestamp":1537701960,"path_taken":["M","?","$","M","M","R","M","R","T","M","?","E","M","?","R","BOSS","M","M","$","M","?","R","M","?","T","R","?","$","?","M","R","BOSS"],"build_version":"2018-09-20","purchased_purges":1,"victory":false,"max_hp_per_floor":[71,71,71,71,71,71,71,71,71,71,71,71,71,71,71,71,71,71,71,71,71,71,71,71,71,71,71,71,71,71,71,71,71],"card_choices":[{"not_picked":["Steam","Steam Power"],"picked":"Conserve Battery","floor":1},{"not_picked":["Streamline","FTL"],"picked":"White Noise","floor":4},{"not_picked":["Cold Snap","Leap"],"picked":"Melter","floor":5},{"not_picked":["Blizzard","Hello World"],"picked":"Coolheaded","floor":7},{"not_picked":["Cold Snap","Undo"],"picked":"Consume","floor":10},{"not_picked":["Go for the Eyes","Barrage"],"picked":"Ball Lightning","floor":11},{"not_picked":["Chill","Skim","Lockon"],"picked":"SKIP","floor":12},{"not_picked":["Barrage","Force Field","Steam"],"picked":"SKIP","floor":13},{"not_picked":["Seek","Meteor Strike"],"picked":"Rainbow","floor":16},{"not_picked":["Go for the Eyes"],"picked":"SKIP","floor":18},{"not_picked":["Turbo"],"picked":"SKIP","floor":19},{"not_picked":[],"picked":"Cold Snap","floor":21},{"not_picked":["Barrage"],"picked":"SKIP","floor":24},{"not_picked":["Sweeping Beam+1"],"picked":"SKIP","floor":28},{"not_picked":["Tempest"],"picked":"SKIP","floor":31}],"player_experience":560257,"relics_obtained":[{"floor":9,"key":"Bottled Lightning"},{"floor":12,"key":"Unceasing Top"},{"floor":26,"key":"Molten Egg 2"}],"event_choices":[{"event_name":"Wheel of Change","player_choice":"Gold","floor":2,"damage_taken":0},{"event_name":"Mushrooms","player_choice":"Healed and dodged fight","floor":14,"damage_taken":0},{"event_name":"Duplicator","player_choice":"One dupe","floor":22,"damage_taken":0},{"event_name":"Nest","player_choice":"Stole From Cult","floor":25,"damage_taken":0},{"event_name":"Wheel of Change","player_choice":"Full Heal","floor":30,"damage_taken":0}],"is_beta":false,"boss_relics":[{"not_picked":["Runic Dome","Snecko Eye"],"picked":"Busted Crown"}],"items_purged_floors":[29],"is_endless":false,"potions_floor_spawned":[7,11,13,16,18,21,31],"killed_by":"Champ","ascension_level":15}