{"path_per_floor":["M","M","?","M","M","R","E","M","T","?","M","E","$","M","R","B",null,"M","?","M","M","M","E","R","E","T","M","R","M","E","M","R","B",null,"M","?","?","?","M","E","R","M","T","E","$","M","M","?","R","B"],"character_chosen":"IRONCLAD","items_purchased":["Pommel Strike"],"gold_per_floor":[114,129,129,144,159,159,189,204,204,261,276,306,180,195,195,295,295,265,265,265,265,265,265,265,265,265,265,265,265,265,265,265,265,265,265,265,0,0,0,0,0,0,0,0,0,0,0,0,0,0],"floor_reached":51,"campfire_rested":1,"playtime":3437,"current_hp_per_floor":[80,80,85,85,80,80,56,58,58,63,69,65,65,71,71,77,85,85,69,75,81,69,59,59,49,49,48,78,84,86,95,95,104,108,111,111,111,115,117,110,110,107,107,108,108,112,115,98,98,73],"items_purged":["Strike_R"],"gold":0,"score":958,"play_id":"125c450c-c552-4039-a6f1-b3213d0732ca","local_time":"20180430191334","daily_mods":["Diverse","Time Dilation","Lethality"],"is_prod":false,"is_daily":true,"chose_seed":false,"is_ascension_mode":false,"campfire_upgraded":6,"timestamp":1525140814,"path_taken":["M","M","?","M","M","R","E","M","T","?","M","E","$","M","R","BOSS","M","?","?","M","M","E","R","E","T","M","R","M","E","M","R","BOSS","M","?","?","?","?","E","R","M","T","E","$","M","M","?","R","BOSS"],"build_version":"2018-04-28v2","seed_source_timestamp":0,"purchased_purges":1,"victory":true,"master_deck":["Strike_R","Strike_R","Strike_R","Strike_R","Defend_R","Defend_R","Defend_R","Bash+1","Ghostly Armor","Warcry","Metallicize","Metallicize","Headbutt","Iron Wave","Ghostly Armor","Thunderclap","Demon Form+1","Flex+1","Pommel Strike+1","Feed","Flex+1","Shrug It Off+1","Pommel Strike+1","Cleave","Shrug It Off+1","Pummel+1","Pummel+1","Heavy Blade+1","Feed","Pummel+1","Feed","Flex+1","Heavy Blade+1","Intimidate+1","Dropkick","Madness+1","Madness+1"],"max_hp_per_floor":[80,80,85,85,85,85,85,85,85,85,85,85,85,85,85,85,85,85,90,90,90,93,96,96,99,99,102,102,102,102,105,105,108,108,111,111,111,117,117,120,120,123,123,126,126,129,132,132,132,132],"relics":["Burning Blood","Prayer Wheel","Mummified Hand","Toxic Egg 2","Lantern","Ectoplasm","Orichalcum","Self Forming Clay","The Courier","Bag of Preparation","Sozu","Red Mask","Charon\u0027s Ashes","Pen Nib","Bottled Flame","Bronze Scales"],"card_choices":[{"not_picked":["Armaments","Cleave"],"picked":"Ghostly Armor","floor":1},{"not_picked":["Shockwave","Rampage"],"picked":"Warcry","floor":2},{"not_picked":["Body Slam","Hemokinesis"],"picked":"Metallicize","floor":4},{"not_picked":["Clothesline","Wild Strike"],"picked":"Metallicize","floor":5},{"not_picked":["Armaments","Wild Strike"],"picked":"Headbutt","floor":7},{"not_picked":["Wild Strike","Infernal Blade"],"picked":"Iron Wave","floor":8},{"not_picked":["Sword Boomerang","Iron Wave"],"picked":"Ghostly Armor","floor":9},{"not_picked":["Second Wind","Cleave"],"picked":"Thunderclap","floor":10},{"not_picked":["Whirlwind","Sword Boomerang"],"picked":"Demon Form","floor":11},{"not_picked":["Rampage","Corruption"],"picked":"Flex","floor":12},{"not_picked":["Fiend Fire","Dark Embrace"],"picked":"Feed","floor":16},{"not_picked":["Hemokinesis","Sentinel"],"picked":"Flex","floor":18},{"not_picked":["Entrench","Perfected Strike"],"picked":"Shrug It Off","floor":20},{"not_picked":["Bloodletting","Anger"],"picked":"Pommel Strike","floor":21},{"not_picked":["Disarm","Headbutt"],"picked":"Cleave","floor":22},{"not_picked":["Flex","Armaments"],"picked":"Shrug It Off","floor":23},{"not_picked":["Intimidate","Sword Boomerang"],"picked":"Pummel","floor":25},{"not_picked":["Havoc","Burning Pact"],"picked":"Pummel","floor":26},{"not_picked":["Armaments","Flex"],"picked":"Heavy Blade","floor":29},{"not_picked":["Warcry","Clash"],"picked":"Feed","floor":30},{"not_picked":["Perfected Strike","Wild Strike"],"picked":"Pummel","floor":31},{"not_picked":["Reaper","Berserk"],"picked":"Feed","floor":33},{"not_picked":["Sever Soul","Cleave"],"picked":"Flex","floor":35},{"not_picked":["Fire Breathing","Second Wind"],"picked":"Heavy Blade","floor":38},{"not_picked":["Dropkick","Shockwave"],"picked":"Intimidate","floor":42},{"not_picked":["Anger","Flex"],"picked":"Dropkick","floor":44}],"player_experience":248364,"potions_floor_usage":[18,20,25,25,42,50,50],"damage_taken":[{"damage":3,"enemies":"2 Louse","floor":1,"turns":2},{"damage":4,"enemies":"Jaw Worm","floor":2,"turns":4},{"damage":6,"enemies":"Small Slimes","floor":4,"turns":2},{"damage":11,"enemies":"Exordium Wildlife","floor":5,"turns":5},{"damage":30,"enemies":"Gremlin Nob","floor":7,"turns":5},{"damage":4,"enemies":"Blue Slaver","floor":8,"turns":4},{"damage":1,"enemies":"3 Sentries","floor":10,"turns":8},{"damage":0,"enemies":"Large Slime","floor":11,"turns":3},{"damage":10,"enemies":"Lagavulin","floor":12,"turns":7},{"damage":0,"enemies":"Red Slaver","floor":14,"turns":2},{"damage":0,"enemies":"Slime Boss","floor":16,"turns":4},{"damage":5,"enemies":"2 Thieves","floor":18,"turns":3},{"damage":0,"enemies":"Spheric Guardian","floor":20,"turns":3},{"damage":0,"enemies":"Centurion and Healer","floor":21,"turns":4},{"damage":21,"enemies":"Snake Plant","floor":22,"turns":3},{"damage":19,"enemies":"Book of Stabbing","floor":23,"turns":3},{"damage":19,"enemies":"Slavers","floor":25,"turns":4},{"damage":10,"enemies":"Slaver and Parasite","floor":27,"turns":2},{"damage":0,"enemies":"Sentry and Sphere","floor":29,"turns":2},{"damage":4,"enemies":"Book of Stabbing","floor":30,"turns":2},{"damage":0,"enemies":"Cultist and Chosen","floor":31,"turns":3},{"damage":0,"enemies":"Champ","floor":33,"turns":5},{"damage":0,"enemies":"Orb Walker","floor":35,"turns":1},{"damage":8,"enemies":"Mysterious Sphere","floor":38,"turns":2},{"damage":2,"enemies":"3 Darklings","floor":39,"turns":3},{"damage":16,"enemies":"Nemesis","floor":40,"turns":3},{"damage":12,"enemies":"Maw","floor":42,"turns":4},{"damage":8,"enemies":"2 Orb Walkers","floor":44,"turns":3},{"damage":5,"enemies":"Sphere and 2 Shapes","floor":46,"turns":2},{"damage":6,"enemies":"4 Shapes","floor":47,"turns":2},{"damage":46,"enemies":"Awakened One","floor":50,"turns":7}],"event_choices":[{"event_name":"Big Fish","player_choice":"Donut","floor":3,"damage_taken":0},{"event_name":"Dead Adventurer","player_choice":"Searched \u00272\u0027 times","floor":10,"damage_taken":0},{"event_name":"Forgotten Altar","player_choice":"Shed Blood","floor":19,"damage_taken":0},{"event_name":"Tomb of Lord Red Mask","player_choice":"Paid","floor":37,"damage_taken":0},{"event_name":"Mysterious Sphere","player_choice":"Fight","floor":38,"damage_taken":0},{"event_name":"Winding Halls","player_choice":"Embrace Madness","floor":48,"damage_taken":0}],"boss_relics":[{"not_picked":["Lizard Tail","Black Star"],"picked":"Ectoplasm"},{"not_picked":["Snecko Eye","Astrolabe"],"picked":"Sozu"}],"potions_floor_spawned":[4,7,8,10,11,18,20,22,30,33,40,46,47],"seed_played":"5608395613026536580","ascension_level":0,"is_trial":false}