{"gold_per_floor":[114,129,1,1,16,16,46,46,46,46,76,76,106,106,106,206,206,221,82,7,22,37,37,97,97,147,177,177,192,67,67,67,67],"floor_reached":33,"playtime":1574,"items_purged":["Endless Agony","Pain","Doubt"],"score":399,"play_id":"e1e39bbd-8155-4232-b114-a3d9c7fde63c","local_time":"20190124193158","daily_mods":["Draft","Red Cards","Binary"],"is_ascension_mode":false,"campfire_choices":[{"data":"Poisoned Stab","floor":6,"key":"SMITH"},{"data":"Poisoned Stab","floor":8,"key":"SMITH"},{"data":"Shockwave","floor":12,"key":"SMITH"},{"data":"Deadly Poison","floor":15,"key":"SMITH"},{"floor":23,"key":"REST"},{"data":"Malaise","floor":25,"key":"SMITH"},{"floor":28,"key":"REST"},{"data":"Noxious Fumes","floor":32,"key":"SMITH"}],"neow_cost":"","seed_source_timestamp":0,"circlet_count":0,"master_deck":["Poisoned Stab+1","Flying Knee","Prepared","Dodge and Roll","Shrug It Off","Metallicize+1","Sucker Punch","Dropkick","Dagger Spray","Deadly Poison+1","Shockwave+1","Iron Wave","Thunderclap","Dodge and Roll","Poisoned Stab+1","Malaise+1","Cloak And Dagger","Noxious Fumes+1","Dropkick","Iron Wave"],"special_seed":17921,"relics":["Ring of the Snake","Potion Belt","Mercury Hourglass","Snake Skull","Bottled Tornado","Calling Bell","Regal Pillow","Question Card","Calipers","Tiny Chest","Dream Catcher","Oddly Smooth Stone","MutagenicStrength"],"potions_floor_usage":[22,24,27,27],"damage_taken":[{"damage":0,"enemies":"Small Slimes","floor":1,"turns":1},{"damage":0,"enemies":"2 Louse","floor":2,"turns":2},{"damage":0,"enemies":"Cultist","floor":5,"turns":2},{"damage":0,"enemies":"Gremlin Nob","floor":7,"turns":3},{"damage":5,"enemies":"Lagavulin","floor":11,"turns":5},{"damage":9,"enemies":"3 Sentries","floor":13,"turns":4},{"damage":0,"enemies":"The Guardian","floor":16,"turns":7},{"damage":8,"enemies":"Chosen","floor":18,"turns":4},{"damage":14,"enemies":"2 Thieves","floor":21,"turns":4},{"damage":14,"enemies":"Sentry and Sphere","floor":22,"turns":4},{"damage":0,"enemies":"Book of Stabbing","floor":24,"turns":5},{"damage":34,"enemies":"Slavers","floor":27,"turns":4},{"damage":10,"enemies":"Cultist and Chosen","floor":29,"turns":4},{"damage":68,"enemies":"Champ","floor":33,"turns":8}],"seed_played":"-8504113597204793888","potions_obtained":[{"floor":11,"key":"LiquidBronze"},{"floor":13,"key":"SteroidPotion"},{"floor":18,"key":"EssenceOfSteel"},{"floor":21,"key":"Weak Potion"},{"floor":29,"key":"Strength Potion"}],"is_trial":false,"path_per_floor":["M","M","$","?","M","R","E","R","T","?","E","R","E","$","R","B",null,"M","$","?","M","M","R","E","R","T","E","R","M","$","?","R","B"],"character_chosen":"THE_SILENT","items_purchased":["Poisoned Stab","Noxious Fumes"],"campfire_rested":2,"item_purchase_floors":[3,19],"current_hp_per_floor":[70,70,70,70,70,70,70,70,70,70,65,65,56,56,56,56,70,62,62,62,48,34,70,70,70,70,36,70,60,60,60,60,0],"gold":67,"neow_bonus":"","is_prod":false,"is_daily":true,"chose_seed":false,"campfire_upgraded":6,"win_rate":0,"timestamp":1548387118,"path_taken":["M","M","$","?","M","R","E","R","T","?","E","R","E","$","R","BOSS","M","?","?","M","M","R","E","R","T","E","R","M","$","?","R","BOSS"],"build_version":"2019-01-23","purchased_purges":3,"victory":false,"max_hp_per_floor":[70,70,70,70,70,70,70,70,70,70,70,70,70,70,70,70,70,70,70,70,70,70,70,70,70,70,70,70,70,70,70,70,70],"card_choices":[{"not_picked":["Perfected Strike","True Grit"],"picked":"Poisoned Stab","floor":0},{"not_picked":["Footwork","Calculated Gamble"],"picked":"Flying Knee","floor":0},{"not_picked":["Rage","Evolve"],"picked":"Prepared","floor":0},{"not_picked":["Dagger Spray","Anger"],"picked":"Dodge and Roll","floor":0},{"not_picked":["Dodge and Roll","Headbutt"],"picked":"Shrug It Off","floor":0},{"not_picked":["Heavy Blade","PiercingWail"],"picked":"Endless Agony","floor":0},{"not_picked":["Havoc","Outmaneuver"],"picked":"Metallicize","floor":0},{"not_picked":["Body Slam","Backflip"],"picked":"Sucker Punch","floor":0},{"not_picked":["Underhanded Strike","Masterful Stab"],"picked":"Dropkick","floor":0},{"not_picked":["Combust","Dual Wield"],"picked":"Dagger Spray","floor":0},{"not_picked":["Endless Agony","Body Slam"],"picked":"Deadly Poison","floor":0},{"not_picked":["Blood for Blood","Quick Slash"],"picked":"Shockwave","floor":0},{"not_picked":["Body Slam","Setup"],"picked":"Prepared","floor":0},{"not_picked":["Endless Agony","Thunderclap"],"picked":"Iron Wave","floor":0},{"not_picked":["Intimidate","Clothesline"],"picked":"Thunderclap","floor":0},{"not_picked":["Entrench","Calculated Gamble"],"picked":"SKIP","floor":1},{"not_picked":["Bane"],"picked":"Dodge and Roll","floor":2},{"not_picked":["Combust","Power Through"],"picked":"SKIP","floor":5},{"not_picked":["Sucker Punch","Prepared"],"picked":"SKIP","floor":7},{"not_picked":["Warcry","Searing Blow"],"picked":"SKIP","floor":11},{"not_picked":["Body Slam","Bullet Time"],"picked":"SKIP","floor":13},{"not_picked":["Fiend Fire"],"picked":"Malaise","floor":16},{"not_picked":["Masterful Stab","All Out Attack"],"picked":"Cloak And Dagger","floor":18},{"not_picked":["Twin Strike","Deflect"],"picked":"Dropkick","floor":21},{"not_picked":["Tactician","Flex","Inflame+1"],"picked":"SKIP","floor":22},{"not_picked":["Sword Boomerang+1","Ghostly Armor"],"picked":"Iron Wave","floor":24},{"not_picked":["Tactician","Storm of Steel","Outmaneuver"],"picked":"SKIP","floor":27},{"not_picked":["Calculated Gamble","Headbutt","Whirlwind"],"picked":"SKIP","floor":29}],"player_experience":603799,"relics_obtained":[{"floor":7,"key":"Potion Belt"},{"floor":9,"key":"Mercury Hourglass"},{"floor":11,"key":"Snake Skull"},{"floor":13,"key":"Bottled Tornado"},{"floor":17,"key":"Regal Pillow"},{"floor":17,"key":"Question Card"},{"floor":17,"key":"Calipers"},{"floor":24,"key":"Tiny Chest"},{"floor":26,"key":"Dream Catcher"},{"floor":27,"key":"Oddly Smooth Stone"}],"event_choices":[{"damage_healed":0,"gold_gain":0,"player_choice":"Grow","damage_taken":0,"max_hp_gain":0,"max_hp_loss":0,"event_name":"Living Wall","floor":4,"gold_loss":0,"cards_upgraded":["Metallicize"]},{"cards_removed":["Prepared"],"damage_healed":5,"gold_gain":0,"player_choice":"Offered Common","damage_taken":0,"max_hp_gain":0,"max_hp_loss":0,"event_name":"Bonfire Elementals","floor":10,"gold_loss":0},{"cards_removed":["Prepared"],"damage_healed":5,"gold_gain":0,"player_choice":"Offered Special","damage_taken":0,"max_hp_gain":0,"max_hp_loss":0,"event_name":"Bonfire Elementals","floor":10,"gold_loss":0},{"cards_removed":["Doubt"],"damage_healed":0,"gold_gain":0,"player_choice":"Gave Gold","damage_taken":0,"max_hp_gain":0,"max_hp_loss":0,"event_name":"Beggar","floor":20,"gold_loss":75},{"damage_healed":0,"gold_gain":0,"player_choice":"Inject Mutagens","damage_taken":0,"relics_obtained":["MutagenicStrength"],"max_hp_gain":0,"max_hp_loss":0,"event_name":"Drug Dealer","floor":31,"gold_loss":0}],"is_beta":false,"boss_relics":[{"not_picked":["Fusion Hammer","Coffee Dripper"],"picked":"Calling Bell"}],"items_purged_floors":[3,19,30],"is_endless":false,"potions_floor_spawned":[11,13,18,21,29],"killed_by":"Champ","ascension_level":0}