{"path_per_floor":["M","?","M","T","M","R","M","R","T","M","?","E","M","$","R","B",null,"M","?","M","M","M","E","?","?","T","R","$","E","?","?","R","B",null,"M","?","T","?","?","E","R","?","T","M","M","R","$","E","R","B"],"character_chosen":"IRONCLAD","items_purchased":["Molten Egg 2"],"gold_per_floor":[114,114,129,184,199,199,214,214,264,279,354,384,399,149,149,249,249,249,249,249,249,249,249,249,249,249,249,249,249,249,249,249,249,249,249,249,249,249,249,249,249,249,249,249,249,249,249,249,249,249],"floor_reached":51,"campfire_rested":0,"playtime":2942,"current_hp_per_floor":[75,68,84,84,86,86,81,81,81,90,79,66,72,72,72,74,90,79,79,73,73,68,75,60,60,60,60,60,63,47,83,83,110,110,110,110,110,110,110,104,104,104,104,110,110,110,110,110,110,110],"items_purged":[],"gold":249,"score":1091,"play_id":"85956677-c973-46dd-86ad-e862fc60c1b5","local_time":"20180516221228","daily_mods":["Shiny","Time Dilation","Hoarder"],"is_prod":false,"is_daily":true,"chose_seed":false,"is_ascension_mode":false,"campfire_upgraded":8,"timestamp":1526533948,"path_taken":["M","?","M","?","M","R","M","R","T","M","?","E","?","?","R","BOSS","M","?","M","M","M","E","?","?","T","R","?","E","?","?","R","BOSS","M","?","?","?","?","E","R","?","T","M","M","R","$","E","R","BOSS"],"build_version":"2018-05-15","seed_source_timestamp":0,"purchased_purges":0,"victory":true,"master_deck":["Double Tap","Double Tap","Double Tap","Demon Form+1","Demon Form+1","Demon Form+1","Bludgeon","Bludgeon","Bludgeon","Feed","Feed","Feed","Limit Break","Limit Break","Limit Break","Barricade","Barricade","Barricade","Fiend Fire","Fiend Fire","Fiend Fire","Dark Embrace","Dark Embrace","Dark Embrace","Berserk","Berserk","Impervious","Impervious","Impervious","Juggernaut","Juggernaut","Juggernaut","Brutality","Brutality","Brutality","Reaper","Reaper","Reaper","Exhume","Exhume+1","Exhume","Offering","Offering","Offering","Immolate","Immolate","Immolate","Flex+1","Flex","Flex","Armaments+1","Armaments+1","Armaments+1","Wild Strike","Wild Strike","Wild Strike","Headbutt","Headbutt","Headbutt","Second Wind","Second Wind","Second Wind","Burning Pact","Burning Pact","Burning Pact","Pommel Strike+1","Pommel Strike+1","Pommel Strike+1","Metallicize","Metallicize","Metallicize","Shrug It Off+1","Shrug It Off+1","Shrug It Off+1","Burning Pact","Burning Pact","Burning Pact","Ghostly Armor","Ghostly Armor","Ghostly Armor","Blind+1","Blind+1","Blind","Immolate+1","Immolate+1","Immolate+1","Sword Boomerang+1","Sword Boomerang+1","Sword Boomerang+1","Pommel Strike+1","Pommel Strike+1","Pommel Strike+1","Rupture","Rupture","Rupture","Armaments+1","Armaments+1","Armaments+1"],"max_hp_per_floor":[80,80,86,86,86,86,86,86,86,90,90,90,90,90,90,90,90,101,101,101,107,107,107,107,107,107,107,107,110,110,110,110,110,110,110,110,110,110,110,110,110,110,110,110,110,110,110,110,110,110],"relics":["Burning Blood","Self Forming Clay","Tiny Chest","War Paint","Calipers","Molten Egg 2","Ectoplasm","Juzu Bracelet","Red Mask","Dream Catcher","Bottled Tornado","Anchor","Mark of Pain","Gremlin Horn","Thread and Needle","Ornamental Fan","Regal Pillow","Turnip"],"card_choices":[{"not_picked":["Corruption","Body Slam","Bloodletting"],"picked":"SKIP","floor":1},{"not_picked":["Clash","Havoc"],"picked":"Flex","floor":3},{"not_picked":["Perfected Strike","Intimidate"],"picked":"Armaments","floor":5},{"not_picked":["Corruption","Anger"],"picked":"Wild Strike","floor":7},{"not_picked":["Wild Strike","Flex"],"picked":"Headbutt","floor":10},{"not_picked":["Limit Break","Blood for Blood"],"picked":"Second Wind","floor":12},{"not_picked":["Searing Blow","Armaments"],"picked":"Burning Pact","floor":13},{"not_picked":["Bloodletting+1","Thunderclap+1"],"picked":"Pommel Strike+1","floor":18},{"not_picked":["Warcry+1","Clothesline+1"],"picked":"Metallicize","floor":20},{"not_picked":["Combust+1","Hemokinesis+1","Shockwave"],"picked":"SKIP","floor":21},{"not_picked":["Clothesline+1","Warcry"],"picked":"Shrug It Off+1","floor":22},{"not_picked":["Thunderclap+1","Hemokinesis+1"],"picked":"Burning Pact","floor":23},{"not_picked":["Flex","Shrug It Off"],"picked":"Ghostly Armor","floor":29},{"not_picked":["Berserk","Brutality"],"picked":"Immolate+1","floor":33},{"not_picked":["Seeing Red","Perfected Strike+1"],"picked":"Sword Boomerang+1","floor":35},{"not_picked":["Heavy Blade+1","Disarm+1"],"picked":"Pommel Strike+1","floor":39},{"not_picked":["Seeing Red","Power Through"],"picked":"Rupture","floor":40},{"not_picked":["Clash+1","Iron Wave+1","Fire Breathing+1"],"picked":"SKIP","floor":44},{"not_picked":["Clothesline+1","Dark Embrace"],"picked":"Armaments+1","floor":45},{"not_picked":["Shrug It Off","Seeing Red+1","Clash+1"],"picked":"SKIP","floor":48}],"player_experience":96265,"potions_floor_usage":[18,33,33,33,50],"damage_taken":[{"damage":11,"enemies":"Jaw Worm","floor":1,"turns":2},{"damage":4,"enemies":"2 Louse","floor":3,"turns":2},{"damage":11,"enemies":"Small Slimes","floor":5,"turns":4},{"damage":11,"enemies":"Exordium Wildlife","floor":7,"turns":3},{"damage":4,"enemies":"Lots of Slimes","floor":10,"turns":2},{"damage":30,"enemies":"3 Sentries","floor":12,"turns":5},{"damage":0,"enemies":"3 Louse","floor":13,"turns":4},{"damage":20,"enemies":"Slime Boss","floor":16,"turns":3},{"damage":28,"enemies":"3 Byrds","floor":18,"turns":5},{"damage":12,"enemies":"Spheric Guardian","floor":20,"turns":2},{"damage":12,"enemies":"3 Cultists","floor":21,"turns":4},{"damage":17,"enemies":"Snake Plant","floor":22,"turns":5},{"damage":8,"enemies":"Gremlin Leader","floor":23,"turns":4},{"damage":21,"enemies":"Masked Bandits","floor":24,"turns":4},{"damage":14,"enemies":"Slavers","floor":29,"turns":4},{"damage":28,"enemies":"Automaton","floor":33,"turns":8},{"damage":0,"enemies":"Orb Walker","floor":35,"turns":3},{"damage":0,"enemies":"Mysterious Sphere","floor":39,"turns":2},{"damage":12,"enemies":"2 Orb Walkers","floor":40,"turns":3},{"damage":0,"enemies":"3 Darklings","floor":44,"turns":2},{"damage":0,"enemies":"Flame Bruiser 2 Orb","floor":45,"turns":2},{"damage":10,"enemies":"Giant Head","floor":48,"turns":6},{"damage":49,"enemies":"Donu and Deca","floor":50,"turns":6}],"relics_obtained":[{"floor":4,"key":"Tiny Chest"},{"floor":9,"key":"War Paint"},{"floor":12,"key":"Calipers"},{"floor":23,"key":"Juzu Bracelet"},{"floor":24,"key":"Red Mask"},{"floor":26,"key":"Bottled Tornado"},{"floor":29,"key":"Anchor"},{"floor":37,"key":"Gremlin Horn"},{"floor":39,"key":"Thread and Needle"},{"floor":40,"key":"Ornamental Fan"},{"floor":43,"key":"Regal Pillow"},{"floor":48,"key":"Turnip"}],"event_choices":[{"event_name":"Scrap Ooze","player_choice":"success","floor":2,"damage_taken":7},{"event_name":"World of Goop","player_choice":"Gather Gold","floor":11,"damage_taken":0},{"event_name":"Golden Shrine","player_choice":"Desecrate","floor":19,"damage_taken":0},{"event_name":"Masked Bandits","player_choice":"Fought over 249 gold","floor":24,"damage_taken":0},{"event_name":"The Mausoleum","player_choice":"Yes","floor":25,"damage_taken":0},{"event_name":"Knowing Skull","player_choice":"CARD ","floor":30,"damage_taken":0},{"event_name":"The Library","player_choice":"Heal","floor":31,"damage_taken":0},{"event_name":"Fountain of Cleansing","player_choice":"Removed Curse","floor":36,"damage_taken":0},{"event_name":"Mysterious Sphere","player_choice":"Fight","floor":39,"damage_taken":0},{"event_name":"Tomb of Lord Red Mask","player_choice":"Wore Mask","floor":42,"damage_taken":0}],"boss_relics":[{"not_picked":["Astrolabe","Philosopher\u0027s Stone"],"picked":"Ectoplasm"},{"not_picked":["Black Star","Tiny House"],"picked":"Mark of Pain"}],"potions_floor_spawned":[1,12,13,18,20,22,29,35,39,45,48],"seed_played":"-8851493181465648625","ascension_level":0,"potions_obtained":[{"floor":1,"key":"Dexterity Potion"},{"floor":12,"key":"Poison Potion"},{"floor":13,"key":"Fruit Juice"},{"floor":18,"key":"Poison Potion"},{"floor":22,"key":"Poison Potion"},{"floor":35,"key":"PowerPotion"},{"floor":39,"key":"Explosive Potion"},{"floor":45,"key":"Fire Potion"}],"is_trial":false}