{"path_per_floor":["M","M","?","?","M","E","R","M","T","$","E","M","M","?","R"],"character_chosen":"DEFECT","items_purchased":["Conserve Battery","Capacitor"],"gold_per_floor":[109,125,125,90,105,140,140,160,239,70,103,122,136,136,136,136],"floor_reached":16,"campfire_rested":1,"playtime":866,"current_hp_per_floor":[75,69,51,69,63,40,40,37,37,37,15,5,7,7,29,0],"items_purged":["Defend_B"],"gold":136,"score":112,"play_id":"6e5e0a04-8de3-4fb3-b683-30d531ac0af8","local_time":"20180430163016","is_prod":false,"is_daily":false,"chose_seed":false,"is_ascension_mode":false,"campfire_upgraded":1,"timestamp":1525098616,"path_taken":["M","M","?","?","M","E","R","M","T","$","E","M","?","?","R","BOSS"],"build_version":"2018-04-27v3","seed_source_timestamp":0,"purchased_purges":1,"victory":false,"master_deck":["Strike_B","Strike_B","Strike_B","Strike_B","Defend_B","Defend_B","Defend_B","Zap+1","Dualcast","Fusion+1","Sweeping Beam","Undo","Static Discharge","Axe Kick","Leap","Conserve Battery+1","Capacitor","FTL","Axe Kick","FTL"],"max_hp_per_floor":[75,75,75,75,75,75,75,75,75,75,75,75,75,75,75,75],"relics":["Cracked Core","Bird Faced Urn","Vajra","Toxic Egg 2","Ancient Tea Set"],"card_choices":[{"not_picked":["Buffer","Coolheaded"],"picked":"Sweeping Beam","floor":1.0},{"not_picked":["Auto Shields","Cold Snap"],"picked":"Undo","floor":2.0},{"not_picked":["Impulse","Blizzard"],"picked":"Static Discharge","floor":5.0},{"not_picked":["Go for the Eyes","Hello World"],"picked":"Axe Kick","floor":6.0},{"not_picked":["Cold Snap","Coolheaded"],"picked":"Leap","floor":8.0},{"not_picked":["Impulse","Static Discharge"],"picked":"FTL","floor":11.0},{"not_picked":["Cold Snap","Streamline"],"picked":"Axe Kick","floor":12},{"not_picked":["Sweeping Beam","Streamline"],"picked":"FTL","floor":13}],"player_experience":8300,"potions_floor_usage":[16,16],"damage_taken":[{"damage":0.0,"enemies":"Small Slimes","floor":1.0,"turns":4.0},{"damage":6.0,"enemies":"Jaw Worm","floor":2.0,"turns":4.0},{"damage":6.0,"enemies":"Cultist","floor":5.0,"turns":4.0},{"damage":33.0,"enemies":"3 Sentries","floor":6.0,"turns":6.0},{"damage":5.0,"enemies":"Large Slime","floor":8.0,"turns":5.0},{"damage":26.0,"enemies":"Lagavulin","floor":11.0,"turns":7.0},{"damage":12.0,"enemies":"Blue Slaver","floor":12.0,"turns":3.0},{"damage":0,"enemies":"3 Louse","floor":13,"turns":4},{"damage":39,"enemies":"The Guardian","floor":16,"turns":7}],"event_choices":[{"event_name":"Scrap Ooze","player_choice":"success","floor":3.0,"damage_taken":18.0},{"event_name":"The Cleric","player_choice":"Healed","floor":4.0,"damage_taken":0.0},{"event_name":"Living Wall","player_choice":"Grow","floor":14,"damage_taken":0}],"boss_relics":[],"potions_floor_spawned":[1,5,8,13],"seed_played":"-927493371310601815","killed_by":"The Guardian","ascension_level":0,"is_trial":false}