{"path_per_floor":["M","M","?","M","$","R","E","R","T","M","M","T","R","E","R","B",null,"M","M","$","M","?","R"],"character_chosen":"THE_SILENT","items_purchased":["Noxious Fumes","War Paint"],"gold_per_floor":[110,123,123,139,28,28,59,59,59,72,86,134,134,163,163,267,267,278,293,45,62,62,62],"floor_reached":24,"campfire_rested":2,"playtime":1325,"current_hp_per_floor":[69,63,56,56,56,56,41,41,41,26,26,26,26,27,48,25,70,50,50,50,23,7,28],"items_purged":["Strike_G","Strike_G"],"gold":62,"score":227,"play_id":"0ccfb46c-779e-4193-8268-5c6d13f4d167","is_prod":false,"is_daily":false,"is_ascension_mode":true,"campfire_upgraded":3,"path_taken":["M","M","?","M","$","R","E","R","T","M","M","?","R","E","R","BOSS","M","M","$","M","?","R","E"],"build_version":"2018-02-12-PROD1","purchased_purges":2,"victory":false,"master_deck":["Defend_G","Defend_G","Defend_G","Defend_G+1","Survivor","Neutralize+1","Poisoned Stab","Poisoned Stab","Backflip+1","Noxious Fumes+1","Heel Hook","Phantasmal Killer+1","Flying Knee","Corpse Explosion","Deflect+1","Dagger Spray+1","Envenom+1","Bane","Deadly Poison","Dodge and Roll"],"max_hp_per_floor":[70,70,70,70,70,70,70,70,70,70,70,70,70,70,70,70,70,70,70,70,70,70,70],"relics":["Ring of the Snake","Anchor","Frozen Eye","Vajra","Lantern","Astrolabe","War Paint","Enchiridion"],"card_choices":[{"not_picked":["Quick Slash","Bane"],"picked":"Poisoned Stab"},{"not_picked":["Backflip","All Out Attack"],"picked":"Poisoned Stab"},{"not_picked":["Expertise","Reflex"],"picked":"Backflip"},{"not_picked":["Acrobatics","Dash"],"picked":"Heel Hook"},{"not_picked":["Poisoned Stab","Expertise"],"picked":"Phantasmal Killer"},{"not_picked":["Acrobatics","Deadly Poison"],"picked":"Flying Knee"},{"not_picked":["Tools of the Trade","A Thousand Cuts"],"picked":"Corpse Explosion"},{"not_picked":["Endless Agony","Riddle With Holes"],"picked":"Bane"},{"not_picked":["Flechettes","Quick Slash"],"picked":"Deadly Poison"},{"not_picked":["Reflex","Predator"],"picked":"Dodge and Roll"}],"player_experience":115976,"potions_floor_usage":[14,16,21,21],"damage_taken":[{"damage":1,"enemies":"Jaw Worm","floor":1,"turns":5},{"damage":6,"enemies":"Blue Slaver","floor":2,"turns":5},{"damage":0,"enemies":"Cultist","floor":4,"turns":3},{"damage":15,"enemies":"Lagavulin","floor":7,"turns":6},{"damage":15,"enemies":"Exordium Wildlife","floor":10,"turns":5},{"damage":0,"enemies":"Looter","floor":11,"turns":3},{"damage":11,"enemies":"3 Sentries","floor":14,"turns":5},{"damage":23,"enemies":"The Guardian","floor":16,"turns":8},{"damage":20,"enemies":"Shell Parasite","floor":18,"turns":4},{"damage":0,"enemies":"Chosen","floor":19,"turns":3},{"damage":27,"enemies":"Centurion and Healer","floor":21,"turns":5},{"damage":28,"enemies":"Book of Stabbing","floor":24,"turns":4}],"event_choices":[{"event_name":"Golden Wing","player_choice":"Card Removal","floor":3,"damage_taken":0},{"event_name":"Cursed Tome","player_choice":"Obtained Book","floor":22,"damage_taken":0}],"boss_relics":[{"not_picked":["Question Card","Eternal Feather"],"picked":"Astrolabe"}],"potions_floor_spawned":[7,11,18,19],"seed_played":"-1801914475660305769","killed_by":"Book of Stabbing","ascension_level":2,"is_trial":false}