{"path_per_floor":["M","M","?","T","M","E","R","E","T","$","E","?","T","M","R","B",null,"M","?","M","T","M","E","R","M","T","R","M","$","M","$","R","B",null,"M","?","M","$","M","R","?","M","T","M","M","R","$","M","R","B"],"character_chosen":"DEFECT","items_purchased":["Scrape","Madness+1","Regen Potion","All For One","Go for the Eyes","FTL"],"gold_per_floor":[111,130,130,208,228,253,253,286,312,56,81,81,81,99,99,200,200,213,128,141,166,176,207,207,217,243,243,256,4,18,18,18,118,118,129,129,142,42,53,53,0,10,37,56,76,76,42,57,57,57],"floor_reached":51,"campfire_rested":2,"playtime":3208,"item_purchase_floors":[10,10,10,29,29,47],"current_hp_per_floor":[73,69,74,74,74,46,46,18,18,18,25,25,39,39,39,15,83,69,69,64,64,51,26,72,71,71,71,66,66,59,59,59,44,91,91,81,81,81,77,77,77,77,77,77,77,106,106,106,106,97],"items_purged":["Strike_B","Strike_B"],"gold":57,"score":1121,"play_id":"458f2926-4613-4707-8a1d-04351d5613fd","local_time":"20180528112158","is_prod":false,"is_daily":false,"chose_seed":false,"is_ascension_mode":true,"campfire_upgraded":6,"win_rate":0,"timestamp":1527499318,"campfire_choices":[{"data":"Zap","floor":7,"key":"SMITH"},{"data":"Ball Lightning","floor":15,"key":"SMITH"},{"floor":24,"key":"REST"},{"data":"Machine Learning","floor":27,"key":"SMITH"},{"data":"Dualcast","floor":32,"key":"SMITH"},{"data":"Mind Blast","floor":40,"key":"SMITH"},{"floor":46,"key":"REST"},{"data":"FTL","floor":49,"key":"SMITH"}],"path_taken":["M","M","?","?","M","E","R","E","T","$","E","?","?","M","R","BOSS","M","?","M","?","M","E","R","M","T","R","M","$","M","$","R","BOSS","M","?","M","?","M","R","?","M","T","M","?","R","?","M","R","BOSS"],"build_version":"2018-05-25","seed_source_timestamp":93707844748353,"purchased_purges":2,"victory":true,"master_deck":["Defend_B","Defend_B","Defend_B","Zap+1","Dualcast+1","AscendersBane","Scrape","Undo","BootSequence","BootSequence","Ball Lightning+1","Scrape","Madness+1","Stack+1","Auto Shields+1","Machine Learning+1","Hologram+1","Rebound+1","Fusion+1","Steam+1","FTL+1","Gash","Hologram+1","Hologram+1","Melter","All For One","Go for the Eyes","Go for the Eyes","All For One","Mind Blast+1","Madness+1","Master of Strategy+1","Beam Cell+1","Stack+1","Hologram+1","Hologram+1","Beam Cell","FTL+1","Hologram+1"],"max_hp_per_floor":[80,80,85,85,85,85,85,85,85,85,92,92,106,106,106,106,106,106,106,106,106,106,106,106,106,106,106,106,106,106,106,106,106,106,106,106,106,106,106,106,106,106,106,106,106,106,106,106,106,106],"relics":["Cracked Core","Matryoshka","Bag of Preparation","Kunai","Toxic Egg 2","Dream Catcher","Strawberry","Oddly Smooth Stone","Mango","Astrolabe","Regal Pillow","Happy Flower","Bag of Marbles","Pen Nib","Runic Pyramid","Red Mask","Boot"],"card_choices":[{"not_picked":["Cold Snap","Steam"],"picked":"Scrape","floor":1},{"not_picked":["Compile Driver","Turbo"],"picked":"Undo","floor":2},{"not_picked":["Steam Power","Reinforced Body"],"picked":"BootSequence","floor":5},{"not_picked":["Coolheaded","Capacitor"],"picked":"BootSequence","floor":6},{"not_picked":["Storm","Streamline"],"picked":"Ball Lightning","floor":8},{"not_picked":["Undo+1","Scrape"],"picked":"Stack+1","floor":11},{"not_picked":["White Noise+1","Coolheaded+1"],"picked":"Auto Shields+1","floor":14},{"not_picked":["Rainbow+1","Meteor Strike"],"picked":"Machine Learning","floor":16},{"not_picked":["Chaos+1","Auto Shields+1","Rebound"],"picked":"SKIP","floor":18},{"not_picked":["Rebound+1","Coolheaded+1"],"picked":"Steam+1","floor":20},{"not_picked":["Turbo+1","Sweeping Beam"],"picked":"FTL+1","floor":22},{"not_picked":["Reinforced Body+1","Sweeping Beam"],"picked":"Gash","floor":23},{"not_picked":["Sweeping Beam","Turbo+1"],"picked":"Hologram+1","floor":24},{"not_picked":["Blizzard+1","Streamline"],"picked":"Hologram+1","floor":25},{"not_picked":["Coolheaded+1","Self Repair"],"picked":"Melter","floor":28},{"not_picked":["Glacier+1","Static Discharge"],"picked":"Go for the Eyes","floor":30},{"not_picked":["Echo Form","Thunder Strike"],"picked":"All For One","floor":33},{"not_picked":["Loop+1","Sweeping Beam+1","Darkness+1"],"picked":"SKIP","floor":35},{"not_picked":["Apotheosis","Good Instincts"],"picked":"Mind Blast","floor":36},{"not_picked":["Transmutation","Deep Breath"],"picked":"Madness","floor":36},{"not_picked":["Bandage Up","Good Instincts"],"picked":"Master of Strategy","floor":36},{"not_picked":["Hello World","Force Field+1"],"picked":"Beam Cell+1","floor":37},{"not_picked":["Doom and Gloom","Rebound+1"],"picked":"Stack+1","floor":39},{"not_picked":["Rebound+1","Coolheaded+1","Heatsinks+1"],"picked":"SKIP","floor":42},{"not_picked":["Sweeping Beam+1","Turbo+1"],"picked":"Hologram+1","floor":44},{"not_picked":["Compile Driver","Go for the Eyes+1"],"picked":"Hologram+1","floor":45},{"not_picked":["Defragment+1","Rebound"],"picked":"Beam Cell","floor":46},{"not_picked":["Stack+1","Chill+1"],"picked":"Hologram+1","floor":48}],"player_experience":127566,"potions_floor_usage":[1,6,8,11,11,16,16,23,33,33,50,50,50],"damage_taken":[{"damage":0,"enemies":"Small Slimes","floor":1,"turns":3},{"damage":4,"enemies":"Jaw Worm","floor":2,"turns":4},{"damage":0,"enemies":"2 Louse","floor":5,"turns":3},{"damage":28,"enemies":"Lagavulin","floor":6,"turns":7},{"damage":28,"enemies":"Gremlin Nob","floor":8,"turns":4},{"damage":15,"enemies":"Lagavulin","floor":11,"turns":6},{"damage":0,"enemies":"2 Fungi Beasts","floor":14,"turns":3},{"damage":24,"enemies":"Slime Boss","floor":16,"turns":11},{"damage":14,"enemies":"Chosen","floor":18,"turns":6},{"damage":5,"enemies":"Shell Parasite","floor":20,"turns":5},{"damage":13,"enemies":"Snake Plant","floor":22,"turns":5},{"damage":25,"enemies":"Book of Stabbing","floor":23,"turns":7},{"damage":1,"enemies":"3 Cultists","floor":25,"turns":6},{"damage":5,"enemies":"Centurion and Healer","floor":28,"turns":7},{"damage":7,"enemies":"Snecko","floor":30,"turns":3},{"damage":15,"enemies":"Automaton","floor":33,"turns":8},{"damage":0,"enemies":"Flame Bruiser 1 Orb","floor":35,"turns":6},{"damage":0,"enemies":"Orb Walker","floor":37,"turns":1},{"damage":4,"enemies":"Transient","floor":39,"turns":5},{"damage":0,"enemies":"Maw","floor":42,"turns":6},{"damage":0,"enemies":"3 Darklings","floor":44,"turns":5},{"damage":0,"enemies":"Spire Growth","floor":45,"turns":3},{"damage":0,"enemies":"Maw","floor":48,"turns":4},{"damage":9,"enemies":"Donu and Deca","floor":50,"turns":7}],"relics_obtained":[{"floor":4,"key":"Matryoshka"},{"floor":6,"key":"Bag of Preparation"},{"floor":8,"key":"Kunai"},{"floor":9,"key":"Toxic Egg 2"},{"floor":9,"key":"Dream Catcher"},{"floor":11,"key":"Strawberry"},{"floor":13,"key":"Oddly Smooth Stone"},{"floor":13,"key":"Mango"},{"floor":21,"key":"Happy Flower"},{"floor":23,"key":"Bag of Marbles"},{"floor":26,"key":"Pen Nib"},{"floor":43,"key":"Boot"}],"event_choices":[{"event_name":"Big Fish","player_choice":"Donut","floor":3,"damage_taken":0},{"event_name":"Golden Wing","player_choice":"Ignored","floor":12,"damage_taken":0},{"event_name":"Addict","player_choice":"Obtained Relic","floor":19,"damage_taken":0},{"event_name":"SensoryStone","player_choice":"Memory 3","floor":36,"damage_taken":0},{"event_name":"Tomb of Lord Red Mask","player_choice":"Paid","floor":41,"damage_taken":0}],"boss_relics":[{"not_picked":["Lizard Tail","Tiny House"],"picked":"Astrolabe"},{"not_picked":["Velvet Choker","Inserter"],"picked":"Runic Pyramid"}],"items_purged_floors":[29,38],"potions_floor_spawned":[6,11,14,16,18,22,30,33,35,37,44,48],"seed_played":"9151699876138579403","ascension_level":10,"potions_obtained":[{"floor":6,"key":"Poison Potion"},{"floor":11,"key":"EssenceOfSteel"},{"floor":14,"key":"SteroidPotion"},{"floor":16,"key":"PowerPotion"},{"floor":18,"key":"AttackPotion"},{"floor":22,"key":"Strength Potion"},{"floor":30,"key":"Dexterity Potion"},{"floor":33,"key":"Dexterity Potion"},{"floor":35,"key":"Block Potion"}],"is_trial":false}