{"gold_per_floor":[113,113,113,133,154,189,189,238,264,264,264,60,60,103,103,231,231,254,254,22,22,56,56,120,120,120,31,76,121,121,169,169,324,324,374,423,423,462,8,47,47,103,184,184,184,184,224,12,12,12],"floor_reached":51,"playtime":2341,"items_purged":["Strike_R","Shame","Defend_R","Cleave+1"],"score":1327,"play_id":"96edff4f-8a00-4803-904c-62e20b6bc294","local_time":"20181026203210","is_ascension_mode":true,"campfire_choices":[{"data":"Bash","floor":7,"key":"SMITH"},{"floor":11,"key":"REST"},{"data":"Uppercut","floor":13,"key":"SMITH"},{"data":"Iron Wave","floor":15,"key":"SMITH"},{"data":"HandOfGreed","floor":23,"key":"SMITH"},{"data":"Reaper","floor":25,"key":"SMITH"},{"data":"Headbutt","floor":30,"key":"SMITH"},{"floor":32,"key":"REST"},{"floor":41,"key":"REST"},{"data":"Bludgeon","floor":44,"key":"SMITH"},{"floor":46,"key":"REST"},{"data":"True Grit","floor":49,"key":"SMITH"}],"neow_cost":"NONE","seed_source_timestamp":4653593067640,"circlet_count":0,"master_deck":["Strike_R+1","Defend_R+1","Defend_R","Defend_R","Bash+1","AscendersBane","Iron Wave+1","Headbutt+1","Uppercut+1","Reaper+1","HandOfGreed+1","Necronomicurse","Whirlwind+1","Combust+1","Bludgeon+1","Rupture+1","Intimidate+1","Flame Barrier+1","True Grit+1","Master of Strategy"],"relics":["Burning Blood","Golden Idol","Smiling Mask","Dream Catcher","Regal Pillow","Bronze Scales","Darkstone Periapt","Runic Pyramid","Boot","Necronomicon","Lantern","Centennial Puzzle","Frozen Egg 2","Vajra","Astrolabe","Meat on the Bone","Ancient Tea Set","Bottled Lightning","Art of War","Blue Candle"],"potions_floor_usage":[6,18,24,33,40,40,50],"damage_taken":[{"damage":10,"enemies":"Small Slimes","floor":1,"turns":4},{"damage":2,"enemies":"Jaw Worm","floor":4,"turns":3},{"damage":1,"enemies":"Cultist","floor":5,"turns":3},{"damage":0,"enemies":"Lagavulin","floor":6,"turns":3},{"damage":6,"enemies":"Gremlin Nob","floor":14,"turns":3},{"damage":45,"enemies":"The Guardian","floor":16,"turns":11},{"damage":25,"enemies":"Spheric Guardian","floor":18,"turns":6},{"damage":11,"enemies":"Shell Parasite","floor":22,"turns":4},{"damage":23,"enemies":"Book of Stabbing","floor":24,"turns":4},{"damage":5,"enemies":"Chosen and Byrds","floor":28,"turns":3},{"damage":0,"enemies":"Snecko","floor":29,"turns":2},{"damage":74,"enemies":"Champ","floor":33,"turns":10},{"damage":4,"enemies":"Orb Walker","floor":35,"turns":2},{"damage":16,"enemies":"3 Shapes","floor":36,"turns":4},{"damage":53,"enemies":"Writhing Mass","floor":38,"turns":3},{"damage":66,"enemies":"Giant Head","floor":40,"turns":7},{"damage":48,"enemies":"Nemesis","floor":42,"turns":5},{"damage":53,"enemies":"4 Shapes","floor":47,"turns":4},{"damage":145,"enemies":"Time Eater","floor":50,"turns":7}],"seed_played":"1666776133453576304","potions_obtained":[{"floor":1,"key":"SteroidPotion"},{"floor":4,"key":"AttackPotion"},{"floor":5,"key":"PowerPotion"},{"floor":16,"key":"BloodPotion"},{"floor":28,"key":"EssenceOfSteel"},{"floor":29,"key":"Fire Potion"},{"floor":33,"key":"Explosive Potion"},{"floor":38,"key":"BloodPotion"},{"floor":47,"key":"Regen Potion"}],"is_trial":false,"path_per_floor":["M","?","?","M","M","E","R","T","T","?","R","$","R","E","R","B",null,"M","?","$","?","M","R","E","R","T","?","M","M","R","T","R","B",null,"M","M","?","M","$","E","R","E","T","R","?","R","M","$","R","B"],"character_chosen":"IRONCLAD","items_purchased":["Bronze Scales","HandOfGreed","Meat on the Bone","Ancient Tea Set","Master of Strategy"],"campfire_rested":4,"item_purchase_floors":[12,20,39,39,48],"current_hp_per_floor":[76,54,54,58,63,69,69,69,69,51,88,88,88,88,88,49,78,67,73,73,63,58,58,41,41,41,41,56,62,62,62,100,44,86,88,90,90,43,43,32,77,65,65,65,65,100,98,98,98,59],"gold":12,"neow_bonus":"TEN_PERCENT_HP_BONUS","is_prod":false,"is_daily":false,"chose_seed":false,"campfire_upgraded":8,"win_rate":0,"timestamp":1540578730,"path_taken":["M","?","?","M","M","E","R","?","T","?","R","$","R","E","R","BOSS","M","?","$","?","M","R","E","R","T","?","M","M","R","?","R","BOSS","M","M","?","M","$","E","R","E","T","R","?","R","M","$","R","BOSS"],"build_version":"2018-10-25v2","purchased_purges":4,"victory":true,"max_hp_per_floor":[88,88,88,88,88,88,88,88,88,88,88,88,88,88,88,88,88,88,94,94,100,100,100,100,100,100,100,100,100,100,100,100,100,100,100,100,100,100,100,100,100,100,100,100,100,100,100,100,100,100],"card_choices":[{"not_picked":["Second Wind","Flex"],"picked":"Clash","floor":1},{"not_picked":["Wild Strike","Flex"],"picked":"Iron Wave","floor":4},{"not_picked":["Wild Strike","Anger"],"picked":"Headbutt","floor":5},{"not_picked":["Blood for Blood","Flex","Sentinel"],"picked":"SKIP","floor":6},{"not_picked":["Pommel Strike","Anger"],"picked":"Uppercut","floor":11},{"not_picked":["Searing Blow","Twin Strike","Infernal Blade"],"picked":"SKIP","floor":14},{"not_picked":["Double Tap","Berserk"],"picked":"Reaper","floor":16},{"not_picked":["Sword Boomerang+1","Twin Strike","Clash+1"],"picked":"SKIP","floor":18},{"not_picked":["Intimidate","Pummel","Evolve+1"],"picked":"SKIP","floor":22},{"not_picked":["Wild Strike","Perfected Strike+1","Armaments"],"picked":"SKIP","floor":24},{"not_picked":["Anger","Uppercut"],"picked":"Whirlwind+1","floor":28},{"not_picked":["Twin Strike","Clothesline"],"picked":"Combust+1","floor":29},{"not_picked":["Double Tap","Dark Embrace+1"],"picked":"Bludgeon","floor":33},{"not_picked":["Thunderclap","Heavy Blade+1","Cleave"],"picked":"SKIP","floor":35},{"not_picked":["Twin Strike","Ghostly Armor","Armaments"],"picked":"SKIP","floor":36},{"not_picked":["Body Slam","Warcry+1","Searing Blow+1"],"picked":"SKIP","floor":38},{"not_picked":["Havoc","Headbutt+1","Perfected Strike+1"],"picked":"SKIP","floor":40},{"not_picked":["Immolate","Thunderclap"],"picked":"Flame Barrier+1","floor":42},{"not_picked":["Clothesline+1","Havoc"],"picked":"True Grit","floor":46},{"not_picked":["Perfected Strike+1","Clash","Dropkick"],"picked":"SKIP","floor":47}],"player_experience":267283,"relics_obtained":[{"floor":6,"key":"Smiling Mask"},{"floor":8,"key":"Dream Catcher"},{"floor":9,"key":"Regal Pillow"},{"floor":14,"key":"Darkstone Periapt"},{"floor":21,"key":"Necronomicon"},{"floor":24,"key":"Lantern"},{"floor":26,"key":"Centennial Puzzle"},{"floor":31,"key":"Vajra"},{"floor":40,"key":"Bottled Lightning"},{"floor":42,"key":"Art of War"},{"floor":43,"key":"Blue Candle"}],"event_choices":[{"damage_healed":0,"gold_gain":0,"player_choice":"Take Damage","damage_taken":22,"relics_obtained":["Golden Idol"],"max_hp_gain":0,"max_hp_loss":0,"event_name":"Golden Idol","floor":2,"gold_loss":0},{"cards_removed":["Strike_R"],"damage_healed":0,"gold_gain":0,"player_choice":"Purged","damage_taken":0,"max_hp_gain":0,"max_hp_loss":0,"event_name":"Purifier","floor":3,"gold_loss":0},{"damage_healed":0,"gold_gain":0,"player_choice":"Entered Light","damage_taken":18,"max_hp_gain":0,"max_hp_loss":0,"event_name":"Shining Light","floor":10,"gold_loss":0,"cards_upgraded":["Strike_R","Defend_R"]},{"damage_healed":0,"gold_gain":0,"player_choice":"Stole Relic","damage_taken":0,"relics_obtained":["Boot"],"max_hp_gain":0,"max_hp_loss":0,"event_name":"Addict","floor":19,"gold_loss":0,"cards_obtained":["Shame"]},{"damage_healed":0,"gold_gain":0,"player_choice":"Obtained Book","damage_taken":16,"max_hp_gain":0,"max_hp_loss":0,"event_name":"Cursed Tome","floor":21,"gold_loss":0},{"damage_healed":0,"gold_gain":0,"player_choice":"Paid Gold","damage_taken":0,"relics_obtained":["Frozen Egg 2"],"max_hp_gain":0,"max_hp_loss":0,"event_name":"WeMeetAgain","floor":27,"gold_loss":89},{"damage_healed":0,"gold_gain":0,"cards_transformed":["Entrench"],"player_choice":"Transformed","damage_taken":0,"max_hp_gain":0,"max_hp_loss":0,"event_name":"Transmorgrifier","floor":37,"gold_loss":0,"cards_obtained":["Intimidate"]},{"damage_healed":0,"gold_gain":0,"player_choice":"Upgraded","damage_taken":0,"max_hp_gain":0,"max_hp_loss":0,"event_name":"Upgrade Shrine","floor":45,"gold_loss":0,"cards_upgraded":["Intimidate"]}],"is_beta":true,"boss_relics":[{"not_picked":["Ectoplasm","Runic Cube"],"picked":"Runic Pyramid"},{"not_picked":["Pandora\u0027s Box","Black Blood"],"picked":"Astrolabe"}],"items_purged_floors":[12,20,39,48],"is_endless":false,"potions_floor_spawned":[1,4,5,16,28,29,33,38,47],"ascension_level":11}