{"path_per_floor":["M","M","M","$","M","R","E","M","T","R","?","R","M","M","R","B",null,"M","M","?","M","M","R","E","R","T","$","?","M","R"],"character_chosen":"IRONCLAD","items_purchased":["True Grit","Trip"],"gold_per_floor":[117,127,141,15,29,29,58,74,74,74,74,74,88,104,104,202,202,189,204,204,220,238,238,269,269,269,168,83,94,94,94],"floor_reached":31,"campfire_rested":3,"playtime":2239,"current_hp_per_floor":[80,80,80,80,70,70,55,47,47,47,44,68,68,73,73,64,80,69,75,75,58,52,52,26,50,50,50,50,14,38,0],"items_purged":["Writhe"],"gold":94,"score":311,"play_id":"4ba021ab-c77f-4e5d-aaf3-ee225df9d63c","local_time":"20180414154434","is_prod":false,"is_daily":false,"chose_seed":false,"is_ascension_mode":true,"campfire_upgraded":4,"timestamp":1523745874,"path_taken":["M","M","M","$","M","R","E","?","T","R","?","R","M","M","R","BOSS","M","M","?","M","M","R","E","R","T","$","?","?","R","E"],"build_version":"2018-04-12","seed_source_timestamp":537738923447994,"purchased_purges":1,"victory":false,"master_deck":["Strike_R","Strike_R","Strike_R","Strike_R","Strike_R","Defend_R","Defend_R","Defend_R","Defend_R","Bash","Barricade+1","Pommel Strike","Pommel Strike","Armaments+1","True Grit","Shrug It Off","True Grit","Entrench+1","Battle Trance","Anger+1","Exhume","Shrug It Off","Body Slam","Warcry","Trip"],"max_hp_per_floor":[80,80,80,80,80,80,80,80,80,80,80,80,80,80,80,80,80,80,80,80,80,80,80,80,80,80,80,80,80,80,80],"relics":["Burning Blood","Bronze Scales","Pantograph","Unceasing Top","Sozu","Prayer Wheel","Darkstone Periapt","Dodecahedron","Peace Pipe"],"card_choices":[{"not_picked":["Reaper","Bludgeon"],"picked":"Barricade","floor":0},{"not_picked":["Burning Pact","Heavy Blade"],"picked":"Pommel Strike","floor":1},{"not_picked":["Iron Wave","Headbutt"],"picked":"Pommel Strike","floor":2},{"not_picked":["Dropkick","Havoc"],"picked":"Armaments","floor":3},{"not_picked":["Warcry","Carnage"],"picked":"Shrug It Off","floor":5},{"not_picked":["Rupture","Exhume"],"picked":"True Grit","floor":7},{"not_picked":["Clothesline","Blood for Blood"],"picked":"Entrench","floor":8},{"not_picked":["Corruption","Shrug It Off"],"picked":"Battle Trance","floor":13},{"not_picked":["Body Slam","Headbutt"],"picked":"Anger","floor":14},{"not_picked":["Demon Form","Immolate"],"picked":"Exhume","floor":16},{"not_picked":["Reckless Charge","Sword Boomerang"],"picked":"Shrug It Off","floor":19},{"not_picked":["Armaments","Combust"],"picked":"Body Slam","floor":24},{"not_picked":["Corruption","Heavy Blade"],"picked":"Warcry","floor":26}],"player_experience":155009,"potions_floor_usage":[7,14,24,31],"damage_taken":[{"damage":1,"enemies":"Cultist","floor":1,"turns":4},{"damage":6,"enemies":"2 Louse","floor":2,"turns":3},{"damage":5,"enemies":"Small Slimes","floor":3,"turns":3},{"damage":16,"enemies":"3 Louse","floor":5,"turns":4},{"damage":21,"enemies":"Lagavulin","floor":7,"turns":8},{"damage":14,"enemies":"2 Fungi Beasts","floor":8,"turns":5},{"damage":6,"enemies":"Looter","floor":13,"turns":3},{"damage":1,"enemies":"Exordium Wildlife","floor":14,"turns":8},{"damage":22,"enemies":"The Guardian","floor":16,"turns":14},{"damage":17,"enemies":"2 Thieves","floor":18,"turns":4},{"damage":0,"enemies":"Spheric Guardian","floor":19,"turns":6},{"damage":23,"enemies":"Snake Plant","floor":21,"turns":6},{"damage":12,"enemies":"Sentry and Sphere","floor":22,"turns":10},{"damage":32,"enemies":"Slavers","floor":24,"turns":8},{"damage":42,"enemies":"Chosen and Byrds","floor":29,"turns":7},{"damage":39,"enemies":"Gremlin Leader","floor":31,"turns":7}],"event_choices":[{"event_name":"Scrap Ooze","player_choice":"success","floor":11,"damage_taken":3},{"event_name":"The Mausoleum","player_choice":"Yes","floor":20,"damage_taken":0},{"event_name":"Addict","player_choice":"Obtained Relic","floor":28,"damage_taken":0}],"boss_relics":[{"not_picked":["Tiny House","Mark of Pain"],"picked":"Sozu"}],"potions_floor_spawned":[1,5,8,14,16,18,21,24,29],"seed_played":"5699166823624030187","killed_by":"Gremlin Leader","ascension_level":4,"is_trial":false}