{"path_per_floor":["M","?","$","?","$","R","M","$","T","R","E","M","M","M","R","B",null,"M","$","M","M","?","R","M","R","T","$","R","E","?","M","R"],"character_chosen":"IRONCLAD","items_purchased":["Flex","Anger","Armaments","Rampage"],"gold_per_floor":[113,288,142,217,117,117,137,12,36,36,62,80,97,107,107,209,209,220,21,46,60,60,60,72,72,97,19,19,50,50,70,70],"floor_reached":33,"campfire_rested":3,"playtime":2576,"current_hp_per_floor":[80,80,80,69,69,69,75,75,75,75,64,67,73,74,74,37,80,61,61,40,31,31,61,36,68,68,68,76,18,18,11,45],"items_purged":["Doubt","Strike_R","Strike_R","Strike_R"],"gold":70,"play_id":"b019107d-82e9-4cda-9f87-0ce8a9c7b4b3","is_prod":false,"is_daily":false,"campfire_rituals":0,"campfire_upgraded":4,"is_hardmode":false,"path_taken":["M","?","$","?","?","R","M","$","T","R","E","M","M","M","R","BOSS","M","$","M","M","?","R","M","R","T","$","R","E","?","?","R","BOSS"],"build_version":"2017-12-21-PROD1","purchased_purges":4,"victory":false,"master_deck":["Strike_R","Defend_R","Defend_R","Defend_R","Defend_R","Bash","Disarm","Flex","Anger","Fire Breathing","Twin Strike","Rampage","Headbutt","Twin Strike","Demon Form","Battle Trance","Armaments","Sword Boomerang","Pommel Strike","Thunderclap","Pommel Strike","Twin Strike","Rampage","Headbutt","Headbutt"],"max_hp_per_floor":[80,80,80,80,80,80,80,80,80,80,80,80,80,80,80,80,80,80,80,80,80,80,80,80,80,80,80,80,80,80,80,80],"relics":["Burning Blood","Vajra","Dream Catcher","Eternal Feather","Orichalcum","Thread and Needle"],"campfire_meditates":0,"card_choices":[{"not_picked":["Thunderclap","Rage"],"picked":"Disarm"},{"not_picked":["True Grit","Clash"],"picked":"Fire Breathing"},{"not_picked":["Thunderclap","Berserk"],"picked":"Twin Strike"},{"not_picked":["Uppercut","Perfected Strike"],"picked":"Rampage"},{"not_picked":["Corruption","Rupture"],"picked":"Headbutt"},{"not_picked":["Bloodletting","Warcry"],"picked":"Twin Strike"},{"not_picked":["Berserk","Limit Break"],"picked":"Demon Form"},{"not_picked":["Shrug It Off","Anger"],"picked":"Battle Trance"},{"not_picked":["Cleave","Anger"],"picked":"Sword Boomerang"},{"not_picked":["Uppercut","Iron Wave"],"picked":"Pommel Strike"},{"not_picked":["Clash","Fire Breathing"],"picked":"Thunderclap"},{"not_picked":["Heavy Blade","Dark Embrace"],"picked":"Pommel Strike"},{"not_picked":["Warcry","Dual Wield"],"picked":"Twin Strike"},{"not_picked":["Reckless Charge","Hemokinesis"],"picked":"Headbutt"},{"not_picked":["Bloodletting","Shrug It Off"],"picked":"Headbutt"}],"player_experience":18895,"potions_floor_usage":[33,33,33],"damage_taken":[{"damage":4,"enemies":"Jaw Worm","floor":1,"turns":5},{"damage":0,"enemies":"Blue Slaver","floor":7,"turns":5},{"damage":17,"enemies":"Lagavulin","floor":11,"turns":5},{"damage":3,"enemies":"Looter","floor":12,"turns":3},{"damage":0,"enemies":"Large Slime","floor":13,"turns":3},{"damage":5,"enemies":"2 Fungi Beasts","floor":14,"turns":3},{"damage":43,"enemies":"Hexaghost","floor":16,"turns":7},{"damage":25,"enemies":"Spheric Guardian","floor":18,"turns":4},{"damage":27,"enemies":"2 Thieves","floor":20,"turns":5},{"damage":15,"enemies":"Snake Plant","floor":21,"turns":4},{"damage":31,"enemies":"3 Cultists","floor":24,"turns":6},{"damage":64,"enemies":"Slavers","floor":29,"turns":6},{"damage":13,"enemies":"Centurion and Healer","floor":31,"turns":6},{"damage":47,"enemies":"Automaton","floor":33,"turns":6}],"event_choices":[{"event_name":"Liars Game","player_choice":"agreed","floor":2,"damage_taken":0},{"event_name":"World of Goop","player_choice":"Gather Gold","floor":4,"damage_taken":0},{"event_name":"Drug Dealer","player_choice":"Ignored","floor":22,"damage_taken":0},{"event_name":"Addict","player_choice":"Ignored","floor":30,"damage_taken":0}],"boss_relics":[{"not_picked":["Runic Dome","Cursed Key"],"picked":"Eternal Feather"}],"potions_floor_spawned":[7,11,14,20,29],"seed_played":"5737818409418747344","killed_by":"Automaton","is_trial":false}