{"gold_per_floor":[114,129,129,129,144,174,189,189,189,204,234,234,77,107,107,207,207,207,126,126,126,126,126,126,126,126,126,126,126,126,126,126,126,126,126,126,126,126,126,126,126,126,126,0,0,0,0,0,0,0],"floor_reached":51,"playtime":2481,"items_purged":[],"score":966,"play_id":"af1eaf22-f13f-4b8a-9e8e-c2f4510a06d9","local_time":"20180814231839","daily_mods":["Brewmaster","Binary","Hoarder"],"is_ascension_mode":false,"campfire_choices":[{"data":"Venomology","floor":8,"key":"SMITH"},{"data":"Backstab","floor":12,"key":"SMITH"},{"data":"Backstab","floor":15,"key":"SMITH"},{"floor":27,"key":"REST"},{"floor":30,"key":"REST"},{"floor":32,"key":"REST"},{"floor":40,"key":"REST"},{"floor":49,"key":"REST"}],"neow_cost":"","seed_source_timestamp":0,"circlet_count":0,"master_deck":["Defend_G","Defend_G","Defend_G","Defend_G","Defend_G","Strike_G","Strike_G","Strike_G","Strike_G","Strike_G","Survivor","Neutralize","Venomology+1","Venomology+1","Venomology","Venomology","Venomology","Venomology","Venomology","Venomology","Venomology","Venomology","Venomology","Venomology","Venomology","Venomology","Venomology","Blur","Blur","Blur","Dagger Throw","Dagger Throw","Dagger Throw","Regret","Regret","Regret","Backstab+1","Backstab+1","Backstab","Flying Knee","Flying Knee","Flying Knee","Prepared","Prepared","Prepared","Dagger Spray","Dagger Spray","Dagger Spray","Infinite Blades","Infinite Blades","Infinite Blades","Sucker Punch","Sucker Punch","Sucker Punch","A Thousand Cuts","A Thousand Cuts","A Thousand Cuts","Accuracy","Accuracy","Accuracy","Terror","Terror","Terror","Envenom","Envenom","Envenom","Infinite Blades+1","Infinite Blades+1","Infinite Blades+1","Escape Plan","Escape Plan","Escape Plan","Sadistic Nature","Sadistic Nature","Sadistic Nature","Malaise","Malaise","Malaise","Cloak And Dagger+1","Cloak And Dagger+1","Cloak And Dagger+1"],"special_seed":17758,"relics":["Ring of the Snake","White Beast Statue","Mercury Hourglass","Boot","Omamori","Tough Bandages","Tiny Chest","Du-Vu Doll","Ectoplasm","Snake Skull","Singing Bowl","Bag of Marbles","Bottled Flame","Cursed Key","Dream Catcher","Gremlin Horn","Red Mask"],"potions_floor_usage":[1,1,1,2,2,2,2,2,2,2,2,2,2,5,5,6,6,6,6,6,6,6,6,6,6,10,10,10,11,11,11,11,11,11,14,14,14,16,16,16,16,16,16,16,16,22,22,22,22,23,23,23,25,25,33,33,33,33,33,33,33,33,35,37,38,38,38,39,39,39,39,41,42,42,45,45,45,47,47,47,47,50,50,50,50,50,50,50,50,50,50,50],"damage_taken":[{"damage":5,"enemies":"2 Louse","floor":1,"turns":4},{"damage":1,"enemies":"Cultist","floor":2,"turns":5},{"damage":3,"enemies":"Small Slimes","floor":5,"turns":3},{"damage":2,"enemies":"Lagavulin","floor":6,"turns":6},{"damage":0,"enemies":"Exordium Wildlife","floor":7,"turns":1},{"damage":0,"enemies":"Red Slaver","floor":10,"turns":1},{"damage":0,"enemies":"Gremlin Nob","floor":11,"turns":3},{"damage":0,"enemies":"3 Sentries","floor":14,"turns":5},{"damage":23,"enemies":"The Guardian","floor":16,"turns":7},{"damage":0,"enemies":"Spheric Guardian","floor":18,"turns":1},{"damage":0,"enemies":"2 Thieves","floor":21,"turns":1},{"damage":10,"enemies":"Snecko","floor":22,"turns":3},{"damage":0,"enemies":"Gremlin Leader","floor":23,"turns":3},{"damage":24,"enemies":"Book of Stabbing","floor":25,"turns":5},{"damage":4,"enemies":"Centurion and Healer","floor":28,"turns":2},{"damage":3,"enemies":"Chosen and Byrds","floor":31,"turns":2},{"damage":4,"enemies":"Champ","floor":33,"turns":5},{"damage":0,"enemies":"Flame Bruiser 1 Orb","floor":35,"turns":2},{"damage":0,"enemies":"3 Darklings","floor":37,"turns":2},{"damage":15,"enemies":"4 Shapes","floor":38,"turns":2},{"damage":2,"enemies":"Transient","floor":39,"turns":5},{"damage":0,"enemies":"Flame Bruiser 2 Orb","floor":41,"turns":2},{"damage":15,"enemies":"2 Orb Walkers","floor":42,"turns":3},{"damage":2,"enemies":"Maw","floor":45,"turns":4},{"damage":19,"enemies":"Spire Growth","floor":46,"turns":3},{"damage":1,"enemies":"4 Shapes","floor":47,"turns":3},{"damage":76,"enemies":"Awakened One","floor":50,"turns":6}],"seed_played":"-5253540401406908364","potions_obtained":[{"floor":1,"key":"Fruit Juice"},{"floor":2,"key":"Poison Potion"},{"floor":6,"key":"Block Potion"},{"floor":7,"key":"EssenceOfSteel"},{"floor":11,"key":"FearPotion"},{"floor":16,"key":"Fire Potion"},{"floor":18,"key":"PowerPotion"},{"floor":22,"key":"Fire Potion"},{"floor":23,"key":"Strength Potion"},{"floor":25,"key":"Poison Potion"},{"floor":28,"key":"GhostInAJar"},{"floor":31,"key":"Poison Potion"},{"floor":33,"key":"FearPotion"},{"floor":35,"key":"Ancient Potion"},{"floor":37,"key":"EssenceOfSteel"},{"floor":38,"key":"SteroidPotion"},{"floor":39,"key":"LiquidBronze"},{"floor":41,"key":"FearPotion"},{"floor":45,"key":"PowerPotion"},{"floor":46,"key":"Strength Potion"},{"floor":47,"key":"SpeedPotion"}],"is_trial":false,"path_per_floor":["M","M","?","?","M","E","M","R","T","M","E","R","$","E","R","B",null,"M","$","?","M","M","E","T","E","T","R","M","$","R","M","R","B",null,"M","?","M","M","M","R","M","E","T","?","M","M","M","$","R","B"],"character_chosen":"THE_SILENT","items_purchased":["Infinite Blades","Tiny Chest","Accuracy"],"campfire_rested":5,"item_purchase_floors":[13,13,19],"current_hp_per_floor":[65,69,69,69,66,64,64,64,64,64,69,69,69,69,69,61,75,75,75,61,61,51,51,51,29,29,53,49,49,73,70,82,80,84,86,86,88,75,75,92,94,79,79,79,79,60,61,61,92,16],"gold":0,"neow_bonus":"","is_prod":false,"is_daily":true,"chose_seed":false,"campfire_upgraded":3,"win_rate":0,"timestamp":1534313919,"path_taken":["M","M","?","?","?","E","M","R","T","M","E","R","$","E","R","BOSS","M","$","?","M","M","E","?","E","T","R","M","$","R","M","R","BOSS","M","?","M","M","M","R","M","E","T","?","M","M","?","?","R","BOSS"],"build_version":"2018-08-09","purchased_purges":0,"victory":true,"max_hp_per_floor":[70,75,75,75,75,75,75,75,75,75,75,75,75,75,75,75,75,75,75,80,80,80,80,80,82,82,82,82,82,82,82,82,84,84,86,86,88,90,92,92,94,94,94,94,96,96,98,98,100,100],"card_choices":[{"not_picked":["Endless Agony"],"picked":"Blur","floor":1},{"not_picked":["Blur"],"picked":"Dagger Throw","floor":2},{"not_picked":["Bouncing Flask"],"picked":"Backstab","floor":5},{"not_picked":["Dagger Spray"],"picked":"Flying Knee","floor":6},{"not_picked":["Slice"],"picked":"Prepared","floor":7},{"not_picked":["Distraction"],"picked":"Dagger Spray","floor":10},{"not_picked":["Dagger Spray","Poisoned Stab"],"picked":"SKIP","floor":11},{"not_picked":["Caltrops"],"picked":"Sucker Punch","floor":14},{"not_picked":["Bullet Time"],"picked":"A Thousand Cuts","floor":16},{"not_picked":["PiercingWail","Slice"],"picked":"SKIP","floor":18},{"not_picked":["Underhanded Strike","Acrobatics"],"picked":"SKIP","floor":21},{"not_picked":["Slice"],"picked":"Terror","floor":22},{"not_picked":["Flying Knee"],"picked":"Envenom","floor":23},{"not_picked":["Dodge and Roll","Predator+1"],"picked":"Singing Bowl","floor":25},{"not_picked":["Well Laid Plans+1"],"picked":"Infinite Blades+1","floor":28},{"not_picked":["Quick Slash"],"picked":"Escape Plan","floor":31},{"not_picked":["Wraith Form v2","Phantasmal Killer"],"picked":"Singing Bowl","floor":33},{"not_picked":["Expertise+1","Backflip+1"],"picked":"Singing Bowl","floor":35},{"not_picked":["Blind"],"picked":"Sadistic Nature","floor":36},{"not_picked":["Tactician+1","PiercingWail+1"],"picked":"Singing Bowl","floor":37},{"not_picked":["Poisoned Stab","Dagger Spray"],"picked":"Singing Bowl","floor":38},{"not_picked":["Dagger Throw+1","Dagger Spray+1"],"picked":"Singing Bowl","floor":39},{"not_picked":["Skewer","Finisher+1"],"picked":"Singing Bowl","floor":41},{"not_picked":["Dagger Spray"],"picked":"Malaise","floor":42},{"not_picked":["Quick Slash","PiercingWail+1"],"picked":"Singing Bowl","floor":45},{"not_picked":["Backstab"],"picked":"Cloak And Dagger+1","floor":46},{"not_picked":["Noxious Fumes","Flying Knee"],"picked":"Singing Bowl","floor":47},{"not_picked":["Tools of the Trade","Blade Dance"],"picked":"Singing Bowl","floor":49}],"player_experience":402435,"relics_obtained":[{"floor":6,"key":"Boot"},{"floor":9,"key":"Omamori"},{"floor":11,"key":"Tough Bandages"},{"floor":14,"key":"Du-Vu Doll"},{"floor":23,"key":"Snake Skull"},{"floor":24,"key":"Singing Bowl"},{"floor":25,"key":"Bag of Marbles"},{"floor":26,"key":"Bottled Flame"},{"floor":42,"key":"Dream Catcher"},{"floor":43,"key":"Gremlin Horn"}],"event_choices":[{"event_name":"Living Wall","player_choice":"Grow","floor":3,"damage_taken":0},{"event_name":"Big Fish","player_choice":"Box","floor":4,"damage_taken":0},{"event_name":"Forgotten Altar","player_choice":"Shed Blood","floor":20,"damage_taken":0},{"event_name":"SensoryStone","player_choice":"Memory 1","floor":36,"damage_taken":0},{"event_name":"Tomb of Lord Red Mask","player_choice":"Paid","floor":44,"damage_taken":0}],"is_beta":false,"boss_relics":[{"not_picked":["Philosopher\u0027s Stone","Pandora\u0027s Box"],"picked":"Ectoplasm"},{"not_picked":["Runic Dome","Velvet Choker"],"picked":"Cursed Key"}],"items_purged_floors":[],"is_endless":false,"potions_floor_spawned":[1,2,5,6,7,10,11,14,16,18,21,22,23,25,28,31,33,35,37,38,39,41,42,45,46,47],"ascension_level":0}