{"gold_per_floor":[110,5,5,0,24,67,67,86,86,99,99,49,68,68,68,68],"floor_reached":16,"playtime":379,"items_purged":[],"score":110,"play_id":"3a89213c-e5b0-40c2-a1e3-21e0f21857b9","local_time":"20190122233334","is_ascension_mode":true,"campfire_choices":[{"data":"Gash","floor":7,"key":"SMITH"},{"data":"Gash","floor":11,"key":"SMITH"},{"data":"Scrape","floor":15,"key":"SMITH"}],"neow_cost":"NONE","seed_source_timestamp":5759235156835,"circlet_count":0,"master_deck":["Strike_B","Strike_B","Strike_B","Strike_B","Defend_B","Defend_B","Defend_B","Defend_B","Zap","Dualcast","Scrape+1","Gash+1","BootSequence","Gash+1","Beam Cell","Go for the Eyes"],"relics":["Coffee Dripper","Golden Idol","Dodecahedron"],"potions_floor_usage":[13],"damage_taken":[{"damage":5,"enemies":"Cultist","floor":1,"turns":4},{"damage":2,"enemies":"Small Slimes","floor":5,"turns":4},{"damage":34,"enemies":"3 Sentries","floor":6,"turns":8},{"damage":0,"enemies":"2 Louse","floor":8,"turns":2},{"damage":0,"enemies":"2 Fungi Beasts","floor":10,"turns":3},{"damage":15,"enemies":"Large Slime","floor":13,"turns":4},{"damage":41,"enemies":"Slime Boss","floor":16,"turns":6}],"seed_played":"-8689487522920705142","potions_obtained":[{"floor":6,"key":"Energy Potion"},{"floor":10,"key":"Regen Potion"}],"is_trial":false,"path_per_floor":["M","$","?","?","M","E","R","M","T","M","R","?","M","?","R","B"],"character_chosen":"DEFECT","items_purchased":["Gash","BootSequence"],"campfire_rested":0,"item_purchase_floors":[2,2],"current_hp_per_floor":[70,70,70,70,68,34,34,34,34,34,34,34,31,31,31,0],"gold":68,"neow_bonus":"BOSS_RELIC","is_prod":false,"is_daily":false,"chose_seed":false,"campfire_upgraded":3,"win_rate":0,"timestamp":1548218014,"path_taken":["M","$","?","?","M","E","R","M","T","M","R","?","M","?","R","BOSS"],"build_version":"2019-01-17v2","purchased_purges":0,"victory":false,"max_hp_per_floor":[75,75,75,75,75,75,75,75,75,75,75,75,75,75,75,75],"card_choices":[{"not_picked":["Stack","Steam"],"picked":"Scrape","floor":1},{"not_picked":["Heatsinks","Beam Cell"],"picked":"Gash","floor":5},{"not_picked":["Turbo","Ball Lightning","Force Field"],"picked":"SKIP","floor":6},{"not_picked":["Stack","Double Energy"],"picked":"Beam Cell","floor":8},{"not_picked":["Rebound","Sunder","Doom and Gloom"],"picked":"SKIP","floor":10},{"not_picked":["Ball Lightning","Recycle"],"picked":"Go for the Eyes","floor":13}],"player_experience":573067,"relics_obtained":[{"floor":6,"key":"Dodecahedron"}],"event_choices":[{"damage_healed":0,"gold_gain":0,"player_choice":"Take Wound","damage_taken":0,"relics_obtained":["Golden Idol"],"max_hp_gain":0,"max_hp_loss":0,"event_name":"Golden Idol","floor":3,"gold_loss":0,"cards_obtained":["Injury"]},{"damage_healed":0,"gold_gain":0,"player_choice":"Left Gold","damage_taken":0,"max_hp_gain":0,"max_hp_loss":0,"event_name":"World of Goop","floor":4,"gold_loss":5},{"cards_removed":["Injury"],"damage_healed":0,"gold_gain":0,"player_choice":"Card Removal","damage_taken":0,"max_hp_gain":0,"max_hp_loss":0,"event_name":"The Cleric","floor":12,"gold_loss":50},{"damage_healed":0,"gold_gain":0,"player_choice":"Searched \u00270\u0027 times","damage_taken":0,"max_hp_gain":0,"max_hp_loss":0,"event_name":"Dead Adventurer","floor":14,"gold_loss":0}],"is_beta":false,"boss_relics":[],"items_purged_floors":[],"is_endless":false,"potions_floor_spawned":[6,10],"killed_by":"Slime Boss","ascension_level":2}