{"path_per_floor":["M","M","$","M","M","E","R","M","T","M","M","M","R","?","R","B",null,"M","M","$","M","?","R","M","R","T","R","$","M","E","M","R","B",null,"M","M","?","M"],"character_chosen":"THE_SILENT","items_purchased":["Apotheosis","Footwork","Bandage Up","Backflip"],"gold_per_floor":[117,135,135,153,169,203,203,213,264,282,298,317,317,317,317,417,417,431,451,34,49,49,49,59,59,113,113,89,108,133,152,152,249,249,261,277,277,295,295],"floor_reached":39,"campfire_rested":4,"playtime":3825,"current_hp_per_floor":[62,62,62,62,61,53,53,39,39,37,38,40,40,40,65,59,78,65,62,62,41,41,41,20,45,45,70,70,69,22,28,53,34,72,77,69,58,66,0],"items_purged":["Strike_G"],"gold":295,"score":557,"play_id":"cb8a99c2-ce5b-4cc9-91f4-dfa2d9165568","local_time":"20180401232851","is_prod":false,"is_daily":false,"is_ascension_mode":true,"campfire_upgraded":3,"timestamp":1522650531,"path_taken":["M","M","$","M","M","E","R","M","T","M","M","M","R","?","R","BOSS","M","M","$","M","?","R","M","R","T","R","$","M","E","M","R","BOSS","M","M","?","M","?"],"build_version":"2018-03-29v2","purchased_purges":1,"victory":false,"master_deck":["Defend_G","Defend_G","Defend_G","Defend_G+1","Defend_G","Strike_G","Strike_G","Strike_G","Strike_G","Survivor","Neutralize","Sucker Punch","Backstab","Well Laid Plans","Prepared+1","Terror+1","Cloak And Dagger","Cloak And Dagger","Infinite Blades","Envenom+1","Phantasmal Killer","Dagger Throw","Apotheosis+1","Footwork","Bandage Up","Flying Knee","Expertise","Backflip","Outmaneuver+1","A Thousand Cuts","Footwork+1","Bullet Time","Noxious Fumes+1","Catalyst","Madness","Madness","Flechettes"],"max_hp_per_floor":[70,70,70,70,70,84,84,84,84,84,84,84,84,84,84,84,84,84,84,84,84,84,84,84,84,84,84,84,84,84,84,84,84,84,84,84,84,84,84],"relics":["Ring of the Snake","Mango","Blood Vial","Sozu","Omamori","War Paint","Bag of Preparation","Eternal Feather"],"card_choices":[{"not_picked":["Deflect","Acrobatics"],"picked":"Sucker Punch","floor":1.0},{"not_picked":["Dash","Backflip"],"picked":"Backstab","floor":2.0},{"not_picked":["Skewer","Outmaneuver"],"picked":"Well Laid Plans","floor":4},{"not_picked":["Predator","Outmaneuver"],"picked":"Prepared","floor":5},{"not_picked":["Malaise","Cloak And Dagger"],"picked":"Terror","floor":6},{"not_picked":["Poisoned Stab","Bane"],"picked":"Cloak And Dagger","floor":8},{"not_picked":["Dagger Throw","Deadly Poison"],"picked":"Cloak And Dagger","floor":10},{"not_picked":["Endless Agony","Bane"],"picked":"Infinite Blades","floor":11},{"not_picked":["PiercingWail","Outmaneuver"],"picked":"Envenom","floor":12},{"not_picked":["Grand Finale","Tactician"],"picked":"Phantasmal Killer","floor":16},{"not_picked":["All Out Attack","Bane"],"picked":"Dagger Throw","floor":19},{"not_picked":["Quick Slash","Distraction"],"picked":"Flying Knee","floor":21},{"not_picked":["Dagger Spray","Deadly Poison"],"picked":"Expertise","floor":24},{"not_picked":["Flying Knee","Quick Slash"],"picked":"Outmaneuver","floor":29},{"not_picked":["Outmaneuver","Cloak And Dagger"],"picked":"A Thousand Cuts","floor":30},{"not_picked":["Infinite Blades","Deflect"],"picked":"Footwork","floor":31},{"not_picked":["Night Terror","Venomology"],"picked":"Bullet Time","floor":33},{"not_picked":["Flechettes","Deadly Poison"],"picked":"Noxious Fumes","floor":35},{"not_picked":["Cloak And Dagger","Quick Slash"],"picked":"Catalyst","floor":36},{"not_picked":["Prepared","Malaise"],"picked":"Flechettes","floor":38}],"player_experience":141703,"potions_floor_usage":[16,16,33],"damage_taken":[{"damage":1.0,"enemies":"Jaw Worm","floor":1.0,"turns":4.0},{"damage":0.0,"enemies":"Small Slimes","floor":2.0,"turns":3.0},{"damage":0.0,"enemies":"Cultist","floor":4.0,"turns":3.0},{"damage":1,"enemies":"Looter","floor":5,"turns":3},{"damage":22,"enemies":"3 Sentries","floor":6,"turns":11},{"damage":14,"enemies":"Gremlin Gang","floor":8,"turns":6},{"damage":4,"enemies":"3 Louse","floor":10,"turns":4},{"damage":1,"enemies":"Large Slime","floor":11,"turns":8},{"damage":0,"enemies":"Looter","floor":12,"turns":3},{"damage":8,"enemies":"Hexaghost","floor":16,"turns":9},{"damage":15,"enemies":"Shell Parasite","floor":18,"turns":6},{"damage":5,"enemies":"3 Byrds","floor":19,"turns":6},{"damage":27,"enemies":"3 Cultists","floor":21,"turns":5},{"damage":29,"enemies":"Snecko","floor":24,"turns":8},{"damage":7,"enemies":"Snake Plant","floor":29,"turns":4},{"damage":53,"enemies":"Slavers","floor":30,"turns":8},{"damage":2,"enemies":"3 Cultists","floor":31,"turns":3},{"damage":27,"enemies":"Collector","floor":33,"turns":9},{"damage":1,"enemies":"3 Shapes","floor":35,"turns":9},{"damage":16,"enemies":"3 Darklings","floor":36,"turns":5},{"damage":0,"enemies":"Maw","floor":38,"turns":5},{"damage":88,"enemies":"Mysterious Sphere","floor":39,"turns":6}],"event_choices":[{"event_name":"Dead Adventurer","player_choice":"Searched \u00271\u0027 times","floor":14,"damage_taken":0},{"event_name":"The Mausoleum","player_choice":"Yes","floor":22,"damage_taken":0},{"event_name":"Winding Halls","player_choice":"Embrace Madness","floor":37,"damage_taken":0},{"event_name":"Mysterious Sphere","player_choice":"Fight","floor":39,"damage_taken":0}],"boss_relics":[{"not_picked":["Calling Bell","Philosopher\u0027s Stone"],"picked":"Sozu"},{"not_picked":["Tiny House","Snecko Eye"],"picked":"Eternal Feather"}],"potions_floor_spawned":[2,5,8,11,12,19,29,33,35,36,38],"seed_played":"9157854802830094899","killed_by":"Mysterious Sphere","ascension_level":6,"is_trial":false}