{"path_per_floor":["M","?","?","M","M","R","E","M","T"],"character_chosen":"THE_SILENT","items_purchased":[],"gold_per_floor":[114,114,114,129,144,144,174,189,214,214],"floor_reached":10,"campfire_rested":0,"playtime":310,"item_purchase_floors":[],"current_hp_per_floor":[69,69,69,69,69,69,67,67,67,47],"items_purged":[],"gold":214,"score":68,"play_id":"09e0296d-415f-4c59-95c1-40ecb5adcb48","local_time":"20180616174428","daily_mods":["Shiny","Elite Swarm","Uncertain Future"],"is_prod":false,"is_daily":true,"chose_seed":false,"is_ascension_mode":false,"campfire_upgraded":1,"win_rate":0,"timestamp":1529185468,"campfire_choices":[{"data":"Bullet Time","floor":6,"key":"SMITH"}],"path_taken":["M","?","?","M","?","R","E","M","T","E"],"build_version":"2018-06-14v2","seed_source_timestamp":0,"purchased_purges":0,"victory":false,"master_deck":["Venomology","Phantasmal Killer","Die Die Die","Adrenaline+1","Envenom","Doppelganger","Burst","Wraith Form v2","Tools of the Trade","Night Terror","Unload","After Image","Tactician","Bullet Time+1","Storm of Steel","Glass Knife","A Thousand Cuts","Grand Finale","Outmaneuver"],"max_hp_per_floor":[70,70,70,70,70,70,70,70,70,70],"special_seed":17698,"relics":["Ring of the Snake","Regal Pillow","Dream Catcher"],"card_choices":[{"not_picked":["Crippling Poison","Poisoned Stab"],"picked":"Outmaneuver","floor":1},{"not_picked":["Quick Slash","Acrobatics","Deadly Poison"],"picked":"SKIP","floor":4},{"not_picked":["Dagger Spray","Flying Knee","Sucker Punch"],"picked":"SKIP","floor":5},{"not_picked":["Tools of the Trade","Night Terror","Phantasmal Killer"],"picked":"SKIP","floor":7},{"not_picked":["Poisoned Stab","Crippling Poison","Acrobatics"],"picked":"SKIP","floor":8}],"player_experience":312384,"potions_floor_usage":[10,10],"damage_taken":[{"damage":1,"enemies":"2 Louse","floor":1,"turns":2},{"damage":0,"enemies":"Cultist","floor":4,"turns":2},{"damage":0,"enemies":"Small Slimes","floor":5,"turns":2},{"damage":2,"enemies":"3 Sentries","floor":7,"turns":3},{"damage":0,"enemies":"3 Louse","floor":8,"turns":1},{"damage":20,"enemies":"Gremlin Nob","floor":10,"turns":3}],"relics_obtained":[{"floor":7,"key":"Regal Pillow"},{"floor":9,"key":"Dream Catcher"}],"event_choices":[{"event_name":"Upgrade Shrine","player_choice":"Upgraded","floor":2,"damage_taken":0},{"event_name":"Purifier","player_choice":"One Purge","floor":3,"damage_taken":0}],"boss_relics":[],"items_purged_floors":[],"is_endless":false,"potions_floor_spawned":[1,5],"seed_played":"4610155392597214101","killed_by":"Gremlin Nob","ascension_level":0,"potions_obtained":[{"floor":1,"key":"Swift Potion"},{"floor":5,"key":"PowerPotion"}],"is_trial":false}