{"path_per_floor":["M","?","M","M","?","R","E","M","T","M","M","M","R","$","R","B",null,"M","?","M","M","$","R","M","R","T","R","$","?","?","?","R"],"character_chosen":"IRONCLAD","items_purchased":["Flame Barrier","Bandage Up","True Grit","Inflame","Regen Potion"],"gold_per_floor":[209,209,222,233,233,233,261,275,275,285,295,310,310,200,200,296,296,309,309,323,342,106,106,122,122,122,122,4,4,4,4,4],"floor_reached":33,"campfire_rested":2,"playtime":1999,"current_hp_per_floor":[80,80,80,72,65,65,41,47,47,56,60,69,69,69,69,20,80,49,34,43,22,22,47,34,34,34,34,34,34,34,34,59],"items_purged":["Bash","Defend_R"],"gold":4,"play_id":"2666c742-9b58-4d20-ae8d-cb49fa1a083b","is_prod":false,"is_daily":false,"campfire_rituals":0,"campfire_upgraded":5,"is_hardmode":false,"path_taken":["M","?","?","M","?","R","E","M","T","M","M","M","R","$","R","BOSS","M","?","M","M","$","R","M","R","T","R","$","?","?","?","R","BOSS"],"build_version":"2018-01-18-PROD2","purchased_purges":2,"victory":false,"master_deck":["Strike_R","Strike_R","Strike_R","Strike_R","Defend_R","Defend_R","Defend_R","Twin Strike","Finesse","Whirlwind","Rampage","Flex","Metallicize","Flex","Headbutt","Flame Barrier","Limit Break","Flex","Warcry","Bandage Up","True Grit","Heavy Blade","Inflame","Bandage Up"],"max_hp_per_floor":[80,80,80,80,80,80,80,80,80,80,80,80,80,80,80,80,80,80,85,85,85,85,85,85,85,85,85,85,85,85,85,85],"relics":["Burning Blood","Ancient Tea Set","Magic Flower","Mark of Pain","Molten Egg"],"campfire_meditates":0,"card_choices":[{"not_picked":["Second Wind","Anger"],"picked":"Twin Strike"},{"not_picked":["Headbutt","Clash"],"picked":"Whirlwind"},{"not_picked":["Anger","Corruption"],"picked":"Rampage"},{"not_picked":["Limit Break","Spot Weakness"],"picked":"Flex"},{"not_picked":["Sever Soul","Clash"],"picked":"Metallicize"},{"not_picked":["Flame Barrier","Twin Strike"],"picked":"Flex"},{"not_picked":["Infernal Blade","Armaments"],"picked":"Headbutt"},{"not_picked":["Fiend Fire","Feed"],"picked":"Limit Break"},{"not_picked":["Body Slam","Armaments"],"picked":"Flex"},{"not_picked":["Flame Barrier","Body Slam"],"picked":"Warcry"},{"not_picked":["Feel No Pain","Shrug It Off"],"picked":"Heavy Blade"}],"player_experience":9147,"potions_floor_usage":[7,16,16,24,33,33],"damage_taken":[{"damage":3,"enemies":"Small Slimes","floor":1,"turns":4},{"damage":6,"enemies":"Cultist","floor":3,"turns":3},{"damage":14,"enemies":"Blue Slaver","floor":4,"turns":5},{"damage":30,"enemies":"Lagavulin","floor":7,"turns":6},{"damage":0,"enemies":"3 Louse","floor":8,"turns":1},{"damage":0,"enemies":"Large Slime","floor":10,"turns":3},{"damage":5,"enemies":"Looter","floor":11,"turns":3},{"damage":0,"enemies":"3 Louse","floor":12,"turns":1},{"damage":58,"enemies":"Hexaghost","floor":16,"turns":10},{"damage":40,"enemies":"Chosen","floor":18,"turns":6},{"damage":0,"enemies":"3 Byrds","floor":20,"turns":4},{"damage":30,"enemies":"Snake Plant","floor":21,"turns":5},{"damage":28,"enemies":"Slaver and Parasite","floor":24,"turns":7},{"damage":114,"enemies":"Collector","floor":33,"turns":5}],"event_choices":[{"event_name":"Match and Keep!","player_choice":"1 cards matched","floor":2,"damage_taken":0},{"event_name":"Golden Wing","player_choice":"Card Removal","floor":5,"damage_taken":0},{"event_name":"Forgotten Altar","player_choice":"Shed Blood","floor":19,"damage_taken":0},{"event_name":"Cursed Tome","player_choice":"Ignored","floor":29,"damage_taken":0},{"event_name":"Drug Dealer","player_choice":"Ignored","floor":30,"damage_taken":0},{"event_name":"Duplicator","player_choice":"One dupe","floor":31,"damage_taken":0}],"boss_relics":[{"not_picked":["Question Card","Velvet Choker"],"picked":"Mark of Pain"}],"potions_floor_spawned":[4,8,11,21,24],"seed_played":"3793284073598077880","killed_by":"Collector","is_trial":false}