{"gold_per_floor":[111,36,36,56,83,83,103,114,114,389,409,419,419,40,40,114,114,134,134,146,146,21,21],"floor_reached":23,"playtime":4500,"items_purged":["Strike_B","Regret","Decay"],"score":344,"play_id":"3a4e1f6e-4778-4b26-a2ca-0763bef7a41a","local_time":"20180925141734","is_ascension_mode":true,"campfire_choices":[{"floor":6,"key":"REST"},{"floor":13,"key":"REST"},{"floor":15,"key":"REST"}],"neow_cost":"NONE","seed_source_timestamp":865672257234771,"circlet_count":0,"master_deck":["Strike_B","Strike_B","Defend_B","Defend_B+1","Defend_B+1","Defend_B","Zap","Dualcast","AscendersBane","Tempest","Sweeping Beam","Sunder","Defragment","Auto Shields","Lockon","Leap","Rainbow","Self Repair"],"relics":["Cracked Core","Boot","Mercury Hourglass","Sozu"],"potions_floor_usage":[12,18],"damage_taken":[{"damage":0,"enemies":"2 Louse","floor":1,"turns":2},{"damage":0,"enemies":"Jaw Worm","floor":4,"turns":4},{"damage":15,"enemies":"Small Slimes","floor":7,"turns":4},{"damage":7,"enemies":"Looter","floor":8,"turns":4},{"damage":10,"enemies":"Lots of Slimes","floor":11,"turns":3},{"damage":19,"enemies":"Large Slime","floor":12,"turns":5},{"damage":19,"enemies":"Slime Boss","floor":16,"turns":8},{"damage":16,"enemies":"3 Byrds","floor":18,"turns":1},{"damage":12,"enemies":"2 Thieves","floor":20,"turns":4},{"damage":54,"enemies":"Gremlin Leader","floor":23,"turns":5}],"seed_played":"-7203393591366373373","potions_obtained":[{"floor":8,"key":"Weak Potion"},{"floor":16,"key":"LiquidBronze"}],"is_trial":false,"path_per_floor":["M","$","?","M","T","R","M","M","T","?","M","M","R","$","R","B",null,"M","?","M","?","$"],"character_chosen":"DEFECT","items_purchased":["Defragment","Auto Shields","Lockon","Leap"],"campfire_rested":3,"item_purchase_floors":[14,14,14,14],"current_hp_per_floor":[64,64,43,43,43,64,49,42,42,42,32,13,34,34,55,36,62,46,46,41,41,41,0],"gold":21,"neow_bonus":"REMOVE_CARD","is_prod":false,"is_daily":false,"chose_seed":false,"campfire_upgraded":0,"win_rate":0,"timestamp":1537877854,"path_taken":["M","$","?","M","?","R","M","M","T","?","?","M","R","$","R","BOSS","M","?","M","?","$","E"],"build_version":"2018-09-20","purchased_purges":3,"victory":false,"max_hp_per_floor":[71,71,71,71,71,71,71,71,71,71,71,71,71,71,71,71,71,71,71,71,71,71,71],"card_choices":[{"not_picked":["Go for the Eyes","Steam"],"picked":"Tempest","floor":1},{"not_picked":["Conserve Battery","Blizzard","Lockon"],"picked":"SKIP","floor":4},{"not_picked":["Lockon","Steam","Stack"],"picked":"SKIP","floor":7},{"not_picked":["Stack","Skim","Coolheaded"],"picked":"SKIP","floor":8},{"not_picked":["Recycle","Undo"],"picked":"Sweeping Beam","floor":11},{"not_picked":["Loop","Turbo"],"picked":"Sunder","floor":12},{"not_picked":["Machine Learning","Amplify"],"picked":"Rainbow","floor":16},{"not_picked":["Melter","Force Field"],"picked":"Self Repair","floor":18},{"not_picked":["Go for the Eyes","Sweeping Beam","Steam"],"picked":"SKIP","floor":20}],"player_experience":670679,"relics_obtained":[{"floor":5,"key":"Boot"},{"floor":9,"key":"Mercury Hourglass"}],"event_choices":[{"event_name":"Shining Light","player_choice":"Entered Light","floor":3,"damage_taken":0},{"event_name":"Golden Shrine","player_choice":"Desecrate","floor":10,"damage_taken":0},{"event_name":"Ghosts","player_choice":"Ignored","floor":19,"damage_taken":0},{"event_name":"Forgotten Altar","player_choice":"Smashed Altar","floor":21,"damage_taken":0}],"is_beta":false,"boss_relics":[{"not_picked":["Astrolabe","Orrery"],"picked":"Sozu"}],"items_purged_floors":[2,14,22],"is_endless":false,"potions_floor_spawned":[8,16],"killed_by":"Gremlin Leader","ascension_level":18}