{"path_per_floor":["M","M","M","M","M","R","M","M","T","$","R","M","M","M","R","B",null,"M","M","?","M","?","R","M","M","T","E","M","$","R","M","R","B",null,"M","$","?","M","M","R","M","R","T","M","?","R","E","M","R"],"character_chosen":"DEFECT","items_purchased":["Consume","Cold Snap","Bottled Lightning"],"gold_per_floor":[112,124,141,161,176,176,190,208,208,0,0,15,33,45,45,144,144,159,169,169,179,179,179,190,210,210,210,230,130,130,142,142,243,273,284,35,35,54,69,69,82,82,154,174,174,174,207,217,217,217],"floor_reached":50,"campfire_rested":2,"playtime":7561,"item_purchase_floors":[10,10,36],"current_hp_per_floor":[74,74,74,63,57,57,55,51,51,51,51,43,47,43,43,43,75,65,50,37,26,26,26,33,37,37,32,36,36,36,34,34,24,42,41,41,41,32,39,39,28,28,28,29,29,41,37,14,26,0],"items_purged":["Strike_B","Strike_B+1"],"gold":217,"score":571,"play_id":"34ce4828-cac9-4afe-b338-688ab3845056","local_time":"20180519165952","is_prod":false,"is_daily":false,"chose_seed":false,"is_ascension_mode":false,"campfire_upgraded":8,"timestamp":1526741992,"campfire_choices":[{"data":"Defragment","floor":6,"key":"SMITH"},{"data":"Consume","floor":11,"key":"SMITH"},{"data":"Capacitor","floor":15,"key":"SMITH"},{"data":"Ghostly","floor":23,"key":"SMITH"},{"data":"Biased Cognition","floor":30,"key":"SMITH"},{"data":"Loop","floor":32,"key":"SMITH"},{"data":"Electrodynamics","floor":40,"key":"SMITH"},{"data":"Electrodynamics","floor":42,"key":"SMITH"},{"floor":46,"key":"REST"},{"floor":49,"key":"REST"}],"path_taken":["M","M","M","M","M","R","M","M","T","$","R","M","M","M","R","BOSS","M","M","?","M","?","R","M","M","T","E","?","?","R","?","R","BOSS","M","$","?","M","M","R","M","R","T","M","?","R","E","M","R","BOSS"],"build_version":"2018-05-18","seed_source_timestamp":0,"purchased_purges":2,"victory":false,"master_deck":["Strike_B+1","Strike_B+1","Defend_B+1","Defend_B+1","Defend_B+1","Defend_B+1","Zap+1","Dualcast","Defragment+1","Ball Lightning","Ball Lightning","Consume+1","Cold Snap","Coolheaded","Capacitor+1","Self Repair","Ghostly","Ghostly","Ghostly","Ghostly","Ghostly+1","Capacitor","Ball Lightning","Loop+1","Electrodynamics+1","Coolheaded","Electrodynamics+1","Coolheaded","Cold Snap","Cold Snap+1","Stack+1","Multi-Cast"],"max_hp_per_floor":[75,75,75,75,75,75,75,75,75,75,75,75,75,75,75,75,75,75,75,37,37,37,37,37,37,37,37,37,37,37,37,37,37,42,42,42,42,42,42,42,42,42,42,42,42,42,42,42,42,42],"relics":["Cracked Core","Meat on the Bone","Lizard Tail","Ice Cream","Tiny House","Bottled Lightning","Matryoshka","Happy Flower"],"card_choices":[{"not_picked":["Turbo","Go for the Eyes"],"picked":"Defragment","floor":1},{"not_picked":["Barrage","Streamline","Rip and Tear"],"picked":"SKIP","floor":2},{"not_picked":["Steam","Beam Cell"],"picked":"Ball Lightning","floor":3},{"not_picked":["Beam Cell","Streamline","Axe Kick"],"picked":"SKIP","floor":4},{"not_picked":["Heatsinks","Sunder","Axe Kick"],"picked":"SKIP","floor":5},{"not_picked":["Scrape","Rip and Tear","Beam Cell"],"picked":"SKIP","floor":7},{"not_picked":["Doom and Gloom","Beam Cell"],"picked":"Ball Lightning","floor":8},{"not_picked":["Streamline","Reinforced Body"],"picked":"Coolheaded","floor":12},{"not_picked":["Barrage","Beam Cell","Echo Form"],"picked":"SKIP","floor":13},{"not_picked":["Undo","Go for the Eyes"],"picked":"Capacitor","floor":14},{"not_picked":["Nova","Multi-Cast"],"picked":"Biased Cognition","floor":16},{"not_picked":["Stack","Scrape","Rebound"],"picked":"SKIP","floor":18},{"not_picked":["Sweeping Beam","Skim"],"picked":"Self Repair","floor":19},{"not_picked":["Rebound","Self Repair","Turbo"],"picked":"SKIP","floor":21},{"not_picked":["Leap+1","Double Energy"],"picked":"Capacitor","floor":24},{"not_picked":["Stack","Hologram"],"picked":"Ball Lightning","floor":25},{"not_picked":["Steam+1","Recycle+1","Sweeping Beam"],"picked":"SKIP","floor":28},{"not_picked":["Capacitor+1","Creative AI"],"picked":"Loop","floor":31},{"not_picked":["Thunder Strike","Nova"],"picked":"Electrodynamics","floor":33},{"not_picked":["Stack","Sweeping Beam+1"],"picked":"Coolheaded","floor":34},{"not_picked":["Hologram+1","Steam+1"],"picked":"Electrodynamics","floor":35},{"not_picked":["Aggregate+1","Rebound+1"],"picked":"Coolheaded","floor":38},{"not_picked":["Rebound+1","Barrage+1"],"picked":"Cold Snap","floor":39},{"not_picked":["Heatsinks+1","Leap"],"picked":"Cold Snap+1","floor":41},{"not_picked":["Genetic Algorithm","Capacitor"],"picked":"Stack+1","floor":44},{"not_picked":["Hologram","Axe Kick"],"picked":"Multi-Cast","floor":47},{"not_picked":["Streamline+1","Sweeping Beam+1","Double Energy"],"picked":"SKIP","floor":48}],"player_experience":103762,"potions_floor_usage":[12,12,16,21,21,24,27,27,33,35,38,41,48],"damage_taken":[{"damage":1,"enemies":"Jaw Worm","floor":1,"turns":3},{"damage":0,"enemies":"Small Slimes","floor":2,"turns":3},{"damage":0,"enemies":"Cultist","floor":3,"turns":3},{"damage":11,"enemies":"Exordium Thugs","floor":4,"turns":4},{"damage":6,"enemies":"Red Slaver","floor":5,"turns":3},{"damage":2,"enemies":"2 Fungi Beasts","floor":7,"turns":3},{"damage":4,"enemies":"Blue Slaver","floor":8,"turns":3},{"damage":8,"enemies":"Red Slaver","floor":12,"turns":4},{"damage":8,"enemies":"Exordium Thugs","floor":13,"turns":4},{"damage":4,"enemies":"Looter","floor":14,"turns":3},{"damage":0,"enemies":"Slime Boss","floor":16,"turns":8},{"damage":10,"enemies":"Spheric Guardian","floor":18,"turns":3},{"damage":15,"enemies":"Shell Parasite","floor":19,"turns":6},{"damage":18,"enemies":"3 Cultists","floor":21,"turns":6},{"damage":0,"enemies":"Centurion and Healer","floor":24,"turns":8},{"damage":2,"enemies":"Snake Plant","floor":25,"turns":6},{"damage":12,"enemies":"Gremlin Leader","floor":27,"turns":10},{"damage":15,"enemies":"Slaver and Parasite","floor":28,"turns":7},{"damage":21,"enemies":"Chosen and Byrds","floor":31,"turns":6},{"damage":22,"enemies":"Collector","floor":33,"turns":12},{"damage":1,"enemies":"Flame Bruiser 1 Orb","floor":35,"turns":7},{"damage":9,"enemies":"3 Darklings","floor":38,"turns":5},{"damage":0,"enemies":"Flame Bruiser 2 Orb","floor":39,"turns":10},{"damage":23,"enemies":"Spire Growth","floor":41,"turns":5},{"damage":51,"enemies":"4 Shapes","floor":44,"turns":5},{"damage":11,"enemies":"2 Orb Walkers","floor":47,"turns":9},{"damage":35,"enemies":"3 Darklings","floor":48,"turns":4},{"damage":30,"enemies":"Time Eater","floor":50,"turns":8}],"relics_obtained":[{"floor":9,"key":"Meat on the Bone"},{"floor":26,"key":"Ice Cream"},{"floor":43,"key":"Matryoshka"},{"floor":47,"key":"Happy Flower"}],"event_choices":[{"event_name":"Ghosts","player_choice":"Became a Ghost","floor":20,"damage_taken":0},{"event_name":"Back to Basics","player_choice":"Simplicity","floor":22,"damage_taken":0},{"event_name":"Mysterious Sphere","player_choice":"Ignore","floor":45,"damage_taken":0}],"boss_relics":[{"not_picked":["White Beast Statue","Eternal Feather"],"picked":"Lizard Tail"},{"not_picked":["Cursed Key","Runic Pyramid"],"picked":"Tiny House"}],"items_purged_floors":[10,29],"potions_floor_spawned":[4,5,7,14,16,19,21,25,31,35,39,47],"seed_played":"-2523141161339373599","killed_by":"Time Eater","ascension_level":0,"potions_obtained":[{"floor":4,"key":"SmokeBomb"},{"floor":5,"key":"Swift Potion"},{"floor":7,"key":"PowerPotion"},{"floor":14,"key":"EssenceOfSteel"},{"floor":16,"key":"Explosive Potion"},{"floor":19,"key":"SpeedPotion"},{"floor":21,"key":"EssenceOfSteel"},{"floor":25,"key":"LiquidBronze"},{"floor":31,"key":"AttackPotion"},{"floor":34,"key":"SpeedPotion"},{"floor":35,"key":"PowerPotion"},{"floor":39,"key":"EssenceOfSteel"},{"floor":47,"key":"FocusPotion"}],"is_trial":false}