{"gold_per_floor":[111,61,81,93,112,112,123,136,186,186,186,199,234,14,14,117,117,128,141,41,51,51,71,71,83,83,83,102,102,121,121],"floor_reached":31,"playtime":1382,"items_purged":["Defend_B","Defend_B"],"score":365,"play_id":"bcc50656-d1b3-440c-91c7-940f546855a1","local_time":"20180918032844","is_ascension_mode":true,"campfire_choices":[{"data":"Dualcast","floor":6,"key":"SMITH"},{"floor":10,"key":"REST"},{"floor":15,"key":"REST"},{"floor":29,"key":"REST"}],"neow_cost":"NONE","seed_source_timestamp":225049577742354,"circlet_count":0,"master_deck":["Strike_B","Strike_B","Strike_B","Strike_B","Defend_B","Zap+1","Dualcast+1","AscendersBane","Core Surge","Gash","Sweeping Beam","Reinforced Body","Gash","Rip and Tear","Go for the Eyes","Reboot","Conserve Battery+1","Consume+1","Echo Form","J.A.X.","Steam Power","Darkness+1"],"relics":["Cracked Core","Bronze Scales","Shuriken","PreservedInsect","Lizard Tail","Mummified Hand"],"potions_floor_usage":[12,12,13,21,21,23],"damage_taken":[{"damage":2,"enemies":"Small Slimes","floor":1,"turns":3},{"damage":1,"enemies":"Cultist","floor":3,"turns":3},{"damage":7,"enemies":"Jaw Worm","floor":4,"turns":2},{"damage":6,"enemies":"2 Fungi Beasts","floor":5,"turns":4},{"damage":21,"enemies":"Exordium Thugs","floor":7,"turns":4},{"damage":6,"enemies":"Looter","floor":8,"turns":3},{"damage":0,"enemies":"Lots of Slimes","floor":12,"turns":1},{"damage":10,"enemies":"Lagavulin","floor":13,"turns":5},{"damage":54,"enemies":"Hexaghost","floor":16,"turns":8},{"damage":14,"enemies":"2 Thieves","floor":18,"turns":4},{"damage":0,"enemies":"Spheric Guardian","floor":19,"turns":3},{"damage":1,"enemies":"Snecko","floor":21,"turns":4},{"damage":20,"enemies":"Snake Plant","floor":23,"turns":4},{"damage":26,"enemies":"Cultist and Chosen","floor":25,"turns":5},{"damage":23,"enemies":"3 Cultists","floor":28,"turns":5},{"damage":12,"enemies":"Chosen and Byrds","floor":30,"turns":5},{"damage":26,"enemies":"Centurion and Healer","floor":31,"turns":1}],"seed_played":"-1636878364108466314","potions_obtained":[{"floor":4,"key":"SpeedPotion"},{"floor":7,"key":"Fire Potion"},{"floor":8,"key":"SteroidPotion"},{"floor":16,"key":"Ancient Potion"},{"floor":19,"key":"Weak Potion"},{"floor":21,"key":"EssenceOfSteel"}],"is_trial":false,"path_per_floor":["M","?","M","M","M","R","M","M","T","R","?","M","E","$","R","B",null,"M","M","$","M","?","M","?","M","T","$","M","R","M"],"character_chosen":"DEFECT","items_purchased":["PreservedInsect"],"campfire_rested":3,"item_purchase_floors":[14],"current_hp_per_floor":[66,66,65,58,52,52,31,25,25,47,47,47,37,37,59,5,58,44,44,44,43,43,23,23,37,37,37,14,36,24,0],"gold":121,"neow_bonus":"ONE_RANDOM_RARE_CARD","is_prod":false,"is_daily":false,"chose_seed":false,"campfire_upgraded":1,"win_rate":0,"timestamp":1537234124,"path_taken":["M","?","?","M","M","R","M","M","T","R","?","M","E","?","R","BOSS","M","M","$","M","?","?","?","M","T","$","M","R","?","M"],"build_version":"2018-09-06","purchased_purges":2,"victory":false,"max_hp_per_floor":[75,75,75,75,75,75,75,75,75,75,75,75,75,75,75,75,75,75,75,75,75,75,75,75,75,75,75,75,75,75,75],"card_choices":[{"not_picked":["Steam","Genetic Algorithm","Coolheaded"],"picked":"SKIP","floor":1},{"not_picked":["Scrape","Capacitor"],"picked":"Gash","floor":3},{"not_picked":["Beam Cell","Compile Driver"],"picked":"Sweeping Beam","floor":4},{"not_picked":["Ball Lightning","Sweeping Beam"],"picked":"Reinforced Body","floor":5},{"not_picked":["Reprogram","Coolheaded","Turbo"],"picked":"SKIP","floor":7},{"not_picked":["Auto Shields","Aggregate"],"picked":"Gash","floor":8},{"not_picked":["Rebound","Meteor Strike"],"picked":"Rip and Tear","floor":12},{"not_picked":["Force Field","Lockon"],"picked":"Go for the Eyes","floor":13},{"not_picked":["Biased Cognition","Fission"],"picked":"Reboot","floor":16},{"not_picked":["FTL","Cold Snap"],"picked":"Conserve Battery","floor":18},{"not_picked":["Chaos+1","Force Field+1","Leap"],"picked":"SKIP","floor":19},{"not_picked":["Streamline","Turbo"],"picked":"Consume+1","floor":21},{"not_picked":["Stack+1","Turbo"],"picked":"Echo Form","floor":23},{"not_picked":["Cold Snap","Barrage","Sweeping Beam"],"picked":"SKIP","floor":25},{"not_picked":["Compile Driver+1","Redo"],"picked":"Steam Power","floor":28},{"not_picked":["Streamline+1","Coolheaded"],"picked":"Darkness+1","floor":30}],"player_experience":324439,"relics_obtained":[{"floor":9,"key":"Bronze Scales"},{"floor":13,"key":"Shuriken"},{"floor":26,"key":"Mummified Hand"}],"event_choices":[{"event_name":"The Cleric","player_choice":"Card Removal","floor":2,"damage_taken":0},{"event_name":"Living Wall","player_choice":"Grow","floor":11,"damage_taken":0},{"event_name":"Upgrade Shrine","player_choice":"Upgraded","floor":22,"damage_taken":0},{"event_name":"Drug Dealer","player_choice":"Got JAX","floor":24,"damage_taken":0}],"is_beta":false,"boss_relics":[{"not_picked":["Busted Crown","Calling Bell"],"picked":"Lizard Tail"}],"items_purged_floors":[14,20],"is_endless":false,"potions_floor_spawned":[4,7,8,16,19,21],"killed_by":"Centurion and Healer","ascension_level":10}