{"gold_per_floor":[118,130,130,149,149,149,169,204,204,218,232,232,246,273,273,346,346,366,366,381,398,413,413,440,440,466,466,466,222,255,180,180,253,253,266,278,297,71,87,87,87,87,112,128,142,142,168,34,34,34],"floor_reached":51,"playtime":2428,"items_purged":["Strike_B","Static Discharge"],"score":1584,"play_id":"0feb5c59-85bc-44b4-b742-3923f178761e","local_time":"20181026195145","is_ascension_mode":true,"campfire_choices":[{"data":"Chaos","floor":6.0,"key":"SMITH"},{"data":"Defragment","floor":12.0,"key":"SMITH"},{"data":"Zap","floor":15.0,"key":"SMITH"},{"data":"Self Repair","floor":23.0,"key":"SMITH"},{"data":"Echo Form","floor":25.0,"key":"SMITH"},{"data":"Coolheaded","floor":32.0,"key":"SMITH"},{"data":"Defragment","floor":40,"key":"SMITH"},{"data":"White Noise","floor":42,"key":"SMITH"},{"data":"Biased Cognition","floor":46,"key":"SMITH"},{"data":"Hologram","floor":49,"key":"SMITH"}],"neow_cost":"NONE","seed_source_timestamp":0,"circlet_count":0,"master_deck":["Zap+1","Dualcast","AscendersBane","Chaos+1","Go for the Eyes","Defragment+1","Steam","Self Repair+1","Chill+1","Auto Shields","Coolheaded+1","Core Surge","Electrodynamics","Chill+1","Echo Form+1","Undo","Biased Cognition+1","Compile Driver+1","Conserve Battery+1","Recycle+1","Redo+1","Defragment+1","White Noise+1","Defragment+1","Hologram+1"],"special_seed":0,"relics":["Cracked Core","PreservedInsect","Meat on the Bone","Question Card","Cables","Inserter","Matryoshka","Potion Belt","Oddly Smooth Stone","Strawberry","Shuriken","Astrolabe","The Courier","Omamori","Bag of Marbles","Ancient Tea Set"],"potions_floor_usage":[47,47,50,50],"damage_taken":[{"damage":8.0,"enemies":"2 Louse","floor":1.0,"turns":3.0},{"damage":2.0,"enemies":"Jaw Worm","floor":2.0,"turns":3.0},{"damage":5.0,"enemies":"Small Slimes","floor":4.0,"turns":4.0},{"damage":7.0,"enemies":"Looter","floor":7.0,"turns":4.0},{"damage":19.0,"enemies":"Lagavulin","floor":8.0,"turns":5.0},{"damage":3.0,"enemies":"3 Louse","floor":10.0,"turns":5.0},{"damage":5.0,"enemies":"2 Fungi Beasts","floor":11.0,"turns":4.0},{"damage":1.0,"enemies":"Blue Slaver","floor":13.0,"turns":5.0},{"damage":12.0,"enemies":"Gremlin Nob","floor":14.0,"turns":5.0},{"damage":0.0,"enemies":"The Guardian","floor":16.0,"turns":12.0},{"damage":7.0,"enemies":"2 Thieves","floor":18.0,"turns":4.0},{"damage":12.0,"enemies":"Chosen","floor":20.0,"turns":8.0},{"damage":18.0,"enemies":"Snecko","floor":21.0,"turns":7.0},{"damage":19.0,"enemies":"3 Cultists","floor":22.0,"turns":6.0},{"damage":29.0,"enemies":"Gremlin Leader","floor":24.0,"turns":7.0},{"damage":20.0,"enemies":"Book of Stabbing","floor":30.0,"turns":7.0},{"damage":0.0,"enemies":"Champ","floor":33.0,"turns":13.0},{"damage":16,"enemies":"Orb Walker","floor":35,"turns":4},{"damage":1,"enemies":"3 Shapes","floor":36,"turns":4},{"damage":9,"enemies":"Sphere and 2 Shapes","floor":37,"turns":5},{"damage":44,"enemies":"Spire Growth","floor":39,"turns":6},{"damage":4,"enemies":"Maw","floor":44,"turns":6},{"damage":0,"enemies":"4 Shapes","floor":45,"turns":6},{"damage":0,"enemies":"Reptomancer","floor":47,"turns":6},{"damage":39,"enemies":"Donu and Deca","floor":50,"turns":6}],"seed_played":"1142331824371296012","potions_obtained":[{"floor":2.0,"key":"SpeedPotion"},{"floor":8.0,"key":"EssenceOfSteel"},{"floor":11.0,"key":"Fire Potion"},{"floor":13.0,"key":"Fire Potion"},{"floor":30.0,"key":"SpeedPotion"},{"floor":36,"key":"SkillPotion"},{"floor":37,"key":"SteroidPotion"},{"floor":44,"key":"Strength Potion"},{"floor":45,"key":"Weak Potion"}],"is_trial":false,"path_per_floor":["M","M","?","M","?","R","M","E","T","M","M","R","M","E","R","B",null,"M","?","M","M","M","R","E","R","T","?","?","$","E","?","R","B",null,"M","M","M","$","M","R","?","R","T","M","M","R","E","$","R","B"],"character_chosen":"DEFECT","items_purchased":["Strawberry","Defragment","White Noise","Ancient Tea Set"],"campfire_rested":0,"item_purchase_floors":[29,38,38,48],"current_hp_per_floor":[56,54,47,42,31,31,24,5,5,21,35,35,53,48,48,55,67,60,60,55,44,44,44,37,37,37,37,37,44,46,46,46,56,73,67,66,77,77,65,65,65,65,65,71,74,74,74,74,74,57],"gold":34,"neow_bonus":"RANDOM_COMMON_RELIC","is_prod":false,"is_daily":false,"chose_seed":false,"campfire_upgraded":10,"win_rate":0,"timestamp":1540576305,"path_taken":["M","M","?","M","?","R","M","E","T","M","M","R","M","E","R","BOSS","M","?","M","M","M","R","E","R","T","?","?","$","E","?","R","BOSS","M","M","M","$","M","R","?","R","T","M","M","R","E","$","R","BOSS"],"build_version":"2018-10-25v2","purchased_purges":2,"victory":true,"max_hp_per_floor":[71,71,71,71,71,71,71,71,71,71,71,71,71,71,71,71,71,71,71,71,71,71,71,71,71,71,71,71,78,78,78,78,78,78,78,78,78,78,78,78,74,74,74,74,74,74,74,74,74,74],"card_choices":[{"not_picked":["Steam","Rip and Tear"],"picked":"Chaos","floor":1.0},{"not_picked":["Beam Cell","Leap"],"picked":"Go for the Eyes","floor":2.0},{"not_picked":["Machine Learning","Steam"],"picked":"Defragment","floor":4.0},{"not_picked":["Stack","Hello World"],"picked":"Steam","floor":7.0},{"not_picked":["Genetic Algorithm","Capacitor"],"picked":"Self Repair","floor":8.0},{"not_picked":["Ball Lightning","Sweeping Beam","Go for the Eyes"],"picked":"Chill","floor":10.0},{"not_picked":["Reinforced Body","Consume","Gash"],"picked":"Auto Shields","floor":11.0},{"not_picked":["Reinforced Body","Leap","Beam Cell"],"picked":"Coolheaded","floor":13.0},{"not_picked":["Beam Cell","BootSequence","Ball Lightning"],"picked":"Core Surge","floor":14.0},{"not_picked":["Creative AI","Core Surge","Reboot"],"picked":"Electrodynamics","floor":16.0},{"not_picked":["Coolheaded","Redo+1","Sweeping Beam+1"],"picked":"Chill+1","floor":18.0},{"not_picked":["Chaos","Ball Lightning","Lockon","Compile Driver"],"picked":"SKIP","floor":20.0},{"not_picked":["Rip and Tear","Reprogram","Compile Driver"],"picked":"Echo Form","floor":21.0},{"not_picked":["Barrage","Coolheaded","Gash+1","Leap+1"],"picked":"SKIP","floor":22.0},{"not_picked":["Rip and Tear+1","Rebound","Ball Lightning","Conserve Battery"],"picked":"SKIP","floor":24.0},{"not_picked":["BootSequence","Core Surge","Go for the Eyes","Redo"],"picked":"SKIP","floor":30.0},{"not_picked":["Seek","Creative AI","Buffer"],"picked":"Biased Cognition","floor":33.0},{"not_picked":["Ball Lightning","Go for the Eyes","Redo","Conserve Battery+1"],"picked":"SKIP","floor":35},{"not_picked":["Beam Cell+1","Scrape+1","Turbo","Ball Lightning"],"picked":"SKIP","floor":36},{"not_picked":["Compile Driver","Conserve Battery","Storm+1"],"picked":"Redo+1","floor":37},{"not_picked":["Tempest","BootSequence","Leap","Compile Driver"],"picked":"SKIP","floor":39},{"not_picked":["Leap","Stack","Gash+1","Redo"],"picked":"SKIP","floor":44},{"not_picked":["Buffer","Hologram","Coolheaded"],"picked":"Defragment+1","floor":45},{"not_picked":["Melter","Beam Cell","Go for the Eyes"],"picked":"Hologram","floor":47}],"player_experience":264855,"relics_obtained":[{"floor":8.0,"key":"Meat on the Bone"},{"floor":9.0,"key":"Question Card"},{"floor":14.0,"key":"Cables"},{"floor":24.0,"key":"Matryoshka"},{"floor":26.0,"key":"Potion Belt"},{"floor":26.0,"key":"Oddly Smooth Stone"},{"floor":30.0,"key":"Shuriken"},{"floor":43,"key":"The Courier"},{"floor":43,"key":"Omamori"},{"floor":47,"key":"Bag of Marbles"}],"event_choices":[{"cards_removed":["Strike_B"],"damage_healed":0.0,"max_hp_gain":0.0,"max_hp_loss":0.0,"gold_gain":0.0,"event_name":"Golden Wing","player_choice":"Card Removal","floor":3.0,"gold_loss":0.0,"damage_taken":7.0},{"damage_healed":0.0,"max_hp_gain":0.0,"max_hp_loss":0.0,"gold_gain":0.0,"event_name":"Scrap Ooze","player_choice":"Fled","floor":5.0,"gold_loss":0.0,"damage_taken":11.0},{"damage_healed":0.0,"max_hp_gain":0.0,"max_hp_loss":0.0,"gold_gain":0.0,"event_name":"Upgrade Shrine","player_choice":"Upgraded","floor":19.0,"gold_loss":0.0,"damage_taken":0.0,"cards_upgraded":["Chill"]},{"damage_healed":0.0,"max_hp_gain":0.0,"max_hp_loss":0.0,"gold_gain":0.0,"cards_transformed":["Strike_B","Strike_B"],"event_name":"Drug Dealer","player_choice":"Became Test Subject","floor":27.0,"gold_loss":0.0,"damage_taken":0.0,"cards_obtained":["Static Discharge","Undo"]},{"damage_healed":0.0,"max_hp_gain":0.0,"max_hp_loss":0.0,"gold_gain":0.0,"event_name":"The Mausoleum","player_choice":"Ignored","floor":28.0,"gold_loss":0.0,"damage_taken":0.0},{"cards_removed":["Defend_B"],"damage_healed":0.0,"max_hp_gain":0.0,"max_hp_loss":0.0,"gold_gain":0.0,"event_name":"Beggar","player_choice":"Gave Gold","floor":31.0,"gold_loss":75.0,"damage_taken":0.0},{"damage_healed":0,"gold_gain":0,"player_choice":"Max HP","damage_taken":0,"max_hp_gain":0,"max_hp_loss":4,"event_name":"Winding Halls","floor":41,"gold_loss":0}],"is_beta":true,"boss_relics":[{"not_picked":["Empty Cage","Orrery"],"picked":"Inserter"},{"not_picked":["Sozu","Coffee Dripper"],"picked":"Astrolabe"}],"items_purged_floors":[29,38],"is_endless":false,"potions_floor_spawned":[2,8,11,13,14,16,20,22,30,36,37,44,45],"ascension_level":17}