{"gold_per_floor":[10111,10122,10140,10140,10140,9225,9304,9304,9329,9329,8566,8602,8602,8613,8613,8709,8709,8719,8719,7854,7854,7872,7907,7907,7939,7939,7978,7978,7067,7079,7096,7096,7194,7194,7207,6208,6248,5247,5300,5300,5312,5312,5312,5312,5340,5356,10,10,10,10,10,10,45,45],"floor_reached":55,"playtime":2524,"items_purged":["Catalyst","Dagger Spray","Cloak And Dagger","Doppelganger","Bane","Dodge and Roll"],"score":1483,"play_id":"e86f6041-ab92-4533-970b-dcca14cf9dcc","local_time":"20190223170220","is_ascension_mode":false,"campfire_choices":[{"data":"HandOfGreed","floor":10,"key":"SMITH"},{"data":"Backstab","floor":13,"key":"SMITH"},{"data":"Backstab","floor":15,"key":"SMITH"},{"data":"Finisher","floor":24,"key":"SMITH"},{"data":"Adrenaline","floor":28,"key":"SMITH"},{"floor":32,"key":"RECALL"},{"data":"1","floor":40,"key":"LIFT"},{"data":"2","floor":42,"key":"LIFT"},{"data":"3","floor":44,"key":"LIFT"},{"data":"Survivor","floor":51,"key":"SMITH"}],"neow_cost":"NONE","seed_source_timestamp":0,"circlet_count":0,"master_deck":["Survivor+1","Neutralize+1","Poisoned Stab+1","PiercingWail+1","Backstab+1","Finisher+1","Setup+1","Bandage Up+1","Bandage Up","Backstab+1","HandOfGreed+1","Unload+1","Backstab+1","Backstab+1","Glass Knife+1","Backstab+1","Adrenaline+1","Shame","Shame","Parasite","Footwork+1","Sadistic Nature+1","Envenom+1"],"special_seed":0,"relics":["Pandora\u0027s Box","Dead Branch","Singing Bowl","Frozen Eye","War Paint","Pen Nib","Tiny Chest","Molten Egg 2","TheAbacus","Boot","Oddly Smooth Stone","Eternal Feather","DollysMirror","Matryoshka","Ninja Scroll","Ancient Tea Set","Strawberry","Vajra","WingedGreaves","TwistedFunnel","Blue Candle","Mercury Hourglass","Calling Bell","PreservedInsect","Frozen Egg 2","Girya","Toolbox","Prayer Wheel","Darkstone Periapt","Lee\u0027s Waffle","Orichalcum","Regal Pillow","Incense Burner","Omamori","The Courier","Whetstone","ClockworkSouvenir","Toxic Egg 2","Kunai","Mummified Hand","Meat on the Bone","Bronze Scales","Bottled Lightning","Bottled Flame","Bag of Marbles","Tough Bandages","Juzu Bracelet","Shuriken","Pantograph","Dream Catcher","Lantern","Sundial","Question Card","Pear","Turnip","Thread and Needle","Gremlin Horn","Ginger","FossilizedHelix","Calipers","Bird Faced Urn","StoneCalendar","Dead Branch","Pocketwatch"],"potions_floor_usage":[14,16,16,30,39,54,54,54],"damage_taken":[{"damage":0,"enemies":"Cultist","floor":1,"turns":3},{"damage":1,"enemies":"Jaw Worm","floor":2,"turns":3},{"damage":2,"enemies":"Small Slimes","floor":3,"turns":2},{"damage":10,"enemies":"Gremlin Nob","floor":7,"turns":3},{"damage":0,"enemies":"Looter","floor":12,"turns":1},{"damage":0,"enemies":"Exordium Wildlife","floor":14,"turns":2},{"damage":19,"enemies":"Hexaghost","floor":16,"turns":8},{"damage":0,"enemies":"Shell Parasite","floor":18,"turns":1},{"damage":0,"enemies":"2 Thieves","floor":22,"turns":1},{"damage":12,"enemies":"Book of Stabbing","floor":23,"turns":2},{"damage":0,"enemies":"Slavers","floor":25,"turns":2},{"damage":6,"enemies":"Centurion and Healer","floor":27,"turns":2},{"damage":0,"enemies":"Snecko","floor":30,"turns":1},{"damage":0,"enemies":"3 Cultists","floor":31,"turns":1},{"damage":6,"enemies":"Automaton","floor":33,"turns":3},{"damage":23,"enemies":"3 Shapes","floor":35,"turns":4},{"damage":0,"enemies":"3 Darklings","floor":37,"turns":2},{"damage":10,"enemies":"2 Orb Walkers","floor":39,"turns":2},{"damage":4,"enemies":"Sphere and 2 Shapes","floor":41,"turns":3},{"damage":0,"enemies":"Giant Head","floor":45,"turns":3},{"damage":0,"enemies":"Jaw Worm Horde","floor":46,"turns":1},{"damage":9,"enemies":"Time Eater","floor":49,"turns":2},{"damage":0,"enemies":"Shield and Spear","floor":53,"turns":1},{"damage":49,"enemies":"The Heart","floor":54,"turns":4}],"seed_played":"6430195689767347034","potions_obtained":[{"floor":14,"key":"Ancient Potion"},{"floor":16,"key":"Explosive Potion"},{"floor":35,"key":"Fire Potion"},{"floor":39,"key":"Energy Potion"}],"is_trial":false,"path_per_floor":["M","M","M","?","?","$","E","T","T","R","$","M","R","M","R","B",null,"M","?","$","?","M","E","R","E","T","M","R","$","M","M","R","B",null,"M","$","M","$","?","R","M","R","T","R","E","M","$","?","B",null,"R","$","E","B",null],"character_chosen":"THE_SILENT","items_purchased":["Frozen Eye","War Paint","Pen Nib","LiquidBronze","Explosive Potion","Explosive Potion","HandOfGreed","TheAbacus","Boot","Oddly Smooth Stone","Fruit Juice","Regen Potion","DollysMirror","Matryoshka","Ninja Scroll","Poison Potion","TwistedFunnel","Blue Candle","Mercury Hourglass","Energy Potion","Toolbox","Prayer Wheel","Darkstone Periapt","Footwork+1","Lee\u0027s Waffle","Orichalcum","Regal Pillow","Sadistic Nature+1","Fruit Juice","ClockworkSouvenir","Toxic Egg 2","Kunai","Mummified Hand","Meat on the Bone","Bronze Scales","Bottled Lightning","Bottled Flame","Bag of Marbles","Tough Bandages","Juzu Bracelet","Shuriken","Pantograph","Dream Catcher","Lantern","Sundial","Question Card","Pear","Turnip","Thread and Needle","Gremlin Horn","Ginger","FossilizedHelix","Calipers","Bird Faced Urn","StoneCalendar","Dead Branch","Energy Potion"],"campfire_rested":0,"item_purchase_floors":[6,6,6,6,6,6,6,11,11,11,11,11,20,20,20,20,29,29,29,29,36,36,36,36,38,38,38,38,38,47,47,47,47,47,47,47,47,47,47,47,47,47,47,47,47,47,47,47,47,47,47,47,47,47,47,47,47],"current_hp_per_floor":[170,170,168,150,116,116,118,118,118,118,118,120,120,137,137,143,181,183,183,183,183,183,175,183,190,190,190,192,192,194,196,196,196,198,181,181,191,211,208,218,219,222,222,222,222,226,236,236,227,236,236,236,238,209],"gold":45,"neow_bonus":"ONE_RANDOM_RARE_CARD","is_prod":false,"is_daily":false,"chose_seed":false,"campfire_upgraded":6,"win_rate":0,"timestamp":1550959340,"path_taken":["M","M","?","?","?","$","E","?","T","R","$","M","R","M","R","BOSS","M","?","$","?","?","E","R","E","T","M","R","$","?","M","R","BOSS","M","$","M","$","?","R","M","R","T","R","E","M","$","?","BOSS","R","$","E","BOSS"],"build_version":"2019-01-23","purchased_purges":6,"victory":true,"max_hp_per_floor":[170,170,170,170,170,170,172,172,172,172,172,174,174,181,181,181,181,183,183,183,183,183,183,183,190,190,192,192,192,194,196,196,198,198,200,200,204,211,218,218,222,222,222,222,222,226,236,236,236,236,236,236,238,238],"card_choices":[{"not_picked":["Outmaneuver","Eviscerate","Concentrate"],"picked":"SKIP","floor":1},{"not_picked":["Sucker Punch","Underhanded Strike","Crippling Poison"],"picked":"SKIP","floor":2},{"not_picked":["Dash","Prepared"],"picked":"Backstab","floor":3},{"not_picked":["A Thousand Cuts","Dodge and Roll","Masterful Stab"],"picked":"Singing Bowl","floor":7},{"not_picked":["Backflip","Underhanded Strike+1","Catalyst"],"picked":"Singing Bowl","floor":12},{"not_picked":["Acrobatics","Outmaneuver","Poisoned Stab+1"],"picked":"Singing Bowl","floor":14},{"not_picked":["Wraith Form v2","Envenom"],"picked":"Unload+1","floor":16},{"not_picked":["Bane+1","Infinite Blades","Prepared+1"],"picked":"Singing Bowl","floor":18},{"not_picked":["Prepared","Quick Slash+1"],"picked":"Backstab+1","floor":22},{"not_picked":["Infinite Blades","Noxious Fumes","Cloak And Dagger"],"picked":"SKIP","floor":23},{"not_picked":["Well Laid Plans+1","Dagger Spray+1"],"picked":"Adrenaline","floor":25},{"not_picked":["Dodge and Roll","Deflect","Prepared"],"picked":"Singing Bowl","floor":27},{"not_picked":["Cloak And Dagger","Underhanded Strike+1","Noxious Fumes"],"picked":"Singing Bowl","floor":30},{"not_picked":["Flying Knee+1","Deflect","Prepared"],"picked":"Singing Bowl","floor":31},{"not_picked":["Glass Knife+1","Envenom","Phantasmal Killer"],"picked":"Singing Bowl","floor":33},{"not_picked":["Dodge and Roll+1","Backflip","Deadly Poison"],"picked":"Singing Bowl","floor":35},{"not_picked":["Quick Slash+1","Setup+1","Dagger Spray+1"],"picked":"Singing Bowl","floor":37},{"not_picked":["Heel Hook+1","Cloak And Dagger","Eviscerate+1"],"picked":"Singing Bowl","floor":37},{"not_picked":["Outmaneuver+1","Infinite Blades+1","Predator+1"],"picked":"Singing Bowl","floor":39},{"not_picked":["Distraction","Leg Sweep+1","Sucker Punch+1"],"picked":"Singing Bowl","floor":41},{"not_picked":["Distraction","Dodge and Roll","Leg Sweep"],"picked":"Singing Bowl","floor":41},{"not_picked":["Well Laid Plans+1","Setup+1"],"picked":"Envenom+1","floor":45},{"not_picked":["Cloak And Dagger+1","Flechettes+1","Masterful Stab+1"],"picked":"Singing Bowl","floor":46},{"not_picked":["Underhanded Strike+1","Choke+1","Bane+1"],"picked":"Singing Bowl","floor":46},{"not_picked":["Backflip+1","All Out Attack+1","Prepared+1","Deflect+1"],"picked":"Singing Bowl","floor":53}],"player_experience":733306,"relics_obtained":[{"floor":7,"key":"Tiny Chest"},{"floor":8,"key":"Molten Egg 2"},{"floor":23,"key":"Ancient Tea Set"},{"floor":25,"key":"Strawberry"},{"floor":26,"key":"Vajra"},{"floor":26,"key":"WingedGreaves"},{"floor":34,"key":"PreservedInsect"},{"floor":34,"key":"Frozen Egg 2"},{"floor":34,"key":"Girya"},{"floor":39,"key":"Incense Burner"},{"floor":43,"key":"Omamori"},{"floor":43,"key":"The Courier"},{"floor":45,"key":"Whetstone"},{"floor":53,"key":"Pocketwatch"}],"event_choices":[{"damage_healed":0,"gold_gain":0,"player_choice":"Success","damage_taken":18,"relics_obtained":["Singing Bowl"],"max_hp_gain":0,"max_hp_loss":0,"event_name":"Scrap Ooze","floor":4,"gold_loss":0},{"damage_healed":0,"gold_gain":0,"player_choice":"Entered Light","damage_taken":34,"max_hp_gain":0,"max_hp_loss":0,"event_name":"Shining Light","floor":5,"gold_loss":0,"cards_upgraded":["Neutralize","PiercingWail"]},{"damage_healed":0,"gold_gain":0,"player_choice":"Read","damage_taken":0,"max_hp_gain":0,"max_hp_loss":0,"event_name":"The Library","floor":19,"gold_loss":0,"cards_obtained":["Backstab"]},{"damage_healed":0,"gold_gain":0,"player_choice":"1 cards matched","damage_taken":0,"max_hp_gain":0,"max_hp_loss":0,"event_name":"Match and Keep!","floor":21,"gold_loss":0,"cards_obtained":["Glass Knife"]},{"damage_healed":0,"gold_gain":0,"player_choice":"Fight","damage_taken":0,"max_hp_gain":0,"max_hp_loss":0,"event_name":"Mysterious Sphere","floor":39,"gold_loss":0},{"damage_healed":0,"gold_gain":0,"player_choice":"Took Portal","damage_taken":0,"max_hp_gain":0,"max_hp_loss":0,"event_name":"SecretPortal","floor":48,"gold_loss":0}],"is_beta":false,"boss_relics":[{"not_picked":["Snecko Eye","Cursed Key"],"picked":"Eternal Feather"},{"not_picked":["Runic Pyramid","Sozu"],"picked":"Calling Bell"}],"items_purged_floors":[6,11,20,29,36,38],"is_endless":false,"potions_floor_spawned":[12,14,16,22,23,35,39,41,53],"ascension_level":0}