{"gold_per_floor":[116,35,53,72,51,51,114,114,114,289,289],"floor_reached":11,"playtime":198,"items_purged":[],"score":73,"play_id":"f49fc886-4b8b-4fc3-a95a-162dc3ad7d14","local_time":"20181124145932","is_ascension_mode":true,"campfire_choices":[{"data":"Loop","floor":6,"key":"SMITH"}],"neow_cost":"NONE","seed_source_timestamp":687791856466973,"circlet_count":0,"master_deck":["Strike_B","Strike_B","Strike_B","Strike_B+1","Defend_B","Defend_B","Defend_B","Defend_B","Zap","Dualcast","Gash","Loop+1","Leap","Cold Snap+1","Hyperbeam","Doubt"],"relics":["Cracked Core","Boot","Regal Pillow","Pear"],"potions_floor_usage":[],"damage_taken":[{"damage":1,"enemies":"Cultist","floor":1,"turns":3},{"damage":2,"enemies":"Jaw Worm","floor":3,"turns":3},{"damage":3,"enemies":"Small Slimes","floor":4,"turns":3},{"damage":43,"enemies":"Gremlin Nob","floor":7,"turns":5},{"damage":0,"enemies":"3 Louse","floor":11,"turns":1}],"seed_played":"2833551895649305720","potions_obtained":[{"floor":4,"key":"EssenceOfSteel"},{"floor":7,"key":"GamblersBrew"}],"is_trial":false,"path_per_floor":["M","$","M","M","?","R","?","?","T","?","M"],"character_chosen":"DEFECT","items_purchased":["Loop"],"campfire_rested":0,"item_purchase_floors":[2],"current_hp_per_floor":[74,74,72,69,69,69,26,11,21,21,21],"gold":289,"neow_bonus":"RANDOM_COMMON_RELIC","is_prod":false,"is_daily":false,"chose_seed":false,"campfire_upgraded":1,"win_rate":0,"timestamp":1543067972,"path_taken":["M","$","M","?","?","R","?","?","T","?","M"],"build_version":"2018-11-15","purchased_purges":0,"victory":false,"max_hp_per_floor":[75,75,75,75,75,75,75,75,85,85,85],"card_choices":[{"not_picked":["Go for the Eyes","Compile Driver"],"picked":"Gash","floor":1},{"not_picked":["Fusion","Compile Driver"],"picked":"Leap","floor":3},{"not_picked":["Sweeping Beam","Capacitor"],"picked":"Cold Snap","floor":4},{"not_picked":["Fusion","Beam Cell"],"picked":"Hyperbeam","floor":7}],"player_experience":366006,"relics_obtained":[{"floor":7,"key":"Regal Pillow"},{"floor":9,"key":"Pear"}],"event_choices":[{"damage_healed":0,"gold_gain":0,"player_choice":"Left Gold","damage_taken":0,"max_hp_gain":0,"max_hp_loss":0,"event_name":"World of Goop","floor":5,"gold_loss":21},{"damage_healed":0,"gold_gain":0,"player_choice":"Searched \u00271\u0027 times","damage_taken":0,"max_hp_gain":0,"max_hp_loss":0,"event_name":"Dead Adventurer","floor":7,"gold_loss":0},{"damage_healed":0,"gold_gain":0,"player_choice":"Entered Light","damage_taken":15,"max_hp_gain":0,"max_hp_loss":0,"event_name":"Shining Light","floor":8,"gold_loss":0,"cards_upgraded":["Strike_B","Cold Snap"]},{"damage_healed":0,"gold_gain":175,"player_choice":"AGREE","damage_taken":0,"max_hp_gain":0,"max_hp_loss":0,"event_name":"Liars Game","floor":10,"gold_loss":0,"cards_obtained":["Doubt"]}],"is_beta":false,"boss_relics":[],"items_purged_floors":[],"is_endless":false,"potions_floor_spawned":[4,7],"killed_by":"3 Louse","ascension_level":4}