{"gold_per_floor":[114,127,302,302,302,343,343,367,367,367,317,24,24,57,57,177,177,193,211,211,236,257,257,282,282,306,306,306,23,97,20,20,149,149,173,298,321,337,337,337,17,17,17,42,60,76,76,3,3,3,3,3,3,36,36],"floor_reached":55,"playtime":2337,"items_purged":["Injury","Strike_B"],"score":693,"play_id":"25dfc31f-fd8c-4630-8f12-4e8bc917584d","local_time":"20190326001526","is_ascension_mode":false,"campfire_choices":[{"data":"Capacitor","floor":7,"key":"SMITH"},{"data":"Conserve Battery","floor":13,"key":"SMITH"},{"data":"Melter","floor":15,"key":"SMITH"},{"data":"Heatsinks","floor":23,"key":"SMITH"},{"data":"Zap","floor":28,"key":"SMITH"},{"floor":32,"key":"REST"},{"floor":40,"key":"RECALL"},{"data":"Doom and Gloom","floor":42,"key":"SMITH"},{"data":"Mind Blast","floor":49,"key":"SMITH"},{"data":"Creative AI","floor":52,"key":"SMITH"}],"neow_cost":"NONE","seed_source_timestamp":7723446482089,"circlet_count":0,"master_deck":["Strike_B","Strike_B+1","Strike_B+1","Defend_B","Defend_B","Defend_B","Defend_B","Zap+1","Dualcast","Melter+1","Capacitor+1","Conserve Battery+1","Deep Breath","BootSequence","Biased Cognition","Undo+1","Heatsinks+1","RitualDagger","Necronomicurse","Doom and Gloom+1","Jack Of All Trades+1","Creative AI+1","Seek","Doom and Gloom","FTL+1","Capacitor","Consume","Darkness+1","Mind Blast+1","Panacea"],"relics":["FrozenCore","NeowsBlessing","Golden Idol","Gremlin Horn","Ornamental Fan","Torii","Membership Card","Bird Faced Urn","Bag of Marbles","Necronomicon","Bottled Lightning","Toy Ornithopter","Symbiotic Virus","Lantern","Busted Crown","StoneCalendar","Mummified Hand","Toolbox","Gambling Chip"],"potions_floor_usage":[14,14,14,16,21,30,30,45,46,46,50,50],"damage_taken":[{"damage":0,"enemies":"2 Louse","floor":1,"turns":1},{"damage":0,"enemies":"Small Slimes","floor":2,"turns":1},{"damage":0,"enemies":"Lagavulin","floor":6,"turns":3},{"damage":0,"enemies":"Jaw Worm","floor":8,"turns":3},{"damage":1,"enemies":"3 Sentries","floor":14,"turns":4},{"damage":41,"enemies":"Slime Boss","floor":16,"turns":9},{"damage":0,"enemies":"Chosen","floor":18,"turns":5},{"damage":1,"enemies":"2 Thieves","floor":19,"turns":5},{"damage":11,"enemies":"Snecko","floor":21,"turns":8},{"damage":17,"enemies":"Snake Plant","floor":22,"turns":8},{"damage":1,"enemies":"Sentry and Sphere","floor":24,"turns":5},{"damage":18,"enemies":"Slavers","floor":30,"turns":6},{"damage":58,"enemies":"Collector","floor":33,"turns":9},{"damage":2,"enemies":"Orb Walker","floor":35,"turns":4},{"damage":6,"enemies":"Mind Bloom Boss Battle","floor":36,"turns":6},{"damage":1,"enemies":"3 Darklings","floor":37,"turns":2},{"damage":0,"enemies":"Sphere and 2 Shapes","floor":38,"turns":4},{"damage":0,"enemies":"Jaw Worm Horde","floor":44,"turns":1},{"damage":1,"enemies":"3 Darklings","floor":45,"turns":3},{"damage":16,"enemies":"Writhing Mass","floor":46,"turns":5},{"damage":79,"enemies":"Awakened One","floor":50,"turns":8},{"damage":39,"enemies":"Shield and Spear","floor":54,"turns":6},{"damage":64,"enemies":"The Heart","floor":55,"turns":2}],"seed_played":"3694816954198998194","potions_obtained":[{"floor":1,"key":"EntropicBrew"},{"floor":16,"key":"SpeedPotion"},{"floor":21,"key":"Block Potion"},{"floor":24,"key":"AttackPotion"},{"floor":33,"key":"Swift Potion"},{"floor":36,"key":"Block Potion"},{"floor":44,"key":"PowerPotion"},{"floor":45,"key":"EssenceOfSteel"}],"is_trial":false,"path_per_floor":["M","M","?","?","?","E","R","M","T","T","?","$","R","E","R","B",null,"M","M","?","M","M","R","M","?","T","?","R","$","E","$","R","B",null,"M","?","M","M","?","R","$","R","T","M","M","M","?","$","R","B",null,"R","$","E","B"],"character_chosen":"DEFECT","items_purchased":["Membership Card","Deep Breath","Doom and Gloom","Jack Of All Trades","Bottled Lightning","Toy Ornithopter","Lantern","Mummified Hand","Capacitor","Toolbox","Panacea","Fire Potion"],"campfire_rested":1,"item_purchase_floors":[12,12,29,29,29,29,31,41,41,41,48,48],"current_hp_per_floor":[75,75,75,75,60,60,60,60,60,60,60,60,60,59,59,20,75,75,74,68,63,52,52,57,57,57,41,41,41,37,37,59,19,75,74,75,74,75,75,75,75,75,75,75,75,64,64,64,64,8,75,75,75,46,0],"gold":36,"neow_bonus":"THREE_ENEMY_KILL","is_prod":false,"is_daily":false,"chose_seed":false,"campfire_upgraded":8,"win_rate":0,"timestamp":1553573726,"path_taken":["M","M","?","?","?","E","R","?","T","?","?","$","R","E","R","BOSS","M","M","?","M","M","R","M","?","T","?","R","$","E","$","R","BOSS","M","?","M","M","?","R","$","R","T","M","M","?","?","$","R","BOSS","R","$","E","BOSS"],"build_version":"2019-01-23","purchased_purges":2,"victory":false,"max_hp_per_floor":[75,75,75,75,75,75,75,75,75,75,75,75,75,75,75,75,75,75,75,75,75,75,75,75,75,75,75,75,75,75,75,75,75,75,75,75,75,75,75,75,75,75,75,75,75,75,75,75,75,75,75,75,75,75,75],"card_choices":[{"not_picked":["Streamline","Turbo"],"picked":"Melter","floor":1},{"not_picked":["Double Energy","Steam"],"picked":"Capacitor","floor":2},{"not_picked":["Rebound","Sweeping Beam"],"picked":"Conserve Battery","floor":6},{"not_picked":["Barrage","Sunder","Force Field"],"picked":"SKIP","floor":8},{"not_picked":["Coolheaded","Auto Shields"],"picked":"BootSequence","floor":14},{"not_picked":["Rainbow","Thunder Strike"],"picked":"Biased Cognition","floor":16},{"not_picked":["Redo","Gash"],"picked":"Undo+1","floor":18},{"not_picked":["Sweeping Beam","Go for the Eyes"],"picked":"Heatsinks","floor":19},{"not_picked":["Glacier","Redo","Streamline"],"picked":"SKIP","floor":21},{"not_picked":["Barrage+1","Cold Snap","Steam"],"picked":"SKIP","floor":22},{"not_picked":["Sunder","Stack","Coolheaded"],"picked":"SKIP","floor":24},{"not_picked":["Force Field+1","Barrage+1"],"picked":"Creative AI","floor":30},{"not_picked":["Rainbow","Hyperbeam"],"picked":"Seek","floor":33},{"not_picked":["Gash"],"picked":"SKIP","floor":35},{"not_picked":[],"picked":"Doom and Gloom","floor":36},{"not_picked":["Redo"],"picked":"SKIP","floor":37},{"not_picked":[],"picked":"FTL+1","floor":38},{"not_picked":[],"picked":"Consume","floor":44},{"not_picked":["Sweeping Beam+1"],"picked":"SKIP","floor":45},{"not_picked":[],"picked":"Darkness+1","floor":46},{"not_picked":[],"picked":"Mind Blast","floor":47},{"not_picked":["Loop"],"picked":"SKIP","floor":54}],"player_experience":745442,"relics_obtained":[{"floor":6,"key":"Gremlin Horn"},{"floor":9,"key":"Ornamental Fan"},{"floor":10,"key":"Torii"},{"floor":14,"key":"Bird Faced Urn"},{"floor":26,"key":"Bag of Marbles"},{"floor":27,"key":"Necronomicon"},{"floor":30,"key":"Symbiotic Virus"},{"floor":36,"key":"StoneCalendar"},{"floor":54,"key":"Gambling Chip"}],"event_choices":[{"damage_healed":0,"gold_gain":175,"player_choice":"AGREE","damage_taken":0,"max_hp_gain":0,"max_hp_loss":0,"event_name":"Liars Game","floor":3,"gold_loss":0,"cards_obtained":["Doubt"]},{"damage_healed":0,"gold_gain":0,"player_choice":"Take Wound","damage_taken":0,"relics_obtained":["Golden Idol"],"max_hp_gain":0,"max_hp_loss":0,"event_name":"Golden Idol","floor":4,"gold_loss":0,"cards_obtained":["Injury"]},{"damage_healed":0,"gold_gain":0,"player_choice":"Entered Light","damage_taken":15,"max_hp_gain":0,"max_hp_loss":0,"event_name":"Shining Light","floor":5,"gold_loss":0,"cards_upgraded":["Strike_B","Strike_B"]},{"cards_removed":["Doubt"],"damage_healed":0,"gold_gain":0,"player_choice":"Card Removal","damage_taken":0,"max_hp_gain":0,"max_hp_loss":0,"event_name":"The Cleric","floor":11,"gold_loss":50},{"damage_healed":0,"gold_gain":0,"player_choice":"Joined the Cult","damage_taken":6,"max_hp_gain":0,"max_hp_loss":0,"event_name":"Nest","floor":20,"gold_loss":0,"cards_obtained":["RitualDagger"]},{"damage_healed":0,"gold_gain":0,"player_choice":"Ignored","damage_taken":0,"max_hp_gain":0,"max_hp_loss":0,"event_name":"Ghosts","floor":25,"gold_loss":0},{"damage_healed":0,"gold_gain":0,"player_choice":"Obtained Book","damage_taken":16,"max_hp_gain":0,"max_hp_loss":0,"event_name":"Cursed Tome","floor":27,"gold_loss":0},{"damage_healed":0,"gold_gain":0,"player_choice":"Fight","damage_taken":0,"max_hp_gain":0,"max_hp_loss":0,"event_name":"MindBloom","floor":36,"gold_loss":0},{"damage_healed":0,"gold_gain":0,"player_choice":"Upgraded","damage_taken":0,"max_hp_gain":0,"max_hp_loss":0,"event_name":"Upgrade Shrine","floor":39,"gold_loss":0,"cards_upgraded":["Jack Of All Trades"]},{"damage_healed":0,"gold_gain":0,"player_choice":"Memory 1","damage_taken":0,"max_hp_gain":0,"max_hp_loss":0,"event_name":"SensoryStone","floor":47,"gold_loss":0}],"is_beta":false,"boss_relics":[{"not_picked":["White Beast Statue","Black Star"],"picked":"FrozenCore"},{"not_picked":["Lizard Tail","Snecko Eye"],"picked":"Busted Crown"}],"items_purged_floors":[12,41],"is_endless":false,"potions_floor_spawned":[1,16,21,24,33,36,44,45],"killed_by":"The Heart","ascension_level":0}