{"path_per_floor":["M","?","?","M","M","R","E","M","T","$","M","M","R","?","R","B",null,"M","M","M","M","M","R","$","?","T","M","R","?","M","E","R","B",null,"M","?","M","M","?","R","E","M","T","R","M","M","?","$","R","B"],"character_chosen":"DEFECT","items_purchased":["Lantern","Flash of Steel","Self Repair","Self Repair","Mind Blast+1","Bottled Tornado","Hologram","Steam Power"],"gold_per_floor":[114,189,189,204,219,219,249,264,264,2,17,32,32,32,32,132,132,147,162,177,192,207,207,41,41,41,56,56,56,71,101,101,201,201,216,216,231,246,246,246,276,291,366,366,381,396,409,25,25,25],"floor_reached":51,"campfire_rested":3,"playtime":2487,"item_purchase_floors":[10,10,24,24,48,48,48,48],"current_hp_per_floor":[75,64,70,70,62,62,55,47,47,47,46,53,53,50,50,38,99,84,81,70,29,2,31,31,31,37,42,42,42,25,21,37,20,61,55,61,67,56,56,56,40,46,52,52,66,58,58,58,73,63],"items_purged":["Strike_B","Normality"],"gold":25,"score":903,"play_id":"0c10a755-908d-4d92-9390-0ab44f3acaef","local_time":"20180602223337","daily_mods":["Brewmaster","Cursed Run","Uncertain Future"],"is_prod":false,"is_daily":true,"chose_seed":false,"is_ascension_mode":false,"campfire_upgraded":6,"win_rate":0,"timestamp":1527993217,"campfire_choices":[{"data":"Zap","floor":6,"key":"SMITH"},{"data":"Dualcast","floor":13,"key":"SMITH"},{"data":"Venomology","floor":15,"key":"SMITH"},{"floor":23,"key":"REST"},{"data":"Echo Form","floor":28,"key":"SMITH"},{"floor":32,"key":"REST"},{"data":"Reboot","floor":40,"key":"SMITH"},{"data":"Reboot","floor":44,"key":"SMITH"},{"floor":49,"key":"REST"}],"path_taken":["M","?","?","M","M","R","E","M","T","$","M","M","R","?","R","BOSS","M","M","M","M","M","R","$","?","T","?","R","?","M","E","R","BOSS","M","?","M","M","?","R","E","M","T","R","M","M","?","$","R","BOSS"],"build_version":"2018-05-30v2","seed_source_timestamp":43257176889639,"purchased_purges":2,"victory":true,"master_deck":["Strike_B","Strike_B","Strike_B","Defend_B","Defend_B","Defend_B","Defend_B","Zap+1","Dualcast+1","Venomology+1","Venomology","Venomology","Venomology","Venomology","Beam Cell","Regret","Compile Driver","Aggregate","Flash of Steel","Gash","Leap","Echo Form+1","Clumsy","Pain","Compile Driver+1","Fusion+1","Sweeping Beam+1","White Noise+1","Barrage+1","Self Repair","Self Repair","Ghostly","Ghostly","Ghostly","Ghostly","Ghostly","Normality","Beam Cell+1","Defragment+1","Coolheaded","Injury","Reboot+1","Glacier","Decay","Leap+1","Darkness+1","Reboot+1","Go for the Eyes+1","Rebound+1","Pain","Sweeping Beam+1","Capacitor+1","Aggregate+1","Mind Blast+1","Hologram","Steam Power","Aggregate+1","Decay"],"max_hp_per_floor":[75,75,81,81,81,81,81,81,81,81,81,81,81,81,81,81,99,99,99,99,99,99,99,99,49,55,55,55,55,55,55,55,61,61,61,67,67,67,67,67,67,67,73,73,73,73,73,73,73,79],"relics":["Cursed Key","Darkstone Periapt","Du-Vu Doll","White Beast Statue","Omamori","Happy Flower","The Courier","Lantern","Bronze Scales","Calling Bell","Ancient Tea Set","Molten Egg 2","Thread and Needle","Toolbox","Mummified Hand","Black Star","Juzu Bracelet","Dream Catcher","Centennial Puzzle","Dead Branch","Bottled Tornado"],"card_choices":[{"not_picked":["Ball Lightning","Redo"],"picked":"Beam Cell","floor":1},{"not_picked":["Cold Snap","Conserve Battery"],"picked":"Compile Driver","floor":4},{"not_picked":["Cold Snap","Rebound"],"picked":"Aggregate","floor":5},{"not_picked":["Streamline","Buffer","Hologram"],"picked":"SKIP","floor":7},{"not_picked":["Chaos","Sweeping Beam","Fusion"],"picked":"SKIP","floor":8},{"not_picked":["Recycle","Storm"],"picked":"Gash","floor":11},{"not_picked":["Biased Cognition","Defragment"],"picked":"Leap","floor":12},{"not_picked":["Hyperbeam","Multi-Cast"],"picked":"Echo Form","floor":16},{"not_picked":["Chill","Hello World"],"picked":"Compile Driver+1","floor":18},{"not_picked":["Doom and Gloom+1","Loop"],"picked":"Fusion+1","floor":19},{"not_picked":["Darkness","Stack"],"picked":"Sweeping Beam+1","floor":20},{"not_picked":["Ball Lightning+1","Rebound+1"],"picked":"White Noise+1","floor":21},{"not_picked":["Double Energy","Undo"],"picked":"Barrage+1","floor":22},{"not_picked":["Darkness","Hologram","Beam Cell+1"],"picked":"SKIP","floor":27},{"not_picked":["Darkness","Hologram"],"picked":"Beam Cell+1","floor":27},{"not_picked":["Hologram","Rainbow"],"picked":"Defragment+1","floor":30},{"not_picked":["Turbo","Stack"],"picked":"Coolheaded","floor":31},{"not_picked":["Biased Cognition","Creative AI"],"picked":"Reboot","floor":33},{"not_picked":["Fusion","Turbo+1"],"picked":"Glacier","floor":35},{"not_picked":["Compile Driver+1","Chaos"],"picked":"Leap+1","floor":37},{"not_picked":["Sweeping Beam+1","Thunder Strike+1"],"picked":"Darkness+1","floor":38},{"not_picked":["Streamline+1","Steam Power"],"picked":"Go for the Eyes+1","floor":41},{"not_picked":["Go for the Eyes+1","Leap+1"],"picked":"Rebound+1","floor":42},{"not_picked":["Rip and Tear+1","Reprogram+1"],"picked":"Sweeping Beam+1","floor":45},{"not_picked":["Rip and Tear+1","Cold Snap+1"],"picked":"Capacitor+1","floor":46},{"not_picked":["Stack+1","Conserve Battery"],"picked":"Aggregate+1","floor":47},{"not_picked":["Cold Snap+1","Steam"],"picked":"Aggregate+1","floor":49}],"player_experience":272108,"potions_floor_usage":[1,1,1,1,4,5,5,5,7,7,7,7,7,8,8,8,11,11,12,12,12,12,16,16,16,16,16,16,16,16,18,18,18,18,18,19,19,19,20,20,20,21,21,21,22,22,22,22,27,27,27,30,30,31,31,33,33,33,33,33,35,35,37,37,37,38,41,41,41,42,42,42,47,47,50,50,50,50,50,50,50],"damage_taken":[{"damage":0,"enemies":"Small Slimes","floor":1,"turns":3},{"damage":0,"enemies":"2 Louse","floor":4,"turns":1},{"damage":8,"enemies":"Jaw Worm","floor":5,"turns":3},{"damage":7,"enemies":"3 Sentries","floor":7,"turns":5},{"damage":8,"enemies":"3 Louse","floor":8,"turns":2},{"damage":1,"enemies":"Looter","floor":11,"turns":3},{"damage":2,"enemies":"Large Slime","floor":12,"turns":3},{"damage":12,"enemies":"The Guardian","floor":16,"turns":8},{"damage":15,"enemies":"2 Thieves","floor":18,"turns":4},{"damage":3,"enemies":"Spheric Guardian","floor":19,"turns":4},{"damage":11,"enemies":"Snake Plant","floor":20,"turns":3},{"damage":41,"enemies":"Centurion and Healer","floor":21,"turns":6},{"damage":27,"enemies":"Slaver and Parasite","floor":22,"turns":5},{"damage":2,"enemies":"Snake Plant","floor":27,"turns":3},{"damage":52,"enemies":"Cultist and Chosen","floor":30,"turns":8},{"damage":11,"enemies":"Book of Stabbing","floor":31,"turns":4},{"damage":30,"enemies":"Collector","floor":33,"turns":10},{"damage":20,"enemies":"3 Shapes","floor":35,"turns":4},{"damage":0,"enemies":"Orb Walker","floor":37,"turns":3},{"damage":18,"enemies":"Sphere and 2 Shapes","floor":38,"turns":5},{"damage":37,"enemies":"Nemesis","floor":41,"turns":7},{"damage":1,"enemies":"Flame Bruiser 2 Orb","floor":42,"turns":4},{"damage":0,"enemies":"3 Darklings","floor":45,"turns":5},{"damage":15,"enemies":"4 Shapes","floor":46,"turns":4},{"damage":19,"enemies":"Mysterious Sphere","floor":47,"turns":5},{"damage":30,"enemies":"Awakened One","floor":50,"turns":6}],"relics_obtained":[{"floor":7,"key":"Happy Flower"},{"floor":9,"key":"The Courier"},{"floor":17,"key":"Ancient Tea Set"},{"floor":17,"key":"Molten Egg 2"},{"floor":17,"key":"Thread and Needle"},{"floor":26,"key":"Toolbox"},{"floor":31,"key":"Mummified Hand"},{"floor":41,"key":"Juzu Bracelet"},{"floor":41,"key":"Dream Catcher"},{"floor":43,"key":"Centennial Puzzle"},{"floor":47,"key":"Dead Branch"}],"event_choices":[{"event_name":"World of Goop","player_choice":"Gather Gold","floor":2,"damage_taken":0},{"event_name":"Big Fish","player_choice":"Box","floor":3,"damage_taken":0},{"event_name":"Scrap Ooze","player_choice":"success","floor":14,"damage_taken":3},{"event_name":"Ghosts","player_choice":"Became a Ghost","floor":25,"damage_taken":0},{"event_name":"Addict","player_choice":"Ignored","floor":29,"damage_taken":0},{"event_name":"Wheel of Change","player_choice":"Curse","floor":36,"damage_taken":0},{"event_name":"Duplicator","player_choice":"One dupe","floor":39,"damage_taken":0},{"event_name":"Mysterious Sphere","player_choice":"Fight","floor":47,"damage_taken":0}],"boss_relics":[{"not_picked":["Lizard Tail","Eternal Feather"],"picked":"Calling Bell"},{"not_picked":["Velvet Choker","Inserter"],"picked":"Black Star"}],"items_purged_floors":[10,24],"potions_floor_spawned":[1,4,5,7,8,11,12,16,18,19,20,21,22,27,30,31,33,35,37,38,41,42,45,46,47],"seed_played":"8893598992173634706","ascension_level":0,"potions_obtained":[{"floor":1,"key":"FocusPotion"},{"floor":4,"key":"Weak Potion"},{"floor":5,"key":"Explosive Potion"},{"floor":7,"key":"AttackPotion"},{"floor":8,"key":"LiquidBronze"},{"floor":11,"key":"Swift Potion"},{"floor":16,"key":"SteroidPotion"},{"floor":22,"key":"LiquidBronze"},{"floor":27,"key":"EssenceOfSteel"},{"floor":30,"key":"LiquidBronze"},{"floor":31,"key":"Ancient Potion"},{"floor":33,"key":"Explosive Potion"},{"floor":41,"key":"GamblersBrew"},{"floor":45,"key":"Regen Potion"},{"floor":46,"key":"AttackPotion"},{"floor":47,"key":"LiquidBronze"}],"is_trial":false}