{"path_per_floor":["M","M","M","M","$","E","M","?","T","?","E","M","R","M","R","B",null,"M","M","?","$","M","R","?","M","T","R","M","R","M","M","R","B",null,"M","?","?","M","M","R","E","M","T","M","R","?","M","M","R"],"character_chosen":"THE_SILENT","items_purchased":["Quick Slash","Dodge and Roll","Dagger Throw"],"gold_per_floor":[112,129,143,161,37,64,82,82,82,82,114,127,127,144,144,240,240,255,266,266,71,82,82,82,102,129,129,140,140,155,175,175,276,276,296,296,296,311,322,322,351,364,664,679,679,679,691,702,702,702],"floor_reached":50,"campfire_rested":4,"playtime":7213,"current_hp_per_floor":[70,67,66,62,62,46,39,39,53,53,33,20,45,42,42,9,84,74,73,73,73,53,53,53,52,52,52,46,46,31,31,56,38,84,69,69,84,71,61,61,31,18,18,17,42,42,42,22,47,0],"items_purged":["Strike_G","Defend_G"],"gold":702,"score":517,"play_id":"8364d151-537e-4d8a-a917-f8143981f18e","local_time":"20180327164312","is_prod":false,"is_daily":false,"is_ascension_mode":false,"campfire_upgraded":0,"timestamp":1522161792,"path_taken":["M","M","M","M","?","E","M","?","T","?","E","M","R","M","R","BOSS","M","M","?","$","?","R","?","M","T","R","M","R","M","?","R","BOSS","M","?","?","?","M","R","E","M","T","M","R","?","M","M","R","BOSS"],"build_version":"2018-03-22v2","purchased_purges":3,"victory":false,"master_deck":["Defend_G","Survivor","Neutralize","Acrobatics","Calculated Gamble","Dodge and Roll","Prepared","Eviscerate","Quick Slash","Outmaneuver","Flying Knee","Terror+1","Predator","Escape Plan+1","Burst+1","Underhanded Strike","Slice","Endless Agony","Acrobatics+1","Dagger Throw+1","Prepared+1","Dodge and Roll+1","Dagger Throw","Reflex+1","Decay","Outmaneuver+1","Dodge and Roll+1","Tactician+1","Storm of Steel+1","Writhe","Acrobatics+1","Well Laid Plans+1","Underhanded Strike+1","Prepared+1","Calculated Gamble+1","Doppelganger+1"],"max_hp_per_floor":[70,70,70,70,70,70,70,70,84,84,84,84,84,84,84,84,84,84,84,84,84,84,84,84,84,84,84,84,84,84,84,84,84,84,84,84,84,84,84,84,84,84,84,84,84,84,84,84,84,84],"relics":["Ring of the Snake","Peace Pipe","Toxic Egg 2","Dead Branch","Orrery","Nloth\u0027s Gift","Anchor","Lizard Tail","Darkstone Periapt","Old Coin"],"card_choices":[{"not_picked":["Eviscerate","Acrobatics"],"picked":"Calculated Gamble","floor":1},{"not_picked":["Outmaneuver","Catalyst"],"picked":"Dodge and Roll","floor":2},{"not_picked":["Expertise","Bouncing Flask"],"picked":"Prepared","floor":3},{"not_picked":["Noxious Fumes","Die Die Die"],"picked":"Eviscerate","floor":4},{"not_picked":["Footwork","Skewer"],"picked":"Outmaneuver","floor":6},{"not_picked":["Dagger Spray","Caltrops"],"picked":"Flying Knee","floor":7},{"not_picked":["Caltrops","Phantasmal Killer"],"picked":"Predator","floor":11},{"not_picked":["Blade Dance","Quick Slash"],"picked":"Underhanded Strike","floor":12},{"not_picked":["Distraction","Catalyst"],"picked":"Escape Plan","floor":14},{"not_picked":["A Thousand Cuts","Night Terror"],"picked":"Burst","floor":16},{"not_picked":["All Out Attack","Riddle With Holes"],"picked":"Underhanded Strike","floor":17},{"not_picked":["Dash","Deflect"],"picked":"Slice","floor":17},{"not_picked":["Bane","Finisher"],"picked":"Endless Agony","floor":17},{"not_picked":["Flying Knee","Underhanded Strike"],"picked":"Acrobatics","floor":17},{"not_picked":["Sucker Punch","Poisoned Stab"],"picked":"Dagger Throw","floor":18},{"not_picked":["Terror","Distraction"],"picked":"Prepared","floor":19},{"not_picked":["Acrobatics","Dodge and Roll"],"picked":"Reflex","floor":22},{"not_picked":["Dodge and Roll","Distraction"],"picked":"Outmaneuver","floor":25},{"not_picked":["Quick Slash","Noxious Fumes"],"picked":"Dodge and Roll","floor":28},{"not_picked":["Caltrops","Blur"],"picked":"Tactician","floor":30},{"not_picked":["Phantasmal Killer","Bullet Time"],"picked":"Storm of Steel","floor":33},{"not_picked":["Distraction","Choke"],"picked":"Acrobatics","floor":38},{"not_picked":["Finisher","Unload"],"picked":"Well Laid Plans","floor":39},{"not_picked":["Backstab","Quick Slash"],"picked":"Underhanded Strike","floor":41},{"not_picked":["Dagger Throw","Poisoned Stab"],"picked":"Prepared","floor":42},{"not_picked":["Flying Knee","Infinite Blades"],"picked":"Calculated Gamble","floor":44},{"not_picked":["Malaise","Dodge and Roll"],"picked":"Doppelganger","floor":47}],"player_experience":105752,"potions_floor_usage":[6,6,11,25,28,33,35,39,39,41,50,50,50],"damage_taken":[{"damage":0,"enemies":"Cultist","floor":1,"turns":4},{"damage":3,"enemies":"Jaw Worm","floor":2,"turns":3},{"damage":1,"enemies":"2 Louse","floor":3,"turns":3},{"damage":4,"enemies":"Looter","floor":4,"turns":4},{"damage":16,"enemies":"Lagavulin","floor":6,"turns":9},{"damage":7,"enemies":"2 Fungi Beasts","floor":7,"turns":6},{"damage":20,"enemies":"Gremlin Nob","floor":11,"turns":4},{"damage":13,"enemies":"Lots of Slimes","floor":12,"turns":4},{"damage":3,"enemies":"Exordium Thugs","floor":14,"turns":5},{"damage":33,"enemies":"Hexaghost","floor":16,"turns":9},{"damage":10,"enemies":"Chosen","floor":18,"turns":3},{"damage":1,"enemies":"3 Byrds","floor":19,"turns":5},{"damage":20,"enemies":"Slaver and Parasite","floor":22,"turns":4},{"damage":1,"enemies":"Sentry and Sphere","floor":25,"turns":3},{"damage":6,"enemies":"Centurion and Healer","floor":28,"turns":5},{"damage":15,"enemies":"3 Cultists","floor":30,"turns":5},{"damage":0,"enemies":"Snake Plant","floor":31,"turns":5},{"damage":18,"enemies":"Champ","floor":33,"turns":7},{"damage":15,"enemies":"3 Darklings","floor":35,"turns":8},{"damage":13,"enemies":"3 Shapes","floor":38,"turns":5},{"damage":10,"enemies":"3 Darklings","floor":39,"turns":6},{"damage":30,"enemies":"Giant Head","floor":41,"turns":6},{"damage":13,"enemies":"Sphere and 2 Shapes","floor":42,"turns":5},{"damage":1,"enemies":"4 Shapes","floor":44,"turns":11},{"damage":0,"enemies":"Maw","floor":47,"turns":5},{"damage":20,"enemies":"3 Darklings","floor":48,"turns":5},{"damage":121,"enemies":"Awakened One","floor":50,"turns":13}],"event_choices":[{"event_name":"Wheel of Change","player_choice":"Relic","floor":8,"damage_taken":0},{"event_name":"Living Wall","player_choice":"Change","floor":10,"damage_taken":0},{"event_name":"N\u0027loth","player_choice":"Traded a Mango","floor":20,"damage_taken":0},{"event_name":"Forgotten Altar","player_choice":"Smashed Altar","floor":24,"damage_taken":0},{"event_name":"Winding Halls","player_choice":"Writhe","floor":37,"damage_taken":0},{"event_name":"Mysterious Sphere","player_choice":"Ignore","floor":46,"damage_taken":0}],"boss_relics":[{"not_picked":["Ectoplasm","Velvet Choker"],"picked":"Orrery"},{"not_picked":["Astrolabe","The Specimen"],"picked":"Lizard Tail"}],"potions_floor_spawned":[1,2,7,12,19,22,25,33,38,42,44,48],"seed_played":"-7787798188845345609","killed_by":"Awakened One","ascension_level":0,"is_trial":false}