{"gold_per_floor":[119,119,129,149,149,149,179,162,162,193,207,207,207,207,207,281,281,293,307,318,318,56,56,72,72,72,72,72,101,116,136,136,213,213,228,228,228,244,244,276,5,5,5,15,48,48,60,0,0,0],"floor_reached":51,"playtime":3693,"items_purged":[],"score":1197,"play_id":"afd5cd2c-b697-48f6-92a6-eed40ebfa679","local_time":"20180701185859","is_ascension_mode":true,"campfire_choices":[{"data":"Sucker Punch","floor":6.0,"key":"SMITH"},{"floor":13.0,"key":"REST"},{"floor":15.0,"key":"REST"},{"floor":23.0,"key":"REST"},{"data":"After Image","floor":25.0,"key":"SMITH"},{"data":"Cloak And Dagger","floor":28.0,"key":"SMITH"},{"floor":32.0,"key":"REST"},{"floor":42,"key":"REST"},{"data":"Cloak And Dagger","floor":46,"key":"SMITH"},{"data":"Cloak And Dagger","floor":49,"key":"SMITH"}],"neow_cost":"","seed_source_timestamp":0,"circlet_count":0,"master_deck":["Defend_G+1","Defend_G+1","Defend_G+1","Defend_G+1","Strike_G+1","Strike_G+1","Strike_G+1","Strike_G+1","Strike_G+1","Neutralize+1","AscendersBane","Sucker Punch+1","Dodge and Roll+1","Well Laid Plans","Flying Knee+1","Cloak And Dagger+1","Flying Knee","After Image+1","Dagger Spray","Cloak And Dagger+1","Quick Slash","Escape Plan","Backflip","Adrenaline","After Image","Sucker Punch","Bandage Up","Madness","Madness","Tools of the Trade","Cloak And Dagger+1","Adrenaline"],"special_seed":0,"relics":["Ring of the Snake","War Paint","Kunai","Sozu","Paper Crane","Letter Opener","Nloth\u0027s Gift","Shuriken","Empty Cage","Omamori","Ninja Scroll","Bronze Scales","Sundial","Red Mask"],"potions_floor_usage":[],"damage_taken":[{"damage":4.0,"enemies":"Jaw Worm","floor":1.0,"turns":6.0},{"damage":3.0,"enemies":"Small Slimes","floor":3.0,"turns":5.0},{"damage":0.0,"enemies":"Cultist","floor":4.0,"turns":4.0},{"damage":17.0,"enemies":"3 Sentries","floor":7.0,"turns":12.0},{"damage":3.0,"enemies":"Exordium Thugs","floor":8.0,"turns":4.0},{"damage":12.0,"enemies":"Gremlin Nob","floor":10.0,"turns":4.0},{"damage":0.0,"enemies":"2 Fungi Beasts","floor":11.0,"turns":4.0},{"damage":40.0,"enemies":"Hexaghost","floor":16.0,"turns":18.0},{"damage":1.0,"enemies":"Spheric Guardian","floor":18.0,"turns":6.0},{"damage":10.0,"enemies":"Shell Parasite","floor":19.0,"turns":7.0},{"damage":18.0,"enemies":"Centurion and Healer","floor":20.0,"turns":14.0},{"damage":9.0,"enemies":"Sentry and Sphere","floor":24.0,"turns":8.0},{"damage":27.0,"enemies":"Gremlin Leader","floor":29.0,"turns":9.0},{"damage":0.0,"enemies":"Cultist and Chosen","floor":30.0,"turns":7.0},{"damage":0.0,"enemies":"Slaver and Parasite","floor":31.0,"turns":5.0},{"damage":40.0,"enemies":"Collector","floor":33.0,"turns":11.0},{"damage":5,"enemies":"Orb Walker","floor":35,"turns":3},{"damage":3,"enemies":"3 Darklings","floor":38,"turns":5},{"damage":3,"enemies":"Giant Head","floor":40,"turns":10},{"damage":1,"enemies":"4 Shapes","floor":44,"turns":5},{"damage":0,"enemies":"Nemesis","floor":45,"turns":9},{"damage":0,"enemies":"Maw","floor":47,"turns":8},{"damage":50,"enemies":"Awakened One","floor":50,"turns":12}],"seed_played":"-3822321447116003664","potions_obtained":[{"floor":3.0,"key":"Strength Potion"},{"floor":4.0,"key":"SkillPotion"},{"floor":10.0,"key":"Energy Potion"}],"is_trial":false,"path_per_floor":["M","?","M","M","?","R","E","M","T","E","M","?","R","?","R","B",null,"M","M","M","?","$","R","M","R","T","?","R","E","M","M","R","B",null,"M","?","?","M","$","E","$","R","T","M","E","R","M","?","R","B"],"character_chosen":"THE_SILENT","items_purchased":["Paper Crane","Ninja Scroll","Cloak And Dagger"],"campfire_rested":5,"item_purchase_floors":[],"current_hp_per_floor":[73,73,70,70,63,63,46,43,43,31,31,36,62,44,70,30,74,73,63,45,45,45,71,62,62,62,62,62,35,35,35,61,21,72,67,67,56,57,57,58,58,84,84,87,89,89,89,89,89,43],"gold":0,"neow_bonus":"","is_prod":false,"is_daily":false,"chose_seed":false,"campfire_upgraded":5,"win_rate":0,"timestamp":1530496739,"path_taken":["M","?","M","M","?","R","E","?","T","E","M","?","R","?","R","BOSS","M","M","M","?","$","R","M","R","T","?","R","E","M","M","R","BOSS","M","?","?","M","$","E","$","R","T","?","E","R","M","?","R","BOSS"],"build_version":"2018-06-28","purchased_purges":0,"victory":true,"max_hp_per_floor":[84,84,84,84,84,84,84,84,84,84,84,89,89,89,89,89,89,89,89,89,89,89,89,89,89,89,89,89,89,89,89,89,89,89,89,89,89,89,89,89,89,89,89,89,89,89,89,89,89,89],"card_choices":[{"not_picked":["Deadly Poison","Heel Hook"],"picked":"Sucker Punch","floor":1.0},{"not_picked":["Poisoned Stab","Finisher","Prepared"],"picked":"SKIP","floor":3.0},{"not_picked":["Predator","Backstab"],"picked":"Dodge and Roll","floor":4.0},{"not_picked":["Bane","Finisher"],"picked":"Well Laid Plans","floor":7.0},{"not_picked":["Dagger Throw","Quick Slash"],"picked":"Flying Knee","floor":8.0},{"not_picked":["Deflect","Bane"],"picked":"Cloak And Dagger","floor":10.0},{"not_picked":["Skewer","Dash"],"picked":"Flying Knee","floor":11.0},{"not_picked":["Unload","Burst"],"picked":"After Image","floor":16.0},{"not_picked":["Choke","Slice"],"picked":"Dagger Spray","floor":18.0},{"not_picked":["Flying Knee","Outmaneuver+1","Underhanded Strike"],"picked":"SKIP","floor":19.0},{"not_picked":["Skewer","Flying Knee"],"picked":"Cloak And Dagger","floor":20.0},{"not_picked":["Slice","Flying Knee"],"picked":"Quick Slash","floor":24.0},{"not_picked":["PiercingWail","Acrobatics+1"],"picked":"Escape Plan","floor":29.0},{"not_picked":["Underhanded Strike","Outmaneuver"],"picked":"Backflip","floor":30.0},{"not_picked":["Bane+1","Tools of the Trade"],"picked":"Adrenaline","floor":31.0},{"not_picked":["Adrenaline","Glass Knife"],"picked":"After Image","floor":33.0},{"not_picked":["Dodge and Roll","Poisoned Stab"],"picked":"Sucker Punch","floor":35},{"not_picked":["Purity","Panacea"],"picked":"Bandage Up","floor":36},{"not_picked":["Bullet Time","Quick Slash","Bane"],"picked":"SKIP","floor":38},{"not_picked":["Venomology","Bullet Time"],"picked":"Tools of the Trade","floor":40},{"not_picked":["Dagger Throw","Outmaneuver+1","Bane"],"picked":"SKIP","floor":44},{"not_picked":["Outmaneuver","Underhanded Strike"],"picked":"Adrenaline","floor":45},{"not_picked":["Deadly Poison","All Out Attack","Concentrate+1"],"picked":"SKIP","floor":47}],"player_experience":336086,"relics_obtained":[{"floor":7.0,"key":"Bag of Marbles"},{"floor":9.0,"key":"War Paint"},{"floor":10.0,"key":"Kunai"},{"floor":26.0,"key":"Letter Opener"},{"floor":29.0,"key":"Shuriken"},{"floor":40,"key":"Omamori"},{"floor":43,"key":"Bronze Scales"},{"floor":45,"key":"Sundial"}],"event_choices":[{"event_name":"Living Wall","player_choice":"Grow","floor":2.0,"damage_taken":0.0},{"event_name":"Golden Wing","player_choice":"Card Removal","floor":5.0,"damage_taken":0.0},{"event_name":"Big Fish","player_choice":"Donut","floor":12.0,"damage_taken":0.0},{"event_name":"Shining Light","player_choice":"Entered Light","floor":14.0,"damage_taken":0.0},{"event_name":"Back to Basics","player_choice":"Simplicity","floor":21.0,"damage_taken":0.0},{"event_name":"N\u0027loth","player_choice":"Traded a Bag of Marbles","floor":27.0,"damage_taken":0.0},{"event_name":"SensoryStone","player_choice":"Memory 1","floor":36,"damage_taken":0},{"event_name":"Winding Halls","player_choice":"Embrace Madness","floor":37,"damage_taken":0},{"event_name":"Tomb of Lord Red Mask","player_choice":"Paid","floor":48,"damage_taken":0}],"boss_relics":[{"not_picked":["Pandora\u0027s Box","Philosopher\u0027s Stone"],"picked":"Sozu"},{"not_picked":["White Beast Statue","Orrery"],"picked":"Empty Cage"}],"items_purged_floors":[],"is_endless":false,"potions_floor_spawned":[3,4,10,19,24,33,38,44],"ascension_level":13}