{"gold_per_floor":[116,129,143,155,167,167,199,199,199,247,280,13,29,47,47,47],"floor_reached":16,"playtime":936,"items_purged":["Strike_B"],"score":188,"play_id":"22bfbc7c-76d5-4e02-a7d8-cbfe723a352c","local_time":"20181227222324","is_ascension_mode":true,"campfire_choices":[{"floor":6,"key":"REST"},{"floor":8,"key":"REST"},{"floor":15,"key":"REST"}],"neow_cost":"NONE","seed_source_timestamp":677596184208987,"circlet_count":0,"master_deck":["AscendersBane","Strike_B","Strike_B","Strike_B","Defend_B","Defend_B","Defend_B","Defend_B","Zap","Dualcast","Ball Lightning","Chill","Machine Learning","Steam","Sunder","Self Repair+1"],"relics":["Cracked Core","Smiling Mask","Bronze Scales","Frozen Egg 2","PreservedInsect"],"potions_floor_usage":[7,11,16],"damage_taken":[{"damage":6,"enemies":"Cultist","floor":1,"turns":3},{"damage":4,"enemies":"Small Slimes","floor":2,"turns":3},{"damage":4,"enemies":"2 Louse","floor":3,"turns":3},{"damage":30,"enemies":"Gremlin Gang","floor":4,"turns":6},{"damage":2,"enemies":"2 Fungi Beasts","floor":5,"turns":3},{"damage":33,"enemies":"Lagavulin","floor":7,"turns":7},{"damage":19,"enemies":"3 Sentries","floor":11,"turns":7},{"damage":2,"enemies":"Exordium Wildlife","floor":13,"turns":3},{"damage":6,"enemies":"Blue Slaver","floor":14,"turns":4},{"damage":69,"enemies":"Hexaghost","floor":16,"turns":10}],"seed_played":"-302137321576918997","potions_obtained":[{"floor":1,"key":"Block Potion"},{"floor":4,"key":"LiquidBronze"},{"floor":7,"key":"Regen Potion"},{"floor":11,"key":"SkillPotion"}],"is_trial":false,"path_per_floor":["M","M","M","M","M","R","E","R","T","T","E","$","M","M","R","B"],"character_chosen":"DEFECT","items_purchased":["PreservedInsect","Sunder"],"campfire_rested":3,"item_purchase_floors":[12,12],"current_hp_per_floor":[69,65,61,31,29,53,20,44,44,44,37,37,35,39,63,0],"gold":47,"neow_bonus":"TEN_PERCENT_HP_BONUS","is_prod":false,"is_daily":false,"chose_seed":false,"campfire_upgraded":0,"win_rate":0,"timestamp":1545971004,"path_taken":["M","M","M","M","?","R","E","R","T","?","E","$","M","M","R","BOSS"],"build_version":"2018-12-20","purchased_purges":1,"victory":false,"max_hp_per_floor":[82,82,82,82,82,82,82,82,82,82,82,82,82,82,82,82],"card_choices":[{"not_picked":["Capacitor","Beam Cell","Coolheaded"],"picked":"SKIP","floor":1},{"not_picked":["Hello World","Hologram","Conserve Battery"],"picked":"SKIP","floor":2},{"not_picked":["Hello World","Stack","Hologram"],"picked":"SKIP","floor":3},{"not_picked":["Static Discharge","Beam Cell"],"picked":"Ball Lightning","floor":4},{"not_picked":["Redo","Streamline"],"picked":"Chill","floor":5},{"not_picked":["Force Field","Leap"],"picked":"Machine Learning","floor":7},{"not_picked":["Heatsinks","Conserve Battery"],"picked":"Steam","floor":11},{"not_picked":["Leap","Steam"],"picked":"Self Repair+1","floor":13},{"not_picked":["Rebound","Streamline","Fusion"],"picked":"SKIP","floor":14}],"player_experience":320077,"relics_obtained":[{"floor":7,"key":"Smiling Mask"},{"floor":10,"key":"Bronze Scales"},{"floor":11,"key":"Frozen Egg 2"}],"event_choices":[],"is_beta":false,"boss_relics":[],"items_purged_floors":[12],"is_endless":false,"potions_floor_spawned":[1,4,7,11],"killed_by":"Hexaghost","ascension_level":13}