{"gold_per_floor":[109,119,138,138,17,17,35,64,64,14,14,14,14,25,25,123,123,139,139,156,170,170,170,201,201,225,225,236,254,55,68,68,68],"floor_reached":33,"playtime":1867,"items_purged":[],"score":267,"play_id":"ae0bcf5d-00c7-47a6-a129-e7970038ac5d","local_time":"20180720010006","is_ascension_mode":false,"campfire_choices":[{"data":"Predator","floor":6,"key":"SMITH"},{"floor":11,"key":"REST"},{"floor":15,"key":"REST"},{"floor":23,"key":"REST"},{"floor":27,"key":"REST"},{"floor":32,"key":"REST"}],"neow_cost":"TEN_PERCENT_HP_LOSS","seed_source_timestamp":778978842035195,"circlet_count":0,"master_deck":["Defend_G+1","Defend_G","Defend_G","Defend_G","Strike_G","Strike_G","Strike_G","Strike_G+1","Survivor","Neutralize","Distraction","Blur","Backflip","Predator+1","Accuracy","Corpse Explosion+1","Venomology","Bane","Well Laid Plans","Adrenaline","Dash","Necronomicurse","Poisoned Stab","Flying Knee","Blade Dance","Crippling Poison","Blade Dance","Enlightenment","Quick Slash+1"],"relics":["Ring of the Snake","Unceasing Top","Question Card","Torii","Empty Cage","Necronomicon","Tough Bandages","Blood Vial"],"potions_floor_usage":[7,8,8,16,16,28,28,28,31,31,33,33,33],"damage_taken":[{"damage":0,"enemies":"Small Slimes","floor":1,"turns":5},{"damage":0,"enemies":"Cultist","floor":2,"turns":5},{"damage":0,"enemies":"2 Louse","floor":3,"turns":3},{"damage":11,"enemies":"2 Fungi Beasts","floor":7,"turns":5},{"damage":6,"enemies":"3 Sentries","floor":8,"turns":4},{"damage":10,"enemies":"Large Slime","floor":14,"turns":5},{"damage":27,"enemies":"Slime Boss","floor":16,"turns":14},{"damage":10,"enemies":"Chosen","floor":18,"turns":5},{"damage":0,"enemies":"Spheric Guardian","floor":20,"turns":3},{"damage":0,"enemies":"3 Cultists","floor":21,"turns":2},{"damage":22,"enemies":"Slavers","floor":24,"turns":2},{"damage":17,"enemies":"Sentry and Sphere","floor":28,"turns":6},{"damage":6,"enemies":"Snake Plant","floor":29,"turns":5},{"damage":10,"enemies":"Snecko","floor":31,"turns":3},{"damage":57,"enemies":"Collector","floor":33,"turns":6}],"seed_played":"-6615701337288904590","potions_obtained":[{"floor":1,"key":"Dexterity Potion"},{"floor":2,"key":"LiquidBronze"},{"floor":3,"key":"Fire Potion"},{"floor":20,"key":"GamblersBrew"},{"floor":24,"key":"PowerPotion"},{"floor":31,"key":"Fire Potion"}],"is_trial":false,"path_per_floor":["M","M","M","?","$","R","M","E","T","$","R","?","?","M","R","B",null,"M","?","M","M","?","R","E","?","T","R","M","M","$","M","R"],"character_chosen":"THE_SILENT","items_purchased":["Predator","Accuracy","Bane","Enlightenment"],"campfire_rested":5,"item_purchase_floors":[5,5,10,30],"current_hp_per_floor":[63,63,63,63,63,63,52,46,46,46,63,50,50,40,58,31,63,53,37,37,37,37,55,33,33,33,51,45,41,41,33,51,0],"gold":68,"neow_bonus":"ONE_RARE_RELIC","is_prod":false,"is_daily":false,"chose_seed":false,"campfire_upgraded":1,"win_rate":0,"timestamp":1532041206,"path_taken":["M","M","M","?","$","R","M","E","T","$","R","?","?","M","R","BOSS","M","?","M","M","?","R","E","?","T","R","M","M","$","?","R","BOSS"],"build_version":"2018-07-12","purchased_purges":0,"victory":false,"max_hp_per_floor":[63,63,63,63,63,63,63,63,63,63,63,63,63,63,63,63,63,63,63,63,63,63,63,63,63,63,63,63,63,63,63,63,63],"card_choices":[{"not_picked":["Expertise","Sucker Punch"],"picked":"Distraction","floor":1},{"not_picked":["Slice","Dagger Spray"],"picked":"Blur","floor":2},{"not_picked":["PiercingWail","Masterful Stab"],"picked":"Backflip","floor":3},{"not_picked":["Cloak And Dagger","Acrobatics"],"picked":"Corpse Explosion","floor":7},{"not_picked":["Deflect","Reflex"],"picked":"Venomology","floor":8},{"not_picked":["Dash","Bane","Eviscerate"],"picked":"Well Laid Plans","floor":14},{"not_picked":["Venomology","Tools of the Trade","Die Die Die"],"picked":"Adrenaline","floor":16},{"not_picked":["Prepared+1","Dagger Throw","Cloak And Dagger"],"picked":"Dash","floor":18},{"not_picked":["Deflect","Slice","Unload"],"picked":"Poisoned Stab","floor":20},{"not_picked":["Backflip","Finisher","Expertise"],"picked":"Flying Knee","floor":21},{"not_picked":["Dagger Throw","Doppelganger","Prepared+1"],"picked":"Blade Dance","floor":24},{"not_picked":["Dodge and Roll","Deflect","Dagger Spray+1"],"picked":"Crippling Poison","floor":28},{"not_picked":["Dagger Throw+1","Heel Hook","Predator"],"picked":"Blade Dance","floor":29},{"not_picked":["Footwork","Sucker Punch","All Out Attack+1"],"picked":"Quick Slash+1","floor":31}],"player_experience":67561,"relics_obtained":[{"floor":8,"key":"Question Card"},{"floor":9,"key":"Torii"},{"floor":19,"key":"Necronomicon"},{"floor":24,"key":"Tough Bandages"},{"floor":26,"key":"Blood Vial"}],"event_choices":[{"event_name":"The Lab","player_choice":"Got Potions","floor":4,"damage_taken":0},{"event_name":"Shining Light","player_choice":"Entered Light","floor":12,"damage_taken":0},{"event_name":"Living Wall","player_choice":"Grow","floor":13,"damage_taken":0},{"event_name":"Cursed Tome","player_choice":"Obtained Book","floor":19,"damage_taken":0},{"event_name":"Drug Dealer","player_choice":"Ignored","floor":22,"damage_taken":0},{"event_name":"Beggar","player_choice":"Ignored","floor":25,"damage_taken":0}],"boss_relics":[{"not_picked":["Runic Pyramid","Velvet Choker"],"picked":"Empty Cage"}],"items_purged_floors":[],"is_endless":false,"potions_floor_spawned":[1,2,3,20,24,31],"killed_by":"Collector","ascension_level":0}