{"path_per_floor":["M","$","?","?","M","R","E","M","T","M","M","M","$","M","R","B",null,"M","M","M"],"character_chosen":"THE_SILENT","items_purchased":["Footwork","Deadly Poison","Regal Pillow"],"gold_per_floor":[110,28,28,203,215,215,248,264,311,330,342,361,105,124,124,227,257,276,249,262],"floor_reached":21,"campfire_rested":1,"playtime":2832,"current_hp_per_floor":[68,68,73,73,72,72,32,30,30,25,13,13,13,9,46,41,80,59,31,23],"items_purged":["Doubt"],"gold":262,"play_id":"22965a84-f6de-419b-ad85-acc21dc6a400","is_prod":false,"is_daily":false,"campfire_rituals":0,"campfire_upgraded":1,"is_hardmode":false,"path_taken":["M","?","?","?","M","R","E","M","T","M","M","?","$","M","R","BOSS","M","M","M","M"],"build_version":"2018-01-04-PROD1","purchased_purges":1,"victory":false,"master_deck":["Defend_G","Defend_G","Defend_G","Defend_G","Defend_G","Strike_G","Strike_G","Strike_G","Strike_G","Strike_G","Survivor","Neutralize","Flying Knee","Footwork","Catalyst","Flying Knee","Dodge and Roll","Backflip","Dodge and Roll","Deadly Poison","PiercingWail","Tools of the Trade","PiercingWail","Deadly Poison","Deflect","Crippling Poison"],"max_hp_per_floor":[70,70,75,75,75,75,75,75,75,75,75,75,75,75,75,75,80,80,80,80],"relics":["Ring of the Snake","Pen Nib","Prayer Wheel","Regal Pillow","Tiny House"],"campfire_meditates":0,"card_choices":[{"not_picked":["Slice","Dagger Spray"],"picked":"Flying Knee"},{"not_picked":["Infinite Blades","Backflip"],"picked":"Catalyst"},{"not_picked":["Slice","Outmaneuver"],"picked":"Flying Knee"},{"not_picked":["Sucker Punch","Bane"],"picked":"Dodge and Roll"},{"not_picked":["Underhanded Strike","Predator"],"picked":"Backflip"},{"not_picked":["Heel Hook","Flying Knee"],"picked":"Dodge and Roll"},{"not_picked":["Finisher","Distraction"],"picked":"PiercingWail"},{"not_picked":["Night Terror","Tactician"],"picked":"Tools of the Trade"},{"not_picked":["Backflip","Endless Agony"],"picked":"PiercingWail"},{"not_picked":["Sucker Punch","Deflect"],"picked":"Deadly Poison"},{"not_picked":["Backstab","Acrobatics"],"picked":"Deflect"},{"not_picked":["Reflex","PiercingWail"],"picked":"Crippling Poison"}],"player_experience":42319,"potions_floor_usage":[19,21],"damage_taken":[{"damage":2.0,"enemies":"Blue Slaver","floor":1.0,"turns":5.0},{"damage":1.0,"enemies":"Cultist","floor":5.0,"turns":4.0},{"damage":40.0,"enemies":"Lagavulin","floor":7.0,"turns":14.0},{"damage":2.0,"enemies":"2 Louse","floor":8.0,"turns":3.0},{"damage":5.0,"enemies":"2 Fungi Beasts","floor":10.0,"turns":4.0},{"damage":12.0,"enemies":"Large Slime","floor":11.0,"turns":9.0},{"damage":0.0,"enemies":"3 Louse","floor":12.0,"turns":6.0},{"damage":4.0,"enemies":"Exordium Wildlife","floor":14.0,"turns":5.0},{"damage":5.0,"enemies":"The Guardian","floor":16.0,"turns":14.0},{"damage":21,"enemies":"3 Byrds","floor":18,"turns":9},{"damage":28,"enemies":"2 Thieves","floor":19,"turns":5},{"damage":8,"enemies":"Centurion and Healer","floor":20,"turns":9},{"damage":27,"enemies":"3 Cultists","floor":21,"turns":5}],"event_choices":[{"event_name":"Big Fish","player_choice":"Donut","floor":3.0,"damage_taken":0.0},{"event_name":"Liars Game","player_choice":"agreed","floor":4.0,"damage_taken":0.0}],"boss_relics":[{"not_picked":["Astrolabe","Philosopher\u0027s Stone"],"picked":"Tiny House"}],"potions_floor_spawned":[8,12,14,16,20],"seed_played":"4978573658193489754","killed_by":"3 Cultists","is_trial":false}