{"path_per_floor":["M","M","?","?","$","E","M","R","T","R","M","E","R","M","R","B",null,"M","M","M","?","M","E","R","E","T","E","?","R","?","M","R","B",null,"M","?","$","T","M","R","E","?","T","E","?","?","R","?","R"],"character_chosen":"DEFECT","items_purchased":["Apotheosis","Barrage","Matryoshka"],"gold_per_floor":[114,128,303,303,100,125,137,137,160,160,176,207,207,223,223,318,318,318,258,258,258,258,258,258,258,258,258,258,258,258,258,258,258,258,258,258,19,19,19,19,19,19,19,19,19,19,19,0,0,0],"floor_reached":50,"campfire_rested":2,"playtime":7341,"current_hp_per_floor":[80,80,80,68,68,34,33,33,33,33,33,37,37,37,37,17,82,62,46,46,46,57,57,57,57,57,47,31,31,15,49,49,57,57,54,54,54,54,57,57,34,48,48,17,17,17,34,34,51,0],"items_purged":[],"gold":0,"score":617,"play_id":"f705d174-1325-439f-a296-7b3cb48a2723","local_time":"20180517205240","is_prod":false,"is_daily":false,"chose_seed":false,"is_ascension_mode":true,"campfire_upgraded":4,"timestamp":1526583160,"campfire_choices":[{"data":"Self Repair","floor":8,"key":"SMITH"},{"data":"Apotheosis","floor":10,"key":"SMITH"},{"data":"Machine Learning","floor":13,"key":"SMITH"},{"data":"Genetic Algorithm","floor":15,"key":"SMITH"},{"floor":24,"key":"DIG"},{"floor":29,"key":"DIG"},{"floor":32,"key":"DIG"},{"floor":40,"key":"DIG"},{"floor":47,"key":"REST"},{"floor":49,"key":"REST"}],"path_taken":["M","M","?","?","$","E","M","R","T","R","?","E","R","M","R","BOSS","M","M","M","?","M","E","R","E","T","E","?","R","?","M","R","BOSS","M","?","$","?","M","R","E","?","T","E","?","?","R","?","R","BOSS"],"build_version":"2018-05-16","seed_source_timestamp":165418810225198,"purchased_purges":0,"victory":false,"master_deck":["Defend_B","Defend_B","Defend_B","Zap","Dualcast","Redo+1","Ball Lightning","Doubt","Apotheosis+1","Barrage","BootSequence","Self Repair+1","Genetic Algorithm+1","Machine Learning+1","Echo Form","Auto Shields+1","Bite+1","Bite","Bite","Bite+1","Bite","Beam Cell","Skim","Static Discharge+1","Reprogram+1","Fission","Hologram+1","Beam Cell","Writhe","Force Field+1","Skim+1","Beam Cell+1"],"max_hp_per_floor":[82,82,82,82,82,82,82,82,82,82,82,82,82,82,82,82,82,82,82,82,57,57,57,57,57,57,57,57,57,57,57,57,57,57,57,57,57,57,57,57,57,57,57,57,57,57,57,57,57,57],"relics":["Cracked Core","Potion Belt","Mercury Hourglass","Lantern","Shovel","Ectoplasm","Meat on the Bone","Dodecahedron","War Paint","Juzu Bracelet","Gremlin Horn","Pantograph","Enchiridion","Whetstone","Snecko Eye","Matryoshka","Blood Vial","Smiling Mask","Bag of Preparation","Happy Flower","Anchor","Dream Catcher","Unceasing Top","Red Mask"],"card_choices":[{"not_picked":["Steam Power","Double Energy"],"picked":"Redo","floor":1},{"not_picked":["Rebound","Hello World"],"picked":"Ball Lightning","floor":2},{"not_picked":["Leap","Capacitor"],"picked":"BootSequence","floor":6},{"not_picked":["Rip and Tear","Rebound"],"picked":"Self Repair","floor":7},{"not_picked":["Capacitor","Go for the Eyes"],"picked":"Genetic Algorithm","floor":11},{"not_picked":["Rip and Tear","Stack"],"picked":"Machine Learning","floor":12},{"not_picked":["Go for the Eyes","Barrage","Auto Shields"],"picked":"SKIP","floor":14},{"not_picked":["Electrodynamics","Multi-Cast"],"picked":"Echo Form","floor":16},{"not_picked":["Fusion+1","Barrage","Sweeping Beam"],"picked":"SKIP","floor":18},{"not_picked":["Chaos","Capacitor","Chill"],"picked":"SKIP","floor":19},{"not_picked":["Steam","Go for the Eyes"],"picked":"Auto Shields+1","floor":20},{"not_picked":["Undo","Conserve Battery+1"],"picked":"Beam Cell","floor":22},{"not_picked":["Steam Power","Hello World"],"picked":"Skim","floor":23},{"not_picked":["Ball Lightning","Machine Learning"],"picked":"Static Discharge+1","floor":25},{"not_picked":["Force Field","Machine Learning","Fusion"],"picked":"SKIP","floor":27},{"not_picked":["Lockon+1","Barrage+1"],"picked":"Reprogram+1","floor":31},{"not_picked":["Machine Learning","Rainbow"],"picked":"Fission","floor":33},{"not_picked":["Beam Cell","Coolheaded"],"picked":"Hologram+1","floor":35},{"not_picked":["Sweeping Beam+1","Stack","Cold Snap"],"picked":"SKIP","floor":39},{"not_picked":["Streamline+1","Stack"],"picked":"Beam Cell","floor":41},{"not_picked":["Sweeping Beam+1","Conserve Battery+1"],"picked":"Force Field+1","floor":44},{"not_picked":["Self Repair","Go for the Eyes+1"],"picked":"Skim+1","floor":47},{"not_picked":["Rebound","Skim"],"picked":"Beam Cell+1","floor":49}],"player_experience":79788,"potions_floor_usage":[16,16,16,16,22,22,25,25,25,27,50,50,50,50,50],"damage_taken":[{"damage":2,"enemies":"Small Slimes","floor":1,"turns":4},{"damage":0,"enemies":"2 Louse","floor":2,"turns":2},{"damage":34,"enemies":"Gremlin Nob","floor":6,"turns":4},{"damage":1,"enemies":"Jaw Worm","floor":7,"turns":2},{"damage":0,"enemies":"3 Louse","floor":11,"turns":2},{"damage":6,"enemies":"3 Sentries","floor":12,"turns":6},{"damage":0,"enemies":"Lots of Slimes","floor":14,"turns":2},{"damage":30,"enemies":"The Guardian","floor":16,"turns":10},{"damage":30,"enemies":"Spheric Guardian","floor":18,"turns":5},{"damage":16,"enemies":"2 Thieves","floor":19,"turns":3},{"damage":10,"enemies":"Snecko","floor":20,"turns":5},{"damage":11,"enemies":"Snake Plant","floor":22,"turns":3},{"damage":14,"enemies":"Book of Stabbing","floor":23,"turns":6},{"damage":36,"enemies":"Slavers","floor":25,"turns":4},{"damage":47,"enemies":"Book of Stabbing","floor":27,"turns":4},{"damage":0,"enemies":"Cultist and Chosen","floor":31,"turns":6},{"damage":5,"enemies":"Champ","floor":33,"turns":9},{"damage":3,"enemies":"3 Shapes","floor":35,"turns":2},{"damage":4,"enemies":"Flame Bruiser 1 Orb","floor":39,"turns":5},{"damage":54,"enemies":"Giant Head","floor":41,"turns":8},{"damage":78,"enemies":"Nemesis","floor":44,"turns":9},{"damage":101,"enemies":"Time Eater","floor":50,"turns":8}],"relics_obtained":[{"floor":6,"key":"Mercury Hourglass"},{"floor":9,"key":"Lantern"},{"floor":12,"key":"Shovel"},{"floor":23,"key":"Meat on the Bone"},{"floor":24,"key":"Dodecahedron"},{"floor":25,"key":"War Paint"},{"floor":26,"key":"Juzu Bracelet"},{"floor":27,"key":"Gremlin Horn"},{"floor":29,"key":"Pantograph"},{"floor":30,"key":"Enchiridion"},{"floor":32,"key":"Whetstone"},{"floor":38,"key":"Blood Vial"},{"floor":38,"key":"Smiling Mask"},{"floor":40,"key":"Bag of Preparation"},{"floor":41,"key":"Happy Flower"},{"floor":43,"key":"Anchor"},{"floor":43,"key":"Dream Catcher"},{"floor":44,"key":"Unceasing Top"}],"event_choices":[{"event_name":"Liars Game","player_choice":"agreed","floor":3,"damage_taken":0},{"event_name":"Scrap Ooze","player_choice":"success","floor":4,"damage_taken":12},{"event_name":"Vampires","player_choice":"Became a vampire","floor":21,"damage_taken":0},{"event_name":"Knowing Skull","player_choice":"GOLD ","floor":28,"damage_taken":0},{"event_name":"Cursed Tome","player_choice":"Obtained Book","floor":30,"damage_taken":0},{"event_name":"Winding Halls","player_choice":"Writhe","floor":42,"damage_taken":0},{"event_name":"Mysterious Sphere","player_choice":"Ignore","floor":45,"damage_taken":0},{"event_name":"The Moai Head","player_choice":"Ignored","floor":46,"damage_taken":0},{"event_name":"Tomb of Lord Red Mask","player_choice":"Paid","floor":48,"damage_taken":0}],"boss_relics":[{"not_picked":["Nuclear Battery","Eternal Feather"],"picked":"Ectoplasm"},{"not_picked":["Pandora\u0027s Box","Black Star"],"picked":"Snecko Eye"}],"potions_floor_spawned":[1,11,12,14,16,20,22,25,41,44],"seed_played":"7664950997172219247","killed_by":"Time Eater","ascension_level":1,"potions_obtained":[{"floor":1,"key":"Poison Potion"},{"floor":11,"key":"Weak Potion"},{"floor":12,"key":"SpeedPotion"},{"floor":14,"key":"Explosive Potion"},{"floor":16,"key":"FearPotion"},{"floor":20,"key":"LiquidBronze"},{"floor":22,"key":"EntropicBrew"},{"floor":25,"key":"Dexterity Potion"},{"floor":41,"key":"LiquidBronze"},{"floor":44,"key":"LiquidBronze"}],"is_trial":false}