{"path_per_floor":["M","?","?","M","M","R","?","E","T","$","R","M","R","M","R","B",null,"M","$","M","?","M","R","?","R","T","M","M","?"],"character_chosen":"DEFECT","items_purchased":["Glacier","Madness","Fusion"],"gold_per_floor":[111,61,236,255,266,266,266,299,325,68,68,88,88,108,108,208,208,223,50,62,62,78,78,78,78,103,115,135,135,135],"floor_reached":30,"campfire_rested":0,"playtime":1118,"item_purchase_floors":[10,10,19],"current_hp_per_floor":[75,75,75,74,74,74,67,55,55,55,55,55,55,55,55,17,75,74,74,52,52,38,38,38,38,38,14,2,2,0],"items_purged":["Doubt","Strike_B"],"gold":135,"score":230,"play_id":"180fa542-775b-4b43-875e-edfad2a98a4e","local_time":"20180615142834","is_prod":false,"is_daily":false,"chose_seed":false,"is_ascension_mode":false,"campfire_upgraded":6,"win_rate":0,"timestamp":1529065714,"campfire_choices":[{"data":"White Noise","floor":6,"key":"SMITH"},{"data":"Madness","floor":11,"key":"SMITH"},{"data":"Leap","floor":13,"key":"SMITH"},{"data":"Ball Lightning","floor":15,"key":"SMITH"},{"data":"Fusion","floor":23,"key":"SMITH"},{"data":"FTL","floor":25,"key":"SMITH"}],"path_taken":["M","?","?","M","M","R","?","E","T","$","R","?","R","M","R","BOSS","M","$","M","?","M","R","?","R","T","M","?","?","M"],"build_version":"2018-06-14v2","seed_source_timestamp":57583409097772,"purchased_purges":2,"victory":false,"master_deck":["Strike_B","Strike_B","Defend_B","Defend_B","Defend_B","Defend_B","Zap+1","Dualcast","White Noise+1","Cold Snap","Leap+1","Echo Form","Glacier","Madness+1","Lockon","Ball Lightning+1","Reboot","Turbo+1","Fusion+1","FTL+1","Writhe","Glacier","Conserve Battery","Rainbow"],"max_hp_per_floor":[75,75,75,75,75,75,75,75,75,75,75,75,75,75,75,75,75,75,75,75,75,75,75,75,75,75,75,75,75,75],"relics":["Cracked Core","Orichalcum","Toolbox","Anchor","Black Star","Omamori","Dream Catcher"],"card_choices":[{"not_picked":["Hologram","Sweeping Beam"],"picked":"White Noise","floor":1},{"not_picked":["Reprogram","Hello World"],"picked":"Cold Snap","floor":4},{"not_picked":["Rebound","Hologram"],"picked":"Leap","floor":5},{"not_picked":["Cold Snap","Leap"],"picked":"Echo Form","floor":8},{"not_picked":["Hello World","Beam Cell"],"picked":"Lockon","floor":12},{"not_picked":["Steam","Scrape"],"picked":"Ball Lightning","floor":14},{"not_picked":["Rainbow","Echo Form"],"picked":"Reboot","floor":16},{"not_picked":["Gash","Steam"],"picked":"Turbo+1","floor":18},{"not_picked":["Reinforced Body","Rebound"],"picked":"FTL","floor":20},{"not_picked":["Sweeping Beam","Scrape","Biased Cognition"],"picked":"SKIP","floor":22},{"not_picked":["Go for the Eyes","Aggregate+1"],"picked":"Glacier","floor":27},{"not_picked":["Lockon","Hologram+1"],"picked":"Conserve Battery","floor":28}],"player_experience":141020,"potions_floor_usage":[8,27],"damage_taken":[{"damage":0,"enemies":"2 Louse","floor":1,"turns":2},{"damage":1,"enemies":"Jaw Worm","floor":4,"turns":4},{"damage":0,"enemies":"Small Slimes","floor":5,"turns":2},{"damage":12,"enemies":"Lagavulin","floor":8,"turns":8},{"damage":0,"enemies":"3 Louse","floor":12,"turns":4},{"damage":0,"enemies":"Large Slime","floor":14,"turns":4},{"damage":38,"enemies":"The Guardian","floor":16,"turns":8},{"damage":1,"enemies":"2 Thieves","floor":18,"turns":4},{"damage":29,"enemies":"3 Byrds","floor":20,"turns":7},{"damage":14,"enemies":"Slaver and Parasite","floor":22,"turns":5},{"damage":24,"enemies":"Snake Plant","floor":27,"turns":5},{"damage":12,"enemies":"3 Cultists","floor":28,"turns":7},{"damage":7,"enemies":"Centurion and Healer","floor":30,"turns":6}],"relics_obtained":[{"floor":8,"key":"Toolbox"},{"floor":9,"key":"Anchor"},{"floor":26,"key":"Dream Catcher"}],"event_choices":[{"event_name":"The Cleric","player_choice":"Card Removal","floor":2,"damage_taken":0},{"event_name":"Liars Game","player_choice":"agreed","floor":3,"damage_taken":0},{"event_name":"Scrap Ooze","player_choice":"success","floor":7,"damage_taken":7},{"event_name":"The Mausoleum","player_choice":"Yes","floor":21,"damage_taken":0},{"event_name":"Vampires","player_choice":"Ignored","floor":24,"damage_taken":0},{"event_name":"Match and Keep!","player_choice":"1 cards matched","floor":29,"damage_taken":0}],"boss_relics":[{"not_picked":["Ectoplasm","Coffee Dripper"],"picked":"Black Star"}],"items_purged_floors":[10,19],"is_endless":true,"potions_floor_spawned":[5,20,27],"seed_played":"-698993574989995339","killed_by":"Centurion and Healer","ascension_level":0,"potions_obtained":[{"floor":5,"key":"LiquidBronze"},{"floor":20,"key":"SkillPotion"},{"floor":27,"key":"FocusPotion"}],"is_trial":false}