{"path_per_floor":["M","M","M","M","M","E","R","?","T","R","M","E","?","M","R"],"character_chosen":"THE_SILENT","items_purchased":[],"gold_per_floor":[117,137,154,167,187,222,222,222,222,222,235,263,263,283,283],"floor_reached":16,"campfire_rested":1,"playtime":1225,"current_hp_per_floor":[68,64,64,62,62,45,45,20,20,41,40,38,38,27,27],"items_purged":[],"gold":283,"score":143,"play_id":"d09c22b6-83d6-472a-bda4-5b3eb50aacd5","is_prod":false,"is_daily":false,"is_ascension_mode":true,"campfire_upgraded":2,"path_taken":["M","M","?","M","M","E","R","?","T","R","M","E","?","M","R","BOSS"],"build_version":"2018-02-22-PROD2","purchased_purges":0,"victory":false,"master_deck":["Defend_G","Defend_G","Defend_G","Defend_G","Defend_G","Strike_G","Strike_G","Strike_G","Strike_G","Strike_G","Survivor","Neutralize","A Thousand Cuts","Dash","Calculated Gamble","Footwork+1","Infinite Blades","Quick Slash","Blade Dance+1","Outmaneuver","Calculated Gamble","Injury","Dodge and Roll"],"max_hp_per_floor":[70,70,70,70,70,70,70,70,70,70,70,70,70,70,70],"relics":["Ring of the Snake","Calipers","Bag of Preparation","Torii","Sundial","Golden Idol"],"card_choices":[{"not_picked":["Backflip","All Out Attack"],"picked":"Dash"},{"not_picked":["Predator","Bane"],"picked":"Calculated Gamble"},{"not_picked":["Blade Dance","Quick Slash"],"picked":"Footwork"},{"not_picked":["Deflect","Outmaneuver"],"picked":"Infinite Blades"},{"not_picked":["Dagger Throw","Deflect"],"picked":"Quick Slash"},{"not_picked":["Venomology","Dagger Throw"],"picked":"Blade Dance"},{"not_picked":["Slice","Infinite Blades"],"picked":"Outmaneuver"},{"not_picked":["Skewer","Underhanded Strike"],"picked":"Calculated Gamble"},{"not_picked":["Crippling Poison","Poisoned Stab"],"picked":"Dodge and Roll"}],"player_experience":149453,"potions_floor_usage":[4,5,12,16],"damage_taken":[{"damage":2,"enemies":"Cultist","floor":1,"turns":4},{"damage":4,"enemies":"Jaw Worm","floor":2,"turns":4},{"damage":0,"enemies":"2 Louse","floor":3,"turns":2},{"damage":2,"enemies":"Red Slaver","floor":4,"turns":4},{"damage":0,"enemies":"Looter","floor":5,"turns":4},{"damage":17,"enemies":"3 Sentries","floor":6,"turns":9},{"damage":1,"enemies":"Blue Slaver","floor":11,"turns":4},{"damage":2,"enemies":"Lagavulin","floor":12,"turns":6},{"damage":11,"enemies":"Large Slime","floor":14,"turns":4},{"damage":30,"enemies":"Hexaghost","floor":16,"turns":14}],"event_choices":[{"event_name":"Scrap Ooze","player_choice":"success","floor":8,"damage_taken":25},{"event_name":"Golden Idol","player_choice":"Take Wound","floor":13,"damage_taken":0}],"boss_relics":[],"potions_floor_spawned":[3,4,5,11],"seed_played":"-1717467098545086725","killed_by":"Hexaghost","ascension_level":5,"is_trial":false}