{"gold_per_floor":[137,137,137,137,137,137,179,262,262,262,15,98,140,223,223,498,498,540,540,594,606,35,118,160,160],"floor_reached":25,"playtime":1790,"items_purged":["Strike_R"],"score":237,"play_id":"534b7a8a-3a44-49df-aff4-1012fabba111","local_time":"20181009171754","daily_mods":["Heirloom","Blue Cards","MonsterHunter"],"is_ascension_mode":false,"campfire_choices":[{"floor":6,"key":"REST"},{"data":"Bash","floor":10,"key":"SMITH"},{"data":"Fusion","floor":15,"key":"SMITH"}],"neow_cost":"","seed_source_timestamp":0,"circlet_count":0,"master_deck":["Strike_R","Strike_R","Strike_R","Strike_R+1","Defend_R","Defend_R","Defend_R+1","Defend_R","Bash+1","Metallicize+1","Pommel Strike","Leap","Sweeping Beam","Fusion+1","Conserve Battery","Rebound+1","Writhe","Streamline+1","Apotheosis","Self Repair","Streamline"],"special_seed":17813,"relics":["Burning Blood","Thread and Needle","Golden Idol","Smiling Mask","Orichalcum","Oddly Smooth Stone","Ornamental Fan","Mummified Hand","Cursed Key","MawBank","MutagenicStrength","Mango","StoneCalendar"],"potions_floor_usage":[16,18,23,24],"damage_taken":[{"damage":6,"enemies":"Small Slimes","floor":1,"turns":7},{"damage":0,"enemies":"Jaw Worm","floor":7,"turns":6},{"damage":17,"enemies":"3 Sentries","floor":8,"turns":15},{"damage":19,"enemies":"Lagavulin","floor":12,"turns":8},{"damage":0,"enemies":"2 Louse","floor":13,"turns":4},{"damage":9,"enemies":"3 Sentries","floor":14,"turns":17},{"damage":4,"enemies":"Slime Boss","floor":16,"turns":19},{"damage":8,"enemies":"Chosen","floor":18,"turns":7},{"damage":14,"enemies":"3 Byrds","floor":20,"turns":8},{"damage":26,"enemies":"Slavers","floor":23,"turns":10},{"damage":8,"enemies":"Snecko","floor":24,"turns":5},{"damage":92,"enemies":"Gremlin Leader","floor":25,"turns":6}],"seed_played":"974947357107287634","potions_obtained":[{"floor":1,"key":"Ancient Potion"},{"floor":13,"key":"SkillPotion"},{"floor":16,"key":"Ancient Potion"},{"floor":18,"key":"GamblersBrew"},{"floor":20,"key":"FairyPotion"}],"is_trial":false,"path_per_floor":["M","?","$","?","?","R","M","E","T","R","$","E","M","E","R","B",null,"M","?","M","?","$","E","M"],"character_chosen":"IRONCLAD","items_purchased":["Sweeping Beam","Oddly Smooth Stone","Apotheosis","Mango","Self Repair"],"campfire_rested":1,"item_purchase_floors":[11,11,22,22,22],"current_hp_per_floor":[80,64,64,44,44,68,74,63,63,63,63,50,56,53,53,55,80,78,78,70,70,84,71,79,0],"gold":160,"neow_bonus":"","is_prod":false,"is_daily":true,"chose_seed":false,"campfire_upgraded":2,"win_rate":0,"timestamp":1539130674,"path_taken":["M","?","$","?","?","R","M","E","T","R","$","E","M","E","R","BOSS","M","?","M","?","$","E","M","E"],"build_version":"2018-10-04v2","purchased_purges":1,"victory":false,"max_hp_per_floor":[80,80,80,80,80,80,80,80,80,80,80,80,80,80,80,80,80,80,80,80,80,94,94,94,94],"card_choices":[{"not_picked":["Rip and Tear","Pommel Strike"],"picked":"Metallicize","floor":1},{"not_picked":["Havoc","Skim"],"picked":"Pommel Strike","floor":7},{"not_picked":["Biased Cognition","Capacitor"],"picked":"Leap","floor":8},{"not_picked":["Body Slam","Anger"],"picked":"Fusion","floor":12},{"not_picked":["Force Field","Glacier"],"picked":"Conserve Battery","floor":13},{"not_picked":["Havoc","Impervious","Hello World"],"picked":"SKIP","floor":14},{"not_picked":["Force Field+1","Doom and Gloom+1"],"picked":"Rebound+1","floor":18},{"not_picked":["Flame Barrier","Cleave"],"picked":"Streamline+1","floor":20},{"not_picked":["Immolate","Barrage","Glacier"],"picked":"SKIP","floor":23},{"not_picked":["Clash","Doom and Gloom+1"],"picked":"Streamline","floor":24}],"player_experience":494290,"relics_obtained":[{"floor":8,"key":"Smiling Mask"},{"floor":9,"key":"Orichalcum"},{"floor":12,"key":"Ornamental Fan"},{"floor":14,"key":"Mummified Hand"},{"floor":23,"key":"StoneCalendar"}],"event_choices":[{"event_name":"Shining Light","player_choice":"Entered Light","floor":2,"damage_taken":0},{"event_name":"Golden Idol","player_choice":"Take Damage","floor":4,"damage_taken":0},{"event_name":"Upgrade Shrine","player_choice":"Upgraded","floor":5,"damage_taken":0},{"event_name":"The Mausoleum","player_choice":"Yes","floor":19,"damage_taken":0},{"event_name":"Drug Dealer","player_choice":"Inject Mutagens","floor":21,"damage_taken":0}],"is_beta":false,"boss_relics":[{"not_picked":["Runic Dome","Astrolabe"],"picked":"Cursed Key"}],"items_purged_floors":[11],"is_endless":false,"potions_floor_spawned":[1,13,16,18,20],"killed_by":"Gremlin Leader","ascension_level":0}