{"gold_per_floor":[111,123,133,145,45,57,57,68,68,83,83,147,179,209,209,209],"floor_reached":16,"playtime":680,"items_purged":[],"score":104,"play_id":"905788aa-7907-43e8-ae86-803f5e63ee9f","local_time":"20180716005001","is_ascension_mode":false,"campfire_choices":[{"data":"Limit Break","floor":7,"key":"SMITH"},{"floor":11,"key":"REST"},{"floor":15,"key":"REST"}],"neow_cost":"NONE","seed_source_timestamp":433961338249152,"circlet_count":0,"master_deck":["Strike_R","Strike_R+1","Strike_R","Strike_R","Strike_R","Defend_R","Defend_R","Defend_R","Defend_R","Bash","Flame Barrier","Anger+1","Flex","Pommel Strike","Spot Weakness","Iron Wave","Limit Break+1","Anger","Sword Boomerang","Carnage","Berserk","Power Through"],"relics":["Burning Blood","NeowsBlessing","Matryoshka","Whetstone","Happy Flower","Odd Mushroom"],"potions_floor_usage":[13,14],"damage_taken":[{"damage":0,"enemies":"Cultist","floor":1,"turns":1},{"damage":0,"enemies":"2 Louse","floor":2,"turns":1},{"damage":0,"enemies":"Jaw Worm","floor":3,"turns":1},{"damage":3,"enemies":"Red Slaver","floor":4,"turns":5},{"damage":5,"enemies":"Exordium Wildlife","floor":6,"turns":4},{"damage":14,"enemies":"Blue Slaver","floor":8,"turns":4},{"damage":13,"enemies":"2 Fungi Beasts","floor":10,"turns":4},{"damage":30,"enemies":"3 Sentries","floor":12,"turns":8},{"damage":11,"enemies":"3 Sentries","floor":13,"turns":3},{"damage":26,"floor":14,"turns":3},{"damage":67,"enemies":"The Guardian","floor":16,"turns":6}],"seed_played":"-1247089301553948154","potions_obtained":[{"floor":1,"key":"BloodPotion"},{"floor":10,"key":"SneckoOil"},{"floor":12,"key":"SteroidPotion"},{"floor":14,"key":"GamblersBrew"}],"is_trial":false,"path_per_floor":["M","M","M","M","$","M","R","M","T","M","R","?","E","?","R"],"character_chosen":"IRONCLAD","items_purchased":["Spot Weakness","Iron Wave"],"campfire_rested":2,"item_purchase_floors":[5,5],"current_hp_per_floor":[80,80,80,80,80,80,80,72,72,65,80,56,51,39,63,0],"gold":209,"neow_bonus":"THREE_ENEMY_KILL","is_prod":false,"is_daily":false,"chose_seed":false,"campfire_upgraded":1,"win_rate":0.0,"timestamp":1531695001,"path_taken":["M","M","M","?","$","M","R","M","T","M","R","?","E","?","R","BOSS"],"build_version":"2018-07-12","purchased_purges":0,"victory":false,"max_hp_per_floor":[80,80,80,80,80,80,80,80,80,80,80,80,80,80,80,80],"card_choices":[{"not_picked":["Clothesline","Entrench"],"picked":"Flame Barrier","floor":1},{"not_picked":["Shrug It Off","Body Slam"],"picked":"Anger","floor":2},{"not_picked":["Entrench","Warcry"],"picked":"Flex","floor":3},{"not_picked":["Entrench","Shrug It Off"],"picked":"Pommel Strike","floor":4},{"not_picked":["Heavy Blade","Twin Strike"],"picked":"Limit Break","floor":6},{"not_picked":["Twin Strike","Body Slam"],"picked":"Anger","floor":8},{"not_picked":["Corruption","Havoc"],"picked":"Sword Boomerang","floor":10},{"not_picked":["Clash","Pommel Strike"],"picked":"Carnage","floor":12},{"not_picked":["Cleave","Twin Strike"],"picked":"Berserk","floor":13},{"not_picked":["Clash","Havoc"],"picked":"Power Through","floor":14}],"player_experience":60947,"relics_obtained":[{"floor":9,"key":"Matryoshka"},{"floor":12,"key":"Whetstone"},{"floor":13,"key":"Happy Flower"},{"floor":14,"key":"Odd Mushroom"}],"event_choices":[{"event_name":"Dead Adventurer","player_choice":"Searched \u00272\u0027 times","floor":12,"damage_taken":0},{"event_name":"Mushrooms","player_choice":"Fought Mushrooms","floor":14,"damage_taken":0}],"boss_relics":[],"items_purged_floors":[],"is_endless":false,"potions_floor_spawned":[1,10,12,14],"killed_by":"The Guardian","ascension_level":0}