{"gold_per_floor":[359,371,69,83,258,258,289,289,366,390,390],"floor_reached":11,"playtime":464,"items_purged":["Clumsy"],"score":124,"play_id":"1e354fbe-51f8-4b52-9897-4a0846324548","local_time":"20190101161828","is_ascension_mode":true,"campfire_choices":[{"data":"Zap","floor":6,"key":"SMITH"}],"neow_cost":"CURSE","seed_source_timestamp":770647546016603,"circlet_count":0,"master_deck":["AscendersBane","Strike_B","Strike_B","Strike_B","Strike_B","Defend_B","Defend_B","Defend_B","Defend_B","Zap+1","Dualcast","FTL","BootSequence","Coolheaded","Sweeping Beam","Streamline","Doubt","Compile Driver","Stack"],"relics":["Cracked Core","DataDisk","Pen Nib","Golden Idol","Letter Opener"],"potions_floor_usage":[7],"damage_taken":[{"damage":0,"enemies":"2 Louse","floor":1,"turns":3},{"damage":1,"enemies":"Small Slimes","floor":2,"turns":3},{"damage":0,"enemies":"Jaw Worm","floor":4,"turns":2},{"damage":34,"enemies":"Lagavulin","floor":7,"turns":10},{"damage":2,"enemies":"Looter","floor":10,"turns":3},{"damage":32,"enemies":"Gremlin Nob","floor":11,"turns":4}],"seed_played":"787882672097834064","potions_obtained":[{"floor":4,"key":"Weak Potion"}],"is_trial":false,"path_per_floor":["M","M","$","M","?","R","E","?","T","M","E"],"character_chosen":"DEFECT","items_purchased":["DataDisk","Coolheaded","Sweeping Beam"],"campfire_rested":0,"item_purchase_floors":[3,3,3],"current_hp_per_floor":[64,63,63,63,63,63,29,29,29,27,0],"gold":390,"neow_bonus":"TWO_FIFTY_GOLD","is_prod":false,"is_daily":false,"chose_seed":false,"campfire_upgraded":1,"win_rate":0,"timestamp":1546381108,"path_taken":["M","M","$","M","?","R","E","?","T","M","E"],"build_version":"2018-12-20","purchased_purges":1,"victory":false,"max_hp_per_floor":[71,71,71,71,71,71,71,66,66,66,66],"card_choices":[{"not_picked":["Beam Cell","Heatsinks"],"picked":"FTL","floor":1},{"not_picked":["Genetic Algorithm","Cold Snap"],"picked":"BootSequence","floor":2},{"not_picked":["Go for the Eyes","Rebound"],"picked":"Streamline","floor":4},{"not_picked":["Heatsinks","Redo"],"picked":"Compile Driver","floor":7},{"not_picked":["Rebound","Beam Cell"],"picked":"Stack","floor":10}],"player_experience":355424,"relics_obtained":[{"floor":7,"key":"Pen Nib"},{"floor":9,"key":"Letter Opener"}],"event_choices":[{"damage_healed":0,"gold_gain":175,"player_choice":"AGREE","damage_taken":0,"max_hp_gain":0,"max_hp_loss":0,"event_name":"Liars Game","floor":5,"gold_loss":0,"cards_obtained":["Doubt"]},{"damage_healed":0,"gold_gain":0,"player_choice":"Lose Max HP","damage_taken":0,"relics_obtained":["Golden Idol"],"max_hp_gain":0,"max_hp_loss":5,"event_name":"Golden Idol","floor":8,"gold_loss":0}],"is_beta":false,"boss_relics":[],"items_purged_floors":[3],"is_endless":false,"potions_floor_spawned":[4],"killed_by":"Gremlin Nob","ascension_level":14}