{"gold_per_floor":[213,226,241,254,90,90,115,115,115,125,152,152,0,18,18,18],"floor_reached":16,"playtime":530,"items_purged":["Strike_R","Strike_R"],"score":207,"play_id":"f15cb8a7-54b5-4cb7-8132-9ea88f4627dd","local_time":"20181107104008","is_ascension_mode":true,"campfire_choices":[{"data":"Bash","floor":6,"key":"SMITH"},{"data":"Hemokinesis","floor":8,"key":"SMITH"},{"floor":15,"key":"REST"}],"neow_cost":"NONE","seed_source_timestamp":152439195385015,"circlet_count":0,"master_deck":["AscendersBane","Strike_R","Strike_R","Defend_R","Defend_R","Defend_R","Defend_R","Bash+1","Iron Wave","Hemokinesis+1","Clothesline","Corruption","Fiend Fire","Havoc+1"],"relics":["Burning Blood","Strawberry","Toxic Egg 2","Shovel"],"potions_floor_usage":[7],"damage_taken":[{"damage":2,"enemies":"Cultist","floor":1,"turns":4},{"damage":6,"enemies":"Small Slimes","floor":2,"turns":4},{"damage":5,"enemies":"Jaw Worm","floor":3,"turns":4},{"damage":6,"enemies":"2 Fungi Beasts","floor":4,"turns":4},{"damage":44,"enemies":"3 Sentries","floor":7,"turns":8},{"damage":3,"enemies":"Looter","floor":10,"turns":3},{"damage":32,"enemies":"Lagavulin","floor":11,"turns":6},{"damage":7,"enemies":"Large Slime","floor":14,"turns":3},{"damage":50,"enemies":"Hexaghost","floor":16,"turns":10}],"seed_played":"-452234009218297250","potions_obtained":[{"floor":3,"key":"LiquidBronze"},{"floor":4,"key":"FairyPotion"},{"floor":11,"key":"Explosive Potion"}],"is_trial":false,"path_per_floor":["M","M","M","M","$","R","E","R","T","M","E","?","$","M","R","B"],"character_chosen":"IRONCLAD","items_purchased":["Corruption","Havoc+1"],"campfire_rested":1,"item_purchase_floors":[5,13],"current_hp_per_floor":[72,72,73,73,73,73,42,42,42,45,19,19,19,18,42,0],"gold":18,"neow_bonus":"HUNDRED_GOLD","is_prod":false,"is_daily":false,"chose_seed":false,"campfire_upgraded":2,"win_rate":0,"timestamp":1541583608,"path_taken":["M","M","M","M","?","R","E","R","T","M","E","?","$","M","R","BOSS"],"build_version":"2018-11-06","purchased_purges":2,"victory":false,"max_hp_per_floor":[75,75,75,75,75,75,82,82,82,82,82,82,82,82,82,82],"card_choices":[{"not_picked":["Twin Strike","Cleave"],"picked":"Iron Wave","floor":1},{"not_picked":["Rampage","Armaments"],"picked":"Hemokinesis","floor":2},{"not_picked":["Second Wind","Wild Strike"],"picked":"Clothesline","floor":3},{"not_picked":["Iron Wave","Flex","Metallicize"],"picked":"SKIP","floor":4},{"not_picked":["Pommel Strike","Dual Wield","Perfected Strike"],"picked":"SKIP","floor":7},{"not_picked":["Wild Strike","Metallicize","Body Slam"],"picked":"SKIP","floor":10},{"not_picked":["Clothesline","Cleave"],"picked":"Fiend Fire","floor":11},{"not_picked":["Heavy Blade","Whirlwind","Twin Strike"],"picked":"SKIP","floor":14}],"player_experience":327922,"relics_obtained":[{"floor":7,"key":"Strawberry"},{"floor":9,"key":"Toxic Egg 2"},{"floor":11,"key":"Shovel"}],"event_choices":[{"cards_removed":["Strike_R"],"damage_healed":0,"gold_gain":0,"player_choice":"Purged","damage_taken":0,"max_hp_gain":0,"max_hp_loss":0,"event_name":"Purifier","floor":12,"gold_loss":0}],"is_beta":true,"boss_relics":[],"items_purged_floors":[5,13],"is_endless":false,"potions_floor_spawned":[3,4,11],"killed_by":"Hexaghost","ascension_level":17}