{"gold_per_floor":[110,385,69,88,100,10,10,10,34,34,47,47,47,47,47,47],"floor_reached":16,"playtime":487,"items_purged":["Regret"],"score":88,"play_id":"6c93a691-280d-4ca4-9794-3bf5cd44ee52","local_time":"20190213213149","is_ascension_mode":false,"campfire_choices":[{"data":"Neutralize","floor":7.0,"key":"SMITH"},{"data":"Backflip","floor":13.0,"key":"SMITH"},{"data":"Doppelganger","floor":15.0,"key":"SMITH"}],"neow_cost":"NONE","seed_source_timestamp":0,"circlet_count":0,"master_deck":["Defend_G","Defend_G","Defend_G","Defend_G","Defend_G","Strike_G","Strike_G","Strike_G","Strike_G","Strike_G","Survivor","Neutralize+1","Doppelganger+1","Backflip+1","Dramatic Entrance"],"special_seed":0,"relics":["Ring of the Snake","Singing Bowl","Orichalcum","Lantern"],"potions_floor_usage":[16],"damage_taken":[{"damage":5.0,"enemies":"2 Louse","floor":1.0,"turns":4.0},{"damage":4.0,"enemies":"Cultist","floor":4.0,"turns":4.0},{"damage":0.0,"enemies":"Small Slimes","floor":5.0,"turns":3.0},{"damage":3.0,"enemies":"Blue Slaver","floor":11.0,"turns":5.0},{"damage":59,"enemies":"Hexaghost","floor":16,"turns":15}],"seed_played":"-7819864365525336387","potions_obtained":[{"floor":4.0,"key":"AttackPotion"},{"floor":11.0,"key":"Poison Potion"}],"is_trial":false,"path_per_floor":["M","?","$","M","M","$","R","$","T","?","M","T","R","?","R","B"],"character_chosen":"THE_SILENT","items_purchased":["Singing Bowl","Dramatic Entrance"],"campfire_rested":0,"item_purchase_floors":[3,6],"current_hp_per_floor":[65,65,65,63,65,65,65,65,65,65,64,64,64,57,57,0],"gold":47,"neow_bonus":"ONE_RANDOM_RARE_CARD","is_prod":false,"is_daily":false,"chose_seed":false,"campfire_upgraded":3,"win_rate":0,"timestamp":1550111509,"path_taken":["M","?","$","M","M","?","R","$","T","?","M","?","R","?","R","BOSS"],"build_version":"2019-01-23","purchased_purges":1,"victory":false,"max_hp_per_floor":[70,70,70,72,74,74,74,74,74,74,76,76,76,76,76,76],"card_choices":[{"not_picked":["Blade Dance","Heel Hook"],"picked":"Backflip","floor":1.0},{"not_picked":["Choke","Dagger Spray","Well Laid Plans"],"picked":"Singing Bowl","floor":4.0},{"not_picked":["Calculated Gamble","Quick Slash","Acrobatics"],"picked":"Singing Bowl","floor":5.0},{"not_picked":["Tactician","Slice","Flechettes"],"picked":"Singing Bowl","floor":11.0}],"player_experience":680538,"relics_obtained":[{"floor":12.0,"key":"Lantern"}],"event_choices":[{"damage_healed":0.0,"max_hp_gain":0.0,"max_hp_loss":0.0,"gold_gain":275.0,"event_name":"Golden Shrine","player_choice":"Desecrate","floor":2.0,"gold_loss":0.0,"damage_taken":0.0,"cards_obtained":["Regret"]},{"damage_healed":0.0,"max_hp_gain":0.0,"max_hp_loss":0.0,"gold_gain":0.0,"event_name":"Big Fish","player_choice":"Box","floor":10.0,"gold_loss":0.0,"damage_taken":0.0,"relics_obtained":["Orichalcum"],"cards_obtained":["Regret"]},{"cards_removed":["Regret"],"damage_healed":0.0,"max_hp_gain":0.0,"max_hp_loss":0.0,"gold_gain":0.0,"event_name":"Golden Wing","player_choice":"Card Removal","floor":14.0,"gold_loss":0.0,"damage_taken":7.0}],"is_beta":false,"boss_relics":[],"items_purged_floors":[3],"is_endless":false,"potions_floor_spawned":[4,11],"killed_by":"Hexaghost","ascension_level":0}