{"path_per_floor":["M","T","M","?","M","R","E","R","T","M","E","R","E","M","R","B",null,"M","M","$","?","?","E","$"],"character_chosen":"THE_SILENT","items_purchased":["Malaise","Purity","Happy Flower"],"gold_per_floor":[118,118,137,212,224,224,252,252,252,266,292,292,319,336,336,433,433,447,463,251,151,151,182,25],"floor_reached":25,"campfire_rested":0,"playtime":1562,"current_hp_per_floor":[76,76,76,65,60,60,52,52,52,48,39,39,38,40,40,34,77,57,54,54,54,54,42,42],"items_purged":["Regret"],"gold":25,"score":263,"play_id":"0ef13845-fe71-40ff-8857-63ecf7df458a","is_prod":false,"is_daily":false,"is_ascension_mode":true,"campfire_upgraded":4,"path_taken":["M","?","M","?","M","R","E","R","T","M","E","R","E","M","R","BOSS","M","M","$","?","?","E","$","E"],"build_version":"2018-02-12-PROD1","purchased_purges":1,"victory":false,"master_deck":["Defend_G","Defend_G","Defend_G","Defend_G","Defend_G","Strike_G","Strike_G","Strike_G","Strike_G+1","Strike_G","Survivor","Neutralize+1","Flying Knee","Dagger Throw+1","Slice+1","Infinite Blades","Sucker Punch+1","Dagger Throw","Cloak And Dagger","Adrenaline+1","Adrenaline","Writhe","Decay","Predator+1","Malaise","Purity","J.A.X.","Writhe","Deflect+1"],"max_hp_per_floor":[77,77,77,77,77,77,77,77,77,77,77,77,77,77,77,77,77,77,77,77,77,77,77,77],"relics":["Ring of the Snake","Unceasing Top","Centennial Puzzle","Blood Vial","Anchor","Juzu Bracelet","Calling Bell","Meat on the Bone","Snake Skull","Peace Pipe","Singing Bowl","Whetstone","Happy Flower"],"card_choices":[{"not_picked":["Flechettes","Envenom"],"picked":"Flying Knee"},{"not_picked":["Backflip","Outmaneuver"],"picked":"Dagger Throw"},{"not_picked":["Flying Knee","PiercingWail"],"picked":"Slice"},{"not_picked":["Outmaneuver","Dash"],"picked":"Infinite Blades"},{"not_picked":["Corpse Explosion","Dash"],"picked":"Sucker Punch"},{"not_picked":["Bane","Leg Sweep"],"picked":"Dagger Throw"},{"not_picked":["Deadly Poison","Sucker Punch"],"picked":"Cloak And Dagger"},{"not_picked":["Predator","Poisoned Stab"],"picked":"Adrenaline"},{"not_picked":["Wraith Form","Corpse Explosion"],"picked":"Adrenaline"},{"not_picked":["Dodge and Roll","Terror"],"picked":"Predator"},{"not_picked":["Deadly Poison","Quick Slash"],"picked":"Deflect"}],"player_experience":118486,"potions_floor_usage":[7,13,16,23,25],"damage_taken":[{"damage":1,"enemies":"Blue Slaver","floor":1,"turns":5},{"damage":0,"enemies":"2 Louse","floor":3,"turns":2},{"damage":5,"enemies":"Small Slimes","floor":5,"turns":3},{"damage":8,"enemies":"3 Sentries","floor":7,"turns":7},{"damage":6,"enemies":"Red Slaver","floor":10,"turns":4},{"damage":11,"enemies":"Gremlin Nob","floor":11,"turns":4},{"damage":3,"enemies":"3 Sentries","floor":13,"turns":5},{"damage":0,"enemies":"Large Slime","floor":14,"turns":5},{"damage":8,"enemies":"Slime Boss","floor":16,"turns":10},{"damage":20,"enemies":"2 Thieves","floor":18,"turns":5},{"damage":5,"enemies":"3 Byrds","floor":19,"turns":5},{"damage":14,"enemies":"Book of Stabbing","floor":23,"turns":6},{"damage":48,"enemies":"Slavers","floor":25,"turns":4}],"event_choices":[{"event_name":"World of Goop","player_choice":"Gather Gold","floor":4,"damage_taken":0},{"event_name":"Drug Dealer","player_choice":"Got JAXXED","floor":21,"damage_taken":0},{"event_name":"The Mausoleum","player_choice":"Yes","floor":22,"damage_taken":0}],"boss_relics":[{"not_picked":["Eternal Feather","Philosopher\u0027s Stone"],"picked":"Calling Bell"}],"potions_floor_spawned":[5,7,10,16,18],"seed_played":"-5243386053408983715","killed_by":"Slavers","ascension_level":2,"is_trial":false}