{"gold_per_floor":[118,118,134,145,161,192,192,223,223,241,44,44,55,88,88,192,192,210,210,220,220,231,231,231],"floor_reached":24,"playtime":1883,"items_purged":[],"score":283,"play_id":"04ccd3fa-17c4-4e8c-a675-cf0d637f9fbc","local_time":"20180916143128","is_ascension_mode":true,"campfire_choices":[{"floor":7,"key":"REST"},{"floor":12,"key":"REST"},{"floor":15,"key":"REST"},{"floor":23,"key":"REST"}],"neow_cost":"NONE","seed_source_timestamp":91511100309657,"circlet_count":0,"master_deck":["Strike_B","Strike_B","Strike_B","Strike_B","Defend_B","Defend_B","Defend_B","Zap","Dualcast","Rebound","Leap","Ball Lightning","Cold Snap","Multi-Cast","Loop","Reinforced Body","Hologram","Reboot","Echo Form","Fusion+1","Turbo","Leap+1"],"relics":["Cracked Core","The Courier","Nunchaku","Torii","Letter Opener","Dead Branch","Inserter","MutagenicStrength"],"potions_floor_usage":[1,5,5,5,5,5,5,5,6,6,14,16,18,20],"damage_taken":[{"damage":17,"enemies":"Small Slimes","floor":1,"turns":3},{"damage":1,"enemies":"Cultist","floor":3,"turns":3},{"damage":0,"enemies":"Jaw Worm","floor":4,"turns":3},{"damage":9,"enemies":"Large Slime","floor":5,"turns":5},{"damage":5,"enemies":"3 Sentries","floor":6,"turns":2},{"damage":21,"enemies":"Lagavulin","floor":8,"turns":5},{"damage":10,"enemies":"Red Slaver","floor":10,"turns":3},{"damage":11,"enemies":"Exordium Wildlife","floor":13,"turns":5},{"damage":7,"enemies":"3 Sentries","floor":14,"turns":9},{"damage":20,"enemies":"The Guardian","floor":16,"turns":12},{"damage":17,"enemies":"Shell Parasite","floor":18,"turns":6},{"damage":18,"enemies":"3 Byrds","floor":20,"turns":7},{"damage":11,"enemies":"Snecko","floor":22,"turns":8},{"damage":82,"enemies":"Gremlin Leader","floor":24,"turns":12}],"seed_played":"-1952450899279893228","potions_obtained":[{"floor":0,"key":"SneckoOil"},{"floor":0,"key":"EntropicBrew"},{"floor":0,"key":"Block Potion"},{"floor":5,"key":"Regen Potion"},{"floor":10,"key":"Ancient Potion"},{"floor":13,"key":"SpeedPotion"},{"floor":14,"key":"Ancient Potion"},{"floor":16,"key":"SneckoOil"}],"is_trial":false,"path_per_floor":["M","?","M","M","M","E","R","E","T","M","$","R","M","E","R","B",null,"M","?","M","?","M","R"],"character_chosen":"DEFECT","items_purchased":["Letter Opener"],"campfire_rested":4,"item_purchase_floors":[11],"current_hp_per_floor":[51,51,50,50,50,50,72,51,51,41,41,63,52,45,67,47,68,51,75,57,57,46,68,0],"gold":231,"neow_bonus":"THREE_SMALL_POTIONS","is_prod":false,"is_daily":false,"chose_seed":false,"campfire_upgraded":0,"win_rate":0,"timestamp":1537101088,"path_taken":["M","?","M","M","?","E","R","E","T","M","$","R","?","E","R","BOSS","M","?","M","?","M","R","E"],"build_version":"2018-09-06","purchased_purges":0,"victory":false,"max_hp_per_floor":[75,75,75,75,75,75,75,75,75,75,75,75,75,75,75,75,75,75,75,75,75,75,75,75],"card_choices":[{"not_picked":["Gash","Coolheaded"],"picked":"Rebound","floor":1},{"not_picked":["Turbo","FTL"],"picked":"Leap","floor":3},{"not_picked":["Skim","Turbo"],"picked":"Ball Lightning","floor":4},{"not_picked":["Go for the Eyes","Rebound"],"picked":"Cold Snap","floor":5},{"not_picked":["Sunder","Aggregate"],"picked":"Multi-Cast","floor":6},{"not_picked":["Force Field","Fusion"],"picked":"Loop","floor":8},{"not_picked":["Sweeping Beam","Melter"],"picked":"Reinforced Body","floor":10},{"not_picked":["Steam","Coolheaded"],"picked":"Hologram","floor":13},{"not_picked":["Undo","Turbo"],"picked":"Reboot","floor":14},{"not_picked":["Biased Cognition","Multi-Cast"],"picked":"Echo Form","floor":16},{"not_picked":["Stack","Loop"],"picked":"Fusion+1","floor":18},{"not_picked":["Melter","Beam Cell"],"picked":"Turbo","floor":20},{"not_picked":["Steam","Streamline"],"picked":"Leap+1","floor":22}],"player_experience":228437,"relics_obtained":[{"floor":6,"key":"The Courier"},{"floor":8,"key":"Nunchaku"},{"floor":9,"key":"Torii"},{"floor":14,"key":"Dead Branch"}],"event_choices":[{"event_name":"Bonfire Elementals","player_choice":"BASIC","floor":2,"damage_taken":0},{"event_name":"The Library","player_choice":"Heal","floor":19,"damage_taken":0},{"event_name":"Drug Dealer","player_choice":"Inject Mutagens","floor":21,"damage_taken":0}],"is_beta":false,"boss_relics":[{"not_picked":["FrozenCore","Eternal Feather"],"picked":"Inserter"}],"items_purged_floors":[],"is_endless":false,"potions_floor_spawned":[5,10,13,14,16],"killed_by":"Gremlin Leader","ascension_level":6}