{"gold_per_floor":[109,123,135,148,148,148,176,176,176,210,210,210,89,103,103,222,222,243,263,263,127,127,127,127],"floor_reached":24,"playtime":899,"items_purged":["Injury","Strike_B"],"score":265,"play_id":"ad463bcc-5f9b-42ce-932a-d483dd3a2803","local_time":"20180724194610","is_ascension_mode":true,"campfire_choices":[{"data":"Zap","floor":6.0,"key":"SMITH"},{"floor":8.0,"key":"REST"},{"floor":12.0,"key":"REST"},{"floor":15.0,"key":"REST"},{"floor":23,"key":"REST"}],"neow_cost":"TEN_PERCENT_HP_LOSS","seed_source_timestamp":0,"circlet_count":0,"master_deck":["Strike_B","Defend_B","Defend_B","Defend_B","Zap+1","Dualcast","Capacitor","Redo","Ball Lightning","Conserve Battery","Coolheaded","Machine Learning","Coolheaded","Blizzard+1","Reinforced Body","RitualDagger"],"special_seed":0,"relics":["Cracked Core","Dodecahedron","Mango","Ice Cream","Golden Idol","Fusion Hammer"],"potions_floor_usage":[24],"damage_taken":[{"damage":1.0,"enemies":"Cultist","floor":1.0,"turns":4.0},{"damage":4.0,"enemies":"Small Slimes","floor":2.0,"turns":3.0},{"damage":2.0,"enemies":"2 Louse","floor":3.0,"turns":2.0},{"damage":5.0,"enemies":"2 Fungi Beasts","floor":4.0,"turns":3.0},{"damage":44.0,"enemies":"Gremlin Nob","floor":7.0,"turns":4.0},{"damage":18.0,"enemies":"3 Sentries","floor":10.0,"turns":6.0},{"damage":11.0,"enemies":"Gremlin Gang","floor":14.0,"turns":4.0},{"damage":62.0,"enemies":"Hexaghost","floor":16.0,"turns":12.0},{"damage":6.0,"enemies":"3 Byrds","floor":18.0,"turns":5.0},{"damage":13,"enemies":"Spheric Guardian","floor":19,"turns":4},{"damage":62,"enemies":"Slavers","floor":24,"turns":4}],"seed_played":"-605585162110077424","potions_obtained":[{"floor":3.0,"key":"Swift Potion"},{"floor":7.0,"key":"AttackPotion"},{"floor":10.0,"key":"GamblersBrew"},{"floor":16.0,"key":"Weak Potion"}],"is_trial":false,"path_per_floor":["M","M","M","M","?","R","E","R","T","E","?","R","$","M","R","B",null,"M","M","?","$","?","R"],"character_chosen":"DEFECT","items_purchased":["Coolheaded","Reinforced Body"],"campfire_rested":4,"item_purchase_floors":[13,21],"current_hp_per_floor":[67,63,61,56,56,56,12,32,46,28,28,52,52,41,65,3,62,56,43,43,43,37,61,0],"gold":127,"neow_bonus":"REMOVE_TWO","is_prod":false,"is_daily":false,"chose_seed":false,"campfire_upgraded":1,"win_rate":0,"timestamp":1532486770,"path_taken":["M","M","M","?","?","R","E","R","T","E","?","R","$","M","R","BOSS","M","M","?","$","?","R","E"],"build_version":"2018-07-19v2","purchased_purges":2,"victory":false,"max_hp_per_floor":[68,68,68,68,68,68,68,68,82,82,82,82,82,82,82,82,82,82,82,82,82,82,82,82],"card_choices":[{"not_picked":["Leap","Coolheaded"],"picked":"Capacitor","floor":1.0},{"not_picked":["Turbo","Hologram","Sweeping Beam"],"picked":"SKIP","floor":2.0},{"not_picked":["Go for the Eyes","Sunder"],"picked":"Redo","floor":3.0},{"not_picked":["Steam","Static Discharge","Hyperbeam"],"picked":"SKIP","floor":4.0},{"not_picked":["Scrape","Hello World"],"picked":"Ball Lightning","floor":7.0},{"not_picked":["Reboot","Gash"],"picked":"Conserve Battery","floor":10.0},{"not_picked":["Go for the Eyes","Reprogram","Steam"],"picked":"SKIP","floor":14.0},{"not_picked":["Meteor Strike","Thunder Strike"],"picked":"Machine Learning","floor":16.0},{"not_picked":["Go for the Eyes+1","Cold Snap"],"picked":"Coolheaded","floor":18},{"not_picked":["Sweeping Beam+1","Barrage"],"picked":"Blizzard+1","floor":19}],"player_experience":376133,"relics_obtained":[{"floor":7.0,"key":"Dodecahedron"},{"floor":9.0,"key":"Mango"},{"floor":10.0,"key":"Ice Cream"}],"event_choices":[{"event_name":"Purifier","player_choice":"One Purge","floor":5.0,"damage_taken":0.0},{"event_name":"Golden Idol","player_choice":"Take Wound","floor":11.0,"damage_taken":0.0},{"event_name":"Drug Dealer","player_choice":"Ignored","floor":20,"damage_taken":0},{"event_name":"Nest","player_choice":"Joined the Cult","floor":22,"damage_taken":0}],"is_beta":false,"boss_relics":[{"not_picked":["Ectoplasm","Pandora\u0027s Box"],"picked":"Fusion Hammer"}],"items_purged_floors":[13,21],"is_endless":false,"potions_floor_spawned":[3,7,10,16],"killed_by":"Slavers","ascension_level":6}