{"gold_per_floor":[160,11,31,46,46,79,79,107,107,119,119],"floor_reached":11,"playtime":472,"items_purged":["Strike_B"],"score":112,"play_id":"177a6429-e2b4-45f9-a73e-96196ac1ab0a","local_time":"20181031205234","is_ascension_mode":true,"campfire_choices":[{"floor":7,"key":"REST"}],"neow_cost":"NONE","seed_source_timestamp":442658510147122,"circlet_count":0,"master_deck":["Strike_B","Strike_B+1","Defend_B","Defend_B","Defend_B","Defend_B","Zap","Dualcast","Beam Cell","Defragment","Go for the Eyes","Loop","Ball Lightning","Redo+1"],"relics":["Tiny House","Art of War","Toxic Egg 2","Anchor"],"potions_floor_usage":[8,8,8],"damage_taken":[{"damage":6,"enemies":"Cultist","floor":1,"turns":3},{"damage":0,"enemies":"Small Slimes","floor":3,"turns":3},{"damage":2,"enemies":"Jaw Worm","floor":4,"turns":4},{"damage":15,"enemies":"Lagavulin","floor":6,"turns":7},{"damage":32,"enemies":"Gremlin Nob","floor":8,"turns":4},{"damage":10,"enemies":"Gremlin Gang","floor":10,"turns":4},{"damage":45,"enemies":"3 Sentries","floor":11,"turns":6}],"seed_played":"7020974971326887032","potions_obtained":[{"floor":0,"key":"PowerPotion"},{"floor":3,"key":"FocusPotion"},{"floor":4,"key":"Regen Potion"},{"floor":8,"key":"Dexterity Potion"},{"floor":10,"key":"SteroidPotion"}],"is_trial":false,"path_per_floor":["M","$","M","M","?","E","R","E","T","M"],"character_chosen":"DEFECT","items_purchased":["Defragment"],"campfire_rested":1,"item_purchase_floors":[2],"current_hp_per_floor":[67,67,67,65,65,50,74,51,51,41,0],"gold":119,"neow_bonus":"BOSS_RELIC","is_prod":false,"is_daily":false,"chose_seed":false,"campfire_upgraded":0,"win_rate":0,"timestamp":1541044354,"path_taken":["M","$","?","M","?","E","R","E","T","M","E"],"build_version":"2018-10-25v2","purchased_purges":1,"victory":false,"max_hp_per_floor":[80,80,80,80,80,80,80,80,80,80,80],"card_choices":[{"not_picked":["Doom and Gloom","Stack"],"picked":"Beam Cell","floor":1},{"not_picked":["Double Energy","Rebound"],"picked":"Go for the Eyes","floor":3},{"not_picked":["Leap","Hello World"],"picked":"Loop","floor":4},{"not_picked":["Compile Driver","Redo","Gash"],"picked":"SKIP","floor":6},{"not_picked":["Turbo","Go for the Eyes"],"picked":"Ball Lightning","floor":8},{"not_picked":["Reinforced Body+1","Blizzard"],"picked":"Redo+1","floor":10}],"player_experience":529028,"relics_obtained":[{"floor":6,"key":"Art of War"},{"floor":8,"key":"Toxic Egg 2"},{"floor":9,"key":"Anchor"}],"event_choices":[{"cards_removed":["Strike_B"],"damage_healed":0,"gold_gain":0,"player_choice":"Forget","damage_taken":0,"max_hp_gain":0,"max_hp_loss":0,"event_name":"Living Wall","floor":5,"gold_loss":0}],"is_beta":false,"boss_relics":[],"items_purged_floors":[2],"is_endless":false,"potions_floor_spawned":[3,4,8,10],"killed_by":"3 Sentries","ascension_level":7}