{"gold_per_floor":[110,110,110,35,56,89,89,422,469,493,507,507,507,521,521,647,647,647,647,397,397,397,397,397,397,397,397],"floor_reached":27,"playtime":1391,"items_purged":["Strike_B","Defend_B"],"score":400,"play_id":"8ba1cab6-0f42-4582-b106-759f00ce5aad","local_time":"20180918220606","is_ascension_mode":true,"campfire_choices":[{"data":"Dualcast","floor":7,"key":"SMITH"},{"floor":13,"key":"REST"},{"floor":15,"key":"REST"},{"floor":23,"key":"REST"}],"neow_cost":"NONE","seed_source_timestamp":292083273506713,"circlet_count":0,"master_deck":["Strike_B","Strike_B+1","Strike_B","Defend_B+1","Defend_B","Defend_B","Zap+1","Dualcast+1","AscendersBane","Leap","Conserve Battery","Sweeping Beam","White Noise","Loop","Defragment","Conserve Battery","Electrodynamics","Storm","Necronomicurse","Defragment","Melter","Force Field","Leap"],"relics":["Cracked Core","NeowsBlessing","Golden Idol","Oddly Smooth Stone","Old Coin","Bag of Preparation","Ectoplasm","Necronomicon","Molten Egg 2"],"potions_floor_usage":[16,16,22,24,27],"damage_taken":[{"damage":0,"enemies":"2 Louse","floor":1,"turns":1},{"damage":0,"enemies":"Jaw Worm","floor":5,"turns":1},{"damage":0,"enemies":"Lagavulin","floor":6,"turns":1},{"damage":44,"enemies":"Gremlin Nob","floor":8,"turns":5},{"damage":2,"enemies":"Small Slimes","floor":10,"turns":3},{"damage":0,"enemies":"Exordium Thugs","floor":11,"turns":4},{"damage":1,"enemies":"2 Fungi Beasts","floor":14,"turns":3},{"damage":22,"enemies":"Hexaghost","floor":16,"turns":13},{"damage":2,"enemies":"Shell Parasite","floor":18,"turns":4},{"damage":0,"enemies":"Spheric Guardian","floor":21,"turns":2},{"damage":24,"enemies":"Cultist and Chosen","floor":22,"turns":5},{"damage":21,"enemies":"Shelled Parasite and Fungi","floor":24,"turns":7},{"damage":0,"enemies":"Chosen and Byrds","floor":25,"turns":5},{"damage":21,"enemies":"Sentry and Sphere","floor":27,"turns":3}],"seed_played":"-6872218965955666401","potions_obtained":[{"floor":5,"key":"Dexterity Potion"},{"floor":10,"key":"GamblersBrew"},{"floor":14,"key":"LiquidBronze"},{"floor":18,"key":"SkillPotion"},{"floor":22,"key":"EssenceOfSteel"},{"floor":25,"key":"SkillPotion"}],"is_trial":false,"path_per_floor":["M","?","?","$","M","E","R","E","T","M","M","?","R","M","R","B",null,"M","?","$","M","M","R","M","M","T"],"character_chosen":"DEFECT","items_purchased":["Defragment","Melter"],"campfire_rested":3,"item_purchase_floors":[20,20],"current_hp_per_floor":[68,53,53,53,53,53,53,9,9,7,7,7,27,26,46,24,58,56,40,40,40,16,36,15,15,15,0],"gold":397,"neow_bonus":"THREE_ENEMY_KILL","is_prod":false,"is_daily":false,"chose_seed":false,"campfire_upgraded":1,"win_rate":0,"timestamp":1537301166,"path_taken":["M","?","?","$","M","E","R","E","T","?","M","?","R","M","R","BOSS","M","?","?","M","M","R","M","M","T","M"],"build_version":"2018-09-06","purchased_purges":2,"victory":false,"max_hp_per_floor":[75,75,69,69,69,69,69,69,69,69,69,69,69,69,69,69,69,69,69,69,69,69,69,69,69,69,69],"card_choices":[{"not_picked":["Capacitor","Cold Snap"],"picked":"Leap","floor":1},{"not_picked":["Streamline","Redo"],"picked":"Conserve Battery","floor":5},{"not_picked":["Coolheaded","Rebound"],"picked":"Sweeping Beam","floor":6},{"not_picked":["Seek","Coolheaded"],"picked":"White Noise","floor":8},{"not_picked":["Turbo","Steam"],"picked":"Loop","floor":10},{"not_picked":["Undo","Cold Snap"],"picked":"Defragment","floor":11},{"not_picked":["Steam","Rebound"],"picked":"Conserve Battery","floor":14},{"not_picked":["Biased Cognition","Rainbow"],"picked":"Electrodynamics","floor":16},{"not_picked":["Consume+1","Steam"],"picked":"Storm","floor":18},{"not_picked":["Coolheaded","Lockon"],"picked":"Force Field","floor":21},{"not_picked":["Coolheaded","Darkness","Streamline"],"picked":"SKIP","floor":22},{"not_picked":["Steam Power","Coolheaded+1"],"picked":"Leap","floor":24},{"not_picked":["Chill","Turbo","Double Energy"],"picked":"SKIP","floor":25}],"player_experience":368490,"relics_obtained":[{"floor":6,"key":"Oddly Smooth Stone"},{"floor":8,"key":"Old Coin"},{"floor":9,"key":"Bag of Preparation"},{"floor":19,"key":"Necronomicon"},{"floor":26,"key":"Molten Egg 2"}],"event_choices":[{"event_name":"Shining Light","player_choice":"Entered Light","floor":2,"damage_taken":0},{"event_name":"Golden Idol","player_choice":"Lose Max HP","floor":3,"damage_taken":0},{"event_name":"Living Wall","player_choice":"Grow","floor":12,"damage_taken":0},{"event_name":"Cursed Tome","player_choice":"Obtained Book","floor":19,"damage_taken":0}],"is_beta":false,"boss_relics":[{"not_picked":["White Beast Statue","Busted Crown"],"picked":"Ectoplasm"}],"items_purged_floors":[4,20],"is_endless":false,"potions_floor_spawned":[5,10,14,18,22,25],"killed_by":"Sentry and Sphere","ascension_level":12}