{"path_per_floor":["M","M","M","M","$","R","?","E","T","M","E","?","M","E","R","B",null,"M","$","M","$","M","R","?","?","T","M","E","R","M","?","R","B",null,"M","?","$","M","?","R","?","?","T","R","M","M","?","M","R","B"],"character_chosen":"IRONCLAD","items_purchased":["Vajra","Lantern","Pommel Strike"],"gold_per_floor":[114,134,152,171,17,17,17,42,67,80,105,105,115,147,147,242,242,258,36,53,53,70,70,70,70,97,109,137,137,153,103,103,207,207,224,224,78,88,88,88,88,140,186,186,196,213,213,223,223,223],"floor_reached":51,"campfire_rested":4,"playtime":2685,"current_hp_per_floor":[80,72,72,67,67,67,72,69,69,69,60,60,57,57,57,57,85,81,81,59,59,28,68,68,52,52,52,37,77,76,76,76,17,85,85,80,80,83,72,72,72,27,34,76,79,59,59,65,92,29],"items_purged":["Defend_R","Defend_R"],"gold":223,"score":833,"play_id":"e041212f-917f-44d3-954c-44c840f2827b","local_time":"20180331181423","is_prod":false,"is_daily":false,"is_ascension_mode":true,"campfire_upgraded":4,"timestamp":1522512863,"path_taken":["M","M","M","M","$","R","?","E","T","M","E","?","M","E","R","BOSS","M","$","?","?","M","R","?","?","T","?","E","R","M","?","R","BOSS","M","?","$","M","?","R","?","?","T","R","?","M","?","M","R","BOSS"],"build_version":"2018-03-29v2","purchased_purges":3,"victory":true,"master_deck":["Strike_R","Strike_R","Strike_R","Strike_R","Defend_R","Defend_R","Bash","Uppercut+1","Shrug It Off","Pommel Strike","Iron Wave","Thunderclap","Disarm","Whirlwind+1","Disarm+1","Exhume+1","Warcry+1","Pommel Strike","Thunderclap+1","Shrug It Off","Headbutt+1","Reaper","Dropkick+1","Dark Shackles","Sadistic Nature+1","Pommel Strike","Cleave+1","Madness","Madness","Wild Strike+1","Clothesline+1","Hemokinesis+1","Flame Barrier","Sever Soul+1"],"max_hp_per_floor":[80,80,80,80,80,80,85,85,85,85,85,85,85,85,85,85,85,85,85,85,85,85,85,85,85,85,85,85,85,85,85,85,85,85,85,85,85,85,85,85,85,85,92,92,92,92,92,92,92,92],"relics":["Sozu","Vajra","Dream Catcher","Prayer Wheel","Bottled Lightning","Regal Pillow","Lizard Tail","Lantern","Nilry\u0027s Codex","Bag of Preparation","Ornamental Fan","Velvet Choker","Du-Vu Doll","Strawberry"],"card_choices":[{"not_picked":["Ghostly Armor","Wild Strike"],"picked":"Uppercut","floor":1},{"not_picked":["Sever Soul","Thunderclap"],"picked":"Shrug It Off","floor":2},{"not_picked":["True Grit","Clothesline"],"picked":"Pommel Strike","floor":3},{"not_picked":["Sword Boomerang","Intimidate"],"picked":"Iron Wave","floor":4},{"not_picked":["Warcry","Havoc"],"picked":"Thunderclap","floor":8},{"not_picked":["Warcry","Anger"],"picked":"Disarm","floor":10},{"not_picked":["Flex","Iron Wave"],"picked":"Whirlwind","floor":11},{"not_picked":["Perfected Strike","Juggernaut"],"picked":"Disarm","floor":13},{"not_picked":["Limit Break","Demon Form"],"picked":"Exhume","floor":16},{"not_picked":["Sever Soul","Whirlwind"],"picked":"Warcry","floor":18},{"not_picked":["True Grit","Clothesline"],"picked":"Pommel Strike","floor":20},{"not_picked":["Headbutt","Infernal Blade"],"picked":"Thunderclap","floor":23},{"not_picked":["Spot Weakness","Immolate"],"picked":"Shrug It Off","floor":26},{"not_picked":["Sword Boomerang","Seeing Red"],"picked":"Headbutt","floor":30},{"not_picked":["Bludgeon","Berserk"],"picked":"Reaper","floor":33},{"not_picked":["Sever Soul","Flame Barrier"],"picked":"Dropkick","floor":35},{"not_picked":["Panacea","Mind Blast"],"picked":"Dark Shackles","floor":36},{"not_picked":["Secret Weapon","Panacea"],"picked":"Sadistic Nature","floor":36},{"not_picked":["True Grit","Rage"],"picked":"Cleave","floor":38},{"not_picked":["Havoc","Perfected Strike"],"picked":"Wild Strike","floor":44},{"not_picked":["Anger","Body Slam"],"picked":"Clothesline","floor":45},{"not_picked":["Infernal Blade","Bloodletting"],"picked":"Hemokinesis","floor":46},{"not_picked":["Corruption","Havoc"],"picked":"Flame Barrier","floor":48},{"not_picked":["Body Slam","Burning Pact"],"picked":"Sever Soul","floor":49}],"player_experience":174986,"potions_floor_usage":[],"damage_taken":[{"damage":0,"enemies":"Small Slimes","floor":1,"turns":3},{"damage":8,"enemies":"2 Louse","floor":2,"turns":2},{"damage":0,"enemies":"Cultist","floor":3,"turns":3},{"damage":5,"enemies":"Red Slaver","floor":4,"turns":4},{"damage":3,"enemies":"Lagavulin","floor":8,"turns":6},{"damage":0,"enemies":"Gremlin Gang","floor":10,"turns":3},{"damage":9,"enemies":"3 Sentries","floor":11,"turns":6},{"damage":3,"enemies":"Blue Slaver","floor":13,"turns":2},{"damage":0,"enemies":"Gremlin Nob","floor":14,"turns":3},{"damage":0,"enemies":"Slime Boss","floor":16,"turns":6},{"damage":4,"enemies":"Chosen","floor":18,"turns":5},{"damage":22,"enemies":"2 Thieves","floor":20,"turns":2},{"damage":31,"enemies":"Centurion and Healer","floor":22,"turns":5},{"damage":0,"enemies":"Sentry and Sphere","floor":27,"turns":2},{"damage":15,"enemies":"Book of Stabbing","floor":28,"turns":6},{"damage":1,"enemies":"Chosen and Byrds","floor":30,"turns":6},{"damage":69,"enemies":"Automaton","floor":33,"turns":9},{"damage":7,"enemies":"Orb Walker","floor":35,"turns":3},{"damage":6,"enemies":"3 Darklings","floor":38,"turns":5},{"damage":69,"enemies":"Mysterious Sphere","floor":42,"turns":6},{"damage":9,"enemies":"Maw","floor":45,"turns":7},{"damage":20,"enemies":"4 Shapes","floor":46,"turns":1},{"damage":20,"enemies":"3 Darklings","floor":48,"turns":3},{"damage":121,"enemies":"Donu and Deca","floor":50,"turns":10}],"event_choices":[{"event_name":"Big Fish","player_choice":"Donut","floor":7,"damage_taken":0},{"event_name":"Bonfire Elementals","player_choice":"BASIC","floor":12,"damage_taken":0},{"event_name":"Beggar","player_choice":"Ignored","floor":24,"damage_taken":0},{"event_name":"Cursed Tome","player_choice":"Obtained Book","floor":25,"damage_taken":0},{"event_name":"The Joust","player_choice":"Bet on Murderer","floor":31,"damage_taken":0},{"event_name":"SensoryStone","player_choice":"Memory 2","floor":36,"damage_taken":0},{"event_name":"Winding Halls","player_choice":"Embrace Madness","floor":39,"damage_taken":0},{"event_name":"Accursed Blacksmith","player_choice":"Forge","floor":41,"damage_taken":0},{"event_name":"Mysterious Sphere","player_choice":"Fight","floor":42,"damage_taken":0},{"event_name":"Tomb of Lord Red Mask","player_choice":"Ignored","floor":47,"damage_taken":0}],"boss_relics":[{"not_picked":["Cursed Key","Calling Bell"],"picked":"Lizard Tail"},{"not_picked":["Runic Dome","Runic Pyramid"],"picked":"Velvet Choker"}],"potions_floor_spawned":[1,2,4,10,14,22,27,30,33,35,42],"seed_played":"3059731563623287595","ascension_level":2,"is_trial":false}