{"path_per_floor":["M","?","?","M","?","R","$","M","T","E","?","E","R","M","R","B",null,"M","M","M","$","M","E","R","?","T","M","E","M","M","$","R"],"character_chosen":"IRONCLAD","items_purchased":["Inflame","Warcry","Blood for Blood","Burning Pact"],"gold_per_floor":[113,113,113,133,133,133,52,69,69,94,94,121,121,137,137,233,233,247,260,274,175,189,217,217,117,165,176,204,221,233,23,23],"floor_reached":33,"campfire_rested":2,"playtime":7070,"current_hp_per_floor":[80,80,73,78,78,78,78,80,80,78,78,65,65,71,71,17,80,84,85,83,83,63,25,51,51,51,39,52,41,15,15,46],"items_purged":["Injury","Bash"],"gold":23,"play_id":"3ee3ec1c-d04d-479d-9a7e-e475d5717a67","is_prod":false,"is_daily":false,"campfire_rituals":0,"campfire_upgraded":3,"is_hardmode":false,"path_taken":["M","?","?","M","?","R","$","?","T","E","?","E","R","?","R","BOSS","M","M","?","$","M","E","R","?","T","M","E","M","M","$","R","BOSS"],"build_version":"2018-01-04-PROD1","purchased_purges":3,"victory":false,"master_deck":["Strike_R","Strike_R","Strike_R","Strike_R","Strike_R","Defend_R","Defend_R","Defend_R","Armaments","Hemokinesis","Inflame","Blood for Blood","Searing Blow","Flex","Armaments","Feed","Bloodletting","Headbutt","Warcry","Shrug It Off","Power Through","J.A.X.","Double Tap","Dual Wield","Blood for Blood","Burning Pact"],"max_hp_per_floor":[80,80,80,80,80,80,80,80,80,80,80,80,80,80,80,80,80,84,87,87,87,87,87,87,87,87,87,101,104,104,104,104],"relics":["Burning Blood","Bottled Lightning","Anchor","Torii","Black Star","Lantern","Pen Nib","Frozen Egg","Mummified Hand","Pear"],"campfire_meditates":0,"card_choices":[{"not_picked":["Shrug It Off","Headbutt"],"picked":"Armaments"},{"not_picked":["Dual Wield","Shockwave"],"picked":"Hemokinesis"},{"not_picked":["Hemokinesis","Warcry"],"picked":"Blood for Blood"},{"not_picked":["Burning Pact","Metallicize"],"picked":"Searing Blow"},{"not_picked":["Perfected Strike","Clothesline"],"picked":"Flex"},{"not_picked":["Perfected Strike","Clash"],"picked":"Armaments"},{"not_picked":["Demon Form","Barricade"],"picked":"Feed"},{"not_picked":["Thunderclap","Anger"],"picked":"Bloodletting"},{"not_picked":["Perfected Strike","Combust"],"picked":"Headbutt"},{"not_picked":["Body Slam","Feel No Pain"],"picked":"Shrug It Off"},{"not_picked":["True Grit","Perfected Strike"],"picked":"Power Through"},{"not_picked":["Burning Pact","Spot Weakness"],"picked":"Double Tap"},{"not_picked":["Uppercut","Clothesline"],"picked":"Dual Wield"}],"player_experience":21966,"potions_floor_usage":[10,19,20,22,23,27,30],"damage_taken":[{"damage":5,"enemies":"2 Louse","floor":1,"turns":3},{"damage":1,"enemies":"Cultist","floor":4,"turns":3},{"damage":2,"enemies":"Small Slimes","floor":8,"turns":2},{"damage":8,"enemies":"Gremlin Nob","floor":10,"turns":3},{"damage":19,"enemies":"3 Sentries","floor":12,"turns":5},{"damage":0,"enemies":"2 Fungi Beasts","floor":14,"turns":3},{"damage":60,"enemies":"Hexaghost","floor":16,"turns":9},{"damage":4,"enemies":"2 Thieves","floor":18,"turns":4},{"damage":8,"enemies":"3 Byrds","floor":19,"turns":6},{"damage":8,"enemies":"Snake Plant","floor":20,"turns":3},{"damage":26,"enemies":"Snecko","floor":22,"turns":5},{"damage":44,"enemies":"Book of Stabbing","floor":23,"turns":6},{"damage":18,"enemies":"3 Cultists","floor":27,"turns":6},{"damage":7,"enemies":"Gremlin Leader","floor":28,"turns":8},{"damage":20,"enemies":"Slaver and Parasite","floor":29,"turns":4},{"damage":41,"enemies":"Sentry and Sphere","floor":30,"turns":5},{"damage":50,"enemies":"Collector","floor":33,"turns":6}],"event_choices":[{"event_name":"Upgrade Shrine","player_choice":"Upgraded","floor":2,"damage_taken":0},{"event_name":"Golden Wing","player_choice":"Card Removal","floor":3,"damage_taken":0},{"event_name":"Accursed Blacksmith","player_choice":"Forge","floor":5,"damage_taken":0},{"event_name":"Liars Game","player_choice":"disagreed","floor":11,"damage_taken":0},{"event_name":"Drug Dealer","player_choice":"Got JAXXED","floor":25,"damage_taken":0}],"boss_relics":[{"not_picked":["Cursed Key","Runic Pyramid"],"picked":"Black Star"}],"potions_floor_spawned":[8,12,14,18,22,23,29],"seed_played":"4088986340620794478","killed_by":"Collector","is_trial":false}