{"path_per_floor":["M","M","M","M","?","R","E","$","T","?","R","E","?","M","R","B",null,"M","?","M","?","?","$","R","$","T","?","M","?","M","M","R"],"character_chosen":"THE_SILENT","items_purchased":["Footwork","Dexterity Potion","Underhanded Strike"],"gold_per_floor":[114,130,150,120,120,120,155,0,0,0,0,33,33,46,46,151,151,168,83,98,98,98,23,23,23,23,23,42,42,54,74,74,74],"floor_reached":33,"campfire_rested":4,"playtime":3633,"current_hp_per_floor":[69,69,67,63,63,69,37,37,37,37,64,40,26,18,62,42,70,48,48,19,19,19,19,65,65,65,65,57,57,12,26,70,0],"items_purged":["Strike_G"],"gold":74,"score":255,"play_id":"23e5b487-8b43-4c2f-b6c6-c6c76240bebb","local_time":"20180327003925","is_prod":false,"is_daily":false,"is_ascension_mode":false,"campfire_upgraded":1,"timestamp":1522103965,"path_taken":["M","M","?","?","?","R","E","$","T","?","R","E","?","M","R","BOSS","M","?","M","?","?","$","R","$","T","?","M","?","M","M","R","BOSS"],"build_version":"2018-03-22v2","purchased_purges":1,"victory":false,"master_deck":["Defend_G+1","Defend_G+1","Defend_G+1","Defend_G+1","Defend_G+1","Strike_G+1","Strike_G+1","Strike_G+1","Strike_G+1","Survivor","Neutralize+1","Backflip","Acrobatics","Outmaneuver","Flying Knee+1","Sucker Punch+1","Footwork","Injury","Underhanded Strike","Tools of the Trade","Tools of the Trade","Dash","Dodge and Roll+1","Neutralize+1","Underhanded Strike","Terror","Backflip+1","PiercingWail+1"],"max_hp_per_floor":[70,70,70,70,70,70,70,70,70,70,70,70,70,70,70,70,70,70,70,70,70,70,70,70,70,70,70,70,70,70,70,70,70],"relics":["Eternal Feather","Anchor","Juzu Bracelet","Regal Pillow","Lizard Tail","Art of War","Blood Vial"],"card_choices":[{"not_picked":["Heel Hook","Deadly Poison"],"picked":"Backflip","floor":1},{"not_picked":["Infinite Blades","Prepared"],"picked":"Acrobatics","floor":2},{"not_picked":["Bane","Backflip"],"picked":"Outmaneuver","floor":3},{"not_picked":["Caltrops","Dagger Throw"],"picked":"Flying Knee","floor":4},{"not_picked":["Acrobatics","Heel Hook"],"picked":"Sucker Punch","floor":7},{"not_picked":["Bane","Acrobatics"],"picked":"Underhanded Strike","floor":12},{"not_picked":["Blade Dance","Reflex"],"picked":"Tools of the Trade","floor":14},{"not_picked":["Die Die Die","Glass Knife"],"picked":"Tools of the Trade","floor":16},{"not_picked":["Deflect","Noxious Fumes"],"picked":"Dash","floor":18},{"not_picked":["Accuracy","Blade Dance"],"picked":"Dodge and Roll","floor":20},{"not_picked":["Backflip","Quick Slash"],"picked":"Terror","floor":28},{"not_picked":["Deadly Poison","Crippling Poison"],"picked":"Backflip","floor":30},{"not_picked":["Cloak And Dagger","Blade Dance"],"picked":"PiercingWail","floor":31}],"player_experience":99126,"potions_floor_usage":[4,12,16,20,30,31],"damage_taken":[{"damage":1,"enemies":"Cultist","floor":1,"turns":4},{"damage":0,"enemies":"2 Louse","floor":2,"turns":4},{"damage":2,"enemies":"Small Slimes","floor":3,"turns":6},{"damage":4,"enemies":"Exordium Thugs","floor":4,"turns":6},{"damage":32,"enemies":"Lagavulin","floor":7,"turns":11},{"damage":39,"enemies":"Gremlin Nob","floor":12,"turns":7},{"damage":8,"enemies":"Gremlin Gang","floor":14,"turns":7},{"damage":20,"enemies":"The Guardian","floor":16,"turns":19},{"damage":22,"enemies":"3 Byrds","floor":18,"turns":11},{"damage":29,"enemies":"Chosen","floor":20,"turns":12},{"damage":10,"enemies":"Snake Plant","floor":28,"turns":8},{"damage":47,"enemies":"Cultist and Chosen","floor":30,"turns":11},{"damage":28,"enemies":"Centurion and Healer","floor":31,"turns":15},{"damage":70,"enemies":"Collector","floor":33,"turns":14}],"event_choices":[{"event_name":"Upgrade Shrine","player_choice":"Upgraded","floor":5,"damage_taken":0},{"event_name":"Accursed Blacksmith","player_choice":"Forge","floor":10,"damage_taken":0},{"event_name":"Shining Light","player_choice":"Entered Light","floor":13,"damage_taken":0},{"event_name":"Addict","player_choice":"Obtained Relic","floor":19,"damage_taken":0},{"event_name":"Duplicator","player_choice":"One dupe","floor":21,"damage_taken":0},{"event_name":"Back to Basics","player_choice":"Simplicity","floor":22,"damage_taken":0},{"event_name":"Vampires","player_choice":"Ignored","floor":27,"damage_taken":0},{"event_name":"Beggar","player_choice":"Ignored","floor":29,"damage_taken":0}],"boss_relics":[{"not_picked":["Black Star","Runic Pyramid"],"picked":"Lizard Tail"}],"potions_floor_spawned":[1,7,12,18,28],"seed_played":"-176767687349112968","killed_by":"Collector","ascension_level":0,"is_trial":false}