{"gold_per_floor":[114,189,189,204,154,154,169,199,224,224,254,314,314,329,329,429,429,444,459,459,36,66,96,111,111,161,191,221,236,12,42,42,142,142,157,191,216,1215,314,314,344,344,369,369,384,399,429,444,444,444],"floor_reached":51,"playtime":2362,"items_purged":["Brutality"],"score":1144,"play_id":"eeeae657-7d0e-4d84-b9f6-cc1c069cdde7","local_time":"20181023235307","daily_mods":["Shiny","ControlledChaos","DeadlyEvents"],"is_ascension_mode":false,"campfire_choices":[{"data":"Offering","floor":6,"key":"SMITH"},{"data":"Corruption","floor":10,"key":"SMITH"},{"data":"Feed","floor":13,"key":"SMITH"},{"data":"Limit Break","floor":15,"key":"SMITH"},{"data":"Barricade","floor":25,"key":"SMITH"},{"data":"Body Slam","floor":32,"key":"SMITH"},{"data":"Madness","floor":40,"key":"SMITH"},{"data":"Secret Technique","floor":42,"key":"SMITH"},{"data":"Dark Embrace","floor":44,"key":"SMITH"},{"data":"Demon Form","floor":49,"key":"SMITH"}],"neow_cost":"","seed_source_timestamp":277145881829009,"circlet_count":0,"master_deck":["Double Tap","Demon Form","Bludgeon+1","Feed+1","Limit Break+1","Barricade+1","Fiend Fire","Dark Embrace+1","Impervious","Reaper+1","Exhume+1","Offering+1","Immolate","True Grit+1","Ghostly Armor","Corruption+1","Havoc","Feel No Pain","Fiend Fire","Body Slam+1","Feel No Pain","Limit Break","Ghostly Armor+1","Flame Barrier+1","Inflame","Demon Form+1","Inflame","Shrug It Off","Secret Technique+1","Madness+1","Ghostly Armor","Havoc+1"],"special_seed":17828,"relics":["Burning Blood","Frozen Eye","PreservedInsect","Oddly Smooth Stone","Whetstone","Tiny Chest","Busted Crown","Centennial Puzzle","Champion Belt","Boot","Red Skull","Bag of Preparation","Blood Vial","Bag of Marbles","War Paint","Runic Dome","Nunchaku","Omamori","OrangePellets","Lantern","Regal Pillow","Smiling Mask","Vajra","Self Forming Clay"],"potions_floor_usage":[50,50,50],"damage_taken":[{"damage":17,"enemies":"Jaw Worm","floor":1,"turns":3},{"damage":16,"enemies":"Small Slimes","floor":4,"turns":3},{"damage":0,"enemies":"Cultist","floor":7,"turns":3},{"damage":33,"enemies":"3 Sentries","floor":8,"turns":3},{"damage":6,"enemies":"Gremlin Nob","floor":11,"turns":2},{"damage":13,"enemies":"Lagavulin","floor":12,"turns":3},{"damage":14,"enemies":"Exordium Wildlife","floor":14,"turns":3},{"damage":52,"enemies":"Hexaghost","floor":16,"turns":8},{"damage":16,"enemies":"2 Thieves","floor":18,"turns":3},{"damage":0,"enemies":"Shell Parasite","floor":19,"turns":3},{"damage":41,"enemies":"Book of Stabbing","floor":22,"turns":5},{"damage":38,"enemies":"Slavers","floor":23,"turns":6},{"damage":6,"enemies":"Snake Plant","floor":24,"turns":1},{"damage":12,"enemies":"Book of Stabbing","floor":27,"turns":2},{"damage":4,"enemies":"Slavers","floor":28,"turns":4},{"damage":21,"enemies":"Shelled Parasite and Fungi","floor":29,"turns":4},{"damage":7,"enemies":"Book of Stabbing","floor":31,"turns":4},{"damage":6,"enemies":"Champ","floor":33,"turns":8},{"damage":6,"enemies":"Orb Walker","floor":35,"turns":2},{"damage":6,"enemies":"2 Orb Walkers","floor":36,"turns":2},{"damage":12,"enemies":"Giant Head","floor":41,"turns":5},{"damage":0,"enemies":"3 Shapes","floor":45,"turns":4},{"damage":6,"enemies":"Jaw Worm Horde","floor":46,"turns":3},{"damage":12,"enemies":"Nemesis","floor":47,"turns":3},{"damage":6,"enemies":"Sphere and 2 Shapes","floor":48,"turns":3},{"damage":18,"enemies":"Time Eater","floor":50,"turns":4}],"seed_played":"1393091193090415519","potions_obtained":[{"floor":4,"key":"SpeedPotion"},{"floor":7,"key":"Strength Potion"},{"floor":11,"key":"PowerPotion"},{"floor":14,"key":"Swift Potion"}],"is_trial":false,"path_per_floor":["M","?","?","M","?","R","M","E","T","R","E","E","R","M","R","B",null,"M","M","?","$","E","E","M","R","T","E","E","M","$","E","R","B",null,"M","?","T","?","$","R","E","R","T","R","M","M","E","M","R","B"],"character_chosen":"IRONCLAD","items_purchased":["Feel No Pain","Centennial Puzzle","Limit Break","Bag of Marbles","Inflame","OrangePellets","Lantern","Regal Pillow","Inflame","Shrug It Off","Secret Technique","Madness"],"campfire_rested":0,"item_purchase_floors":[21,21,21,30,30,39,39,39,39,39,39,39],"current_hp_per_floor":[69,58,90,88,88,88,93,66,66,66,66,62,62,62,62,16,104,102,108,108,108,73,41,41,41,41,43,88,80,80,85,85,101,120,120,120,120,120,120,120,114,114,114,114,124,128,123,129,129,119],"gold":444,"neow_bonus":"","is_prod":false,"is_daily":true,"chose_seed":false,"campfire_upgraded":10,"win_rate":0,"timestamp":1540353187,"path_taken":["M","?","?","M","?","R","?","?","T","R","E","?","R","M","R","BOSS","M","M","?","?","?","E","?","R","T","E","?","?","$","E","R","BOSS","M","?","?","?","$","R","E","R","T","R","M","M","?","?","R","BOSS"],"build_version":"2018-10-22","purchased_purges":1,"victory":true,"max_hp_per_floor":[80,80,90,90,90,90,93,93,93,93,93,96,96,104,104,104,104,112,112,112,112,112,112,112,112,112,112,116,116,116,120,120,120,120,120,120,120,120,120,120,120,120,120,120,124,128,128,132,132,132],"card_choices":[{"not_picked":["Thunderclap","Flex"],"picked":"True Grit","floor":1},{"not_picked":["Whirlwind","Spot Weakness"],"picked":"Ghostly Armor","floor":4},{"not_picked":["Evolve","Power Through","Dropkick"],"picked":"SKIP","floor":7},{"not_picked":["Intimidate","Pummel"],"picked":"Corruption","floor":8},{"not_picked":["Armaments","Battle Trance"],"picked":"Havoc","floor":11},{"not_picked":["Reckless Charge","Wild Strike","Corruption"],"picked":"SKIP","floor":12},{"not_picked":["Immolate","Pommel Strike"],"picked":"Feel No Pain","floor":14},{"not_picked":["Immolate","Bludgeon"],"picked":"Fiend Fire","floor":16},{"not_picked":["Thunderclap"],"picked":"SKIP","floor":18},{"not_picked":[],"picked":"Body Slam","floor":19},{"not_picked":["Anger+1"],"picked":"SKIP","floor":22},{"not_picked":[],"picked":"Ghostly Armor+1","floor":23},{"not_picked":["Twin Strike"],"picked":"SKIP","floor":24},{"not_picked":[],"picked":"Flame Barrier+1","floor":27},{"not_picked":["Reaper"],"picked":"SKIP","floor":28},{"not_picked":["Pommel Strike"],"picked":"SKIP","floor":29},{"not_picked":["Iron Wave"],"picked":"SKIP","floor":31},{"not_picked":[],"picked":"Demon Form","floor":33},{"not_picked":["Corruption"],"picked":"SKIP","floor":35},{"not_picked":[],"picked":"Ghostly Armor","floor":41},{"not_picked":[],"picked":"Havoc+1","floor":45},{"not_picked":["Second Wind+1"],"picked":"SKIP","floor":46},{"not_picked":["Bloodletting"],"picked":"SKIP","floor":47},{"not_picked":["Twin Strike+1"],"picked":"SKIP","floor":48}],"player_experience":385882,"relics_obtained":[{"floor":8,"key":"PreservedInsect"},{"floor":9,"key":"Oddly Smooth Stone"},{"floor":11,"key":"Whetstone"},{"floor":12,"key":"Tiny Chest"},{"floor":22,"key":"Champion Belt"},{"floor":23,"key":"Boot"},{"floor":26,"key":"Red Skull"},{"floor":27,"key":"Bag of Preparation"},{"floor":28,"key":"Blood Vial"},{"floor":31,"key":"War Paint"},{"floor":36,"key":"Nunchaku"},{"floor":37,"key":"Omamori"},{"floor":41,"key":"Smiling Mask"},{"floor":43,"key":"Vajra"},{"floor":47,"key":"Self Forming Clay"}],"event_choices":[{"damage_healed":0,"gold_gain":75,"player_choice":"Gather Gold","damage_taken":11,"max_hp_gain":0,"max_hp_loss":0,"event_name":"World of Goop","floor":2,"gold_loss":0},{"cards_removed":["Juggernaut"],"damage_healed":22,"gold_gain":0,"player_choice":"Offered Rare","damage_taken":0,"max_hp_gain":10,"max_hp_loss":0,"event_name":"Bonfire Elementals","floor":3,"gold_loss":0},{"cards_removed":["Berserk"],"damage_healed":0,"gold_gain":0,"player_choice":"Card Removal","damage_taken":0,"max_hp_gain":0,"max_hp_loss":0,"event_name":"The Cleric","floor":5,"gold_loss":50},{"damage_healed":0,"gold_gain":0,"player_choice":"Ignored","damage_taken":0,"max_hp_gain":0,"max_hp_loss":0,"event_name":"Vampires","floor":20,"gold_loss":0},{"damage_healed":0,"gold_gain":0,"player_choice":"Fight","damage_taken":0,"max_hp_gain":0,"max_hp_loss":0,"event_name":"Mysterious Sphere","floor":36,"gold_loss":0},{"damage_healed":0,"gold_gain":999,"player_choice":"Gold","damage_taken":0,"max_hp_gain":0,"max_hp_loss":0,"event_name":"MindBloom","floor":38,"gold_loss":0,"cards_obtained":["Normality","Normality"]}],"is_beta":true,"boss_relics":[{"not_picked":["Snecko Eye","Calling Bell"],"picked":"Busted Crown"},{"not_picked":["White Beast Statue","Black Blood"],"picked":"Runic Dome"}],"items_purged_floors":[21],"is_endless":false,"potions_floor_spawned":[4,7,11,14,19,23,27,28,31,46,47,48],"ascension_level":0}