{"gold_per_floor":[367,383,383,343,28,28,58,58,58,58,91,109,143,154,154,259,259,277,277,277],"floor_reached":20,"playtime":915,"items_purged":["Regret"],"score":259,"play_id":"60ff95a8-7256-4acf-8cee-853dbaf31284","local_time":"20180821213839","is_ascension_mode":true,"campfire_choices":[{"floor":6,"key":"REST"},{"data":"Bash","floor":8,"key":"SMITH"},{"data":"Strike_R","floor":15,"key":"SMITH"}],"neow_cost":"CURSE","seed_source_timestamp":612694631480512,"circlet_count":0,"master_deck":["Strike_R+1","Strike_R+1","Strike_R","Strike_R+1","Defend_R","Defend_R","Defend_R","Defend_R","Bash+1","Armaments","Reaper+1","Iron Wave+1","Cleave+1","Limit Break","Pain","Parasite","Pain"],"relics":["Burning Blood","Molten Egg 2","Frozen Egg 2","Pantograph","Meat on the Bone","Ice Cream","Calling Bell","Oddly Smooth Stone","Matryoshka","Nunchaku"],"potions_floor_usage":[7,7,11,16,16,18,19],"damage_taken":[{"damage":2,"enemies":"2 Louse","floor":1,"turns":3},{"damage":18,"enemies":"Jaw Worm","floor":2,"turns":5},{"damage":5,"enemies":"3 Sentries","floor":7,"turns":7},{"damage":29,"enemies":"Gremlin Nob","floor":11,"turns":4},{"damage":0,"enemies":"Cultist","floor":12,"turns":4},{"damage":56,"enemies":"Lagavulin","floor":13,"turns":8},{"damage":9,"enemies":"2 Fungi Beasts","floor":14,"turns":4},{"damage":46,"enemies":"Hexaghost","floor":16,"turns":14},{"damage":55,"enemies":"3 Byrds","floor":18,"turns":8},{"damage":0,"enemies":"Shell Parasite","floor":19,"turns":1},{"damage":53,"enemies":"Sentry and Sphere","floor":20,"turns":5}],"seed_played":"7928138273433162458","potions_obtained":[{"floor":4,"key":"AttackPotion"},{"floor":4,"key":"SkillPotion"},{"floor":4,"key":"Block Potion"},{"floor":13,"key":"Dexterity Potion"},{"floor":14,"key":"Dexterity Potion"},{"floor":16,"key":"Block Potion"},{"floor":18,"key":"SmokeBomb"}],"is_trial":false,"path_per_floor":["M","M","?","?","$","R","E","R","T","?","E","M","E","M","R","B",null,"M","M"],"character_chosen":"IRONCLAD","items_purchased":["Molten Egg 2"],"campfire_rested":1,"item_purchase_floors":[5],"current_hp_per_floor":[76,64,48,48,48,72,73,73,73,73,50,57,25,44,44,46,72,41,47,0],"gold":277,"neow_bonus":"TWO_FIFTY_GOLD","is_prod":false,"is_daily":false,"chose_seed":false,"campfire_upgraded":2,"win_rate":0,"timestamp":1534912719,"path_taken":["M","M","?","?","$","R","E","R","T","?","E","M","E","M","R","BOSS","M","?","M"],"build_version":"2018-08-16","purchased_purges":1,"victory":false,"max_hp_per_floor":[80,80,80,80,80,80,80,80,80,80,80,80,80,80,80,80,80,80,80,80],"card_choices":[{"not_picked":["Shockwave","Anger"],"picked":"Armaments","floor":1},{"not_picked":["Reckless Charge","Perfected Strike","Limit Break"],"picked":"SKIP","floor":2},{"not_picked":["Feel No Pain","Power Through","Dual Wield"],"picked":"SKIP","floor":7},{"not_picked":["Corruption+1","Havoc"],"picked":"Reaper+1","floor":11},{"not_picked":["Clash+1","Ghostly Armor","Warcry"],"picked":"SKIP","floor":12},{"not_picked":["Hemokinesis+1","Second Wind"],"picked":"Iron Wave+1","floor":13},{"not_picked":["Blood for Blood+1","Disarm"],"picked":"Cleave+1","floor":14},{"not_picked":["Brutality+1","Bludgeon+1"],"picked":"Limit Break","floor":16},{"not_picked":["Feel No Pain+1","Fire Breathing+1","Intimidate"],"picked":"SKIP","floor":18}],"player_experience":428541,"relics_obtained":[{"floor":7,"key":"Frozen Egg 2"},{"floor":9,"key":"Pantograph"},{"floor":11,"key":"Meat on the Bone"},{"floor":13,"key":"Ice Cream"},{"floor":17,"key":"Oddly Smooth Stone"},{"floor":17,"key":"Matryoshka"},{"floor":17,"key":"Nunchaku"}],"event_choices":[{"event_name":"Shining Light","player_choice":"Entered Light","floor":3,"damage_taken":0},{"event_name":"The Woman in Blue","player_choice":"Bought 3 Potions","floor":4,"damage_taken":0},{"event_name":"Living Wall","player_choice":"Forget","floor":10,"damage_taken":0}],"is_beta":false,"boss_relics":[{"not_picked":["Velvet Choker","Lizard Tail"],"picked":"Calling Bell"}],"items_purged_floors":[5],"is_endless":false,"potions_floor_spawned":[13,14,16,18],"killed_by":"Sentry and Sphere","ascension_level":7}