{"gold_per_floor":[114,114,135,60,76,76,95,95,119,119,119,144,158,177,177,306,306,321,321,321,15,25,25,41,41,65,80,80],"floor_reached":28,"playtime":1372,"items_purged":["Strike_B"],"score":336,"play_id":"31eb83b3-6d6b-4598-9fb0-92d3c921c8b0","local_time":"20180918195632","is_ascension_mode":true,"campfire_choices":[{"data":"Zap","floor":6,"key":"SMITH"},{"data":"Dualcast","floor":8,"key":"SMITH"},{"data":"Sweeping Beam","floor":11,"key":"SMITH"},{"floor":15,"key":"REST"},{"floor":23,"key":"REST"}],"neow_cost":"NONE","seed_source_timestamp":284327330944988,"circlet_count":0,"master_deck":["Strike_B","Strike_B","Defend_B","Defend_B","Defend_B","Defend_B","Zap+1","Dualcast+1","AscendersBane","Darkness","Sweeping Beam+1","Core Surge","Conserve Battery","Undo","Writhe","Reinforced Body"],"relics":["Cracked Core","Bloody Idol","Ancient Tea Set","Odd Mushroom","Eternal Feather","Girya","Strawberry","PreservedInsect"],"potions_floor_usage":[14,16,24,27],"damage_taken":[{"damage":0,"enemies":"Small Slimes","floor":1,"turns":3},{"damage":0,"enemies":"2 Louse","floor":3,"turns":3},{"damage":1,"enemies":"Cultist","floor":5,"turns":4},{"damage":12,"enemies":"Lots of Slimes","floor":7,"turns":2},{"damage":18,"enemies":"The Mushroom Lair","floor":12,"turns":4},{"damage":3,"enemies":"Blue Slaver","floor":13,"turns":3},{"damage":1,"enemies":"Looter","floor":14,"turns":2},{"damage":16,"enemies":"Slime Boss","floor":16,"turns":9},{"damage":29,"enemies":"3 Byrds","floor":18,"turns":4},{"damage":24,"enemies":"2 Thieves","floor":22,"turns":4},{"damage":9,"enemies":"Centurion and Healer","floor":24,"turns":5},{"damage":50,"enemies":"Chosen and Byrds","floor":27,"turns":7},{"damage":9,"enemies":"Snake Plant","floor":28,"turns":2}],"seed_played":"4415870576076745423","potions_obtained":[{"floor":5,"key":"FearPotion"},{"floor":7,"key":"Explosive Potion"},{"floor":12,"key":"PowerPotion"},{"floor":13,"key":"Fire Potion"},{"floor":22,"key":"EssenceOfSteel"},{"floor":24,"key":"SteroidPotion"}],"is_trial":false,"path_per_floor":["M","?","M","$","M","R","M","R","T","?","R","?","M","M","R","B",null,"M","?","?","$","M","R","M","?","T","M"],"character_chosen":"DEFECT","items_purchased":["Girya"],"campfire_rested":2,"item_purchase_floors":[21],"current_hp_per_floor":[68,68,68,68,67,67,55,55,55,55,55,37,34,33,53,37,61,32,32,32,32,18,44,40,47,52,7,0],"gold":80,"neow_bonus":"REMOVE_CARD","is_prod":false,"is_daily":false,"chose_seed":false,"campfire_upgraded":3,"win_rate":0,"timestamp":1537293392,"path_taken":["M","?","M","$","M","R","?","R","T","?","R","?","M","M","R","BOSS","M","?","?","$","M","R","M","?","T","M","M"],"build_version":"2018-09-06","purchased_purges":1,"victory":false,"max_hp_per_floor":[75,69,69,69,69,69,69,69,69,69,69,69,69,69,69,69,69,69,69,69,69,69,69,69,76,76,76,76],"card_choices":[{"not_picked":["Leap","Coolheaded"],"picked":"Darkness","floor":1},{"not_picked":["Turbo","Hologram","Lockon"],"picked":"SKIP","floor":3},{"not_picked":["Stack","Redo"],"picked":"Sweeping Beam","floor":5},{"not_picked":["Tempest","Compile Driver"],"picked":"Core Surge","floor":7},{"not_picked":["Gash","Rebound","Stack"],"picked":"SKIP","floor":13},{"not_picked":["Cold Snap","Gash","Compile Driver"],"picked":"SKIP","floor":14},{"not_picked":["Go for the Eyes","Steam","Compile Driver"],"picked":"SKIP","floor":18},{"not_picked":["Coolheaded","Ball Lightning"],"picked":"Conserve Battery","floor":22},{"not_picked":["Sweeping Beam","Streamline"],"picked":"Undo","floor":24},{"not_picked":["Self Repair","Redo"],"picked":"Reinforced Body","floor":27}],"player_experience":361645,"relics_obtained":[{"floor":9,"key":"Ancient Tea Set"},{"floor":12,"key":"Odd Mushroom"},{"floor":26,"key":"PreservedInsect"}],"event_choices":[{"event_name":"Golden Idol","player_choice":"Lose Max HP","floor":2,"damage_taken":0},{"event_name":"Liars Game","player_choice":"disagreed","floor":10,"damage_taken":0},{"event_name":"Mushrooms","player_choice":"Fought Mushrooms","floor":12,"damage_taken":0},{"event_name":"Forgotten Altar","player_choice":"Gave Idol","floor":19,"damage_taken":0},{"event_name":"Ghosts","player_choice":"Ignored","floor":20,"damage_taken":0},{"event_name":"The Mausoleum","player_choice":"Yes","floor":25,"damage_taken":0}],"is_beta":false,"boss_relics":[{"not_picked":["Tiny House","Philosopher\u0027s Stone"],"picked":"Eternal Feather"}],"items_purged_floors":[4],"is_endless":false,"potions_floor_spawned":[5,7,12,13,22,24],"killed_by":"Snake Plant","ascension_level":12}