{"gold_per_floor":[119,132,142,142,157,188,188,223,223,238,238,238,254,254,254,254],"floor_reached":16,"playtime":1218,"items_purged":[],"score":123,"play_id":"33c26c1c-bdce-4a8e-a70d-d3cff49d9214","local_time":"20190325171114","is_ascension_mode":true,"campfire_choices":[{"floor":7,"key":"REST"},{"floor":11,"key":"REST"},{"floor":15,"key":"REST"}],"neow_cost":"NONE","seed_source_timestamp":10868867581935,"circlet_count":0,"master_deck":["Defend_G","Defend_G","Defend_G","Defend_G","Defend_G","Strike_G","Strike_G","Strike_G","Strike_G","Strike_G","Survivor","Neutralize+1","Quick Slash","Sucker Punch","Dagger Spray","Leg Sweep","Blade Dance","Blur"],"relics":["Black Star","Dodecahedron","Tingsha","Kunai","Singing Bowl"],"potions_floor_usage":[6,13,13,16],"damage_taken":[{"damage":2,"enemies":"2 Louse","floor":1,"turns":3},{"damage":5,"enemies":"Cultist","floor":2,"turns":5},{"damage":12,"enemies":"Small Slimes","floor":3,"turns":3},{"damage":11,"enemies":"2 Fungi Beasts","floor":5,"turns":3},{"damage":34,"enemies":"Lagavulin","floor":6,"turns":11},{"damage":25,"enemies":"Gremlin Nob","floor":8,"turns":5},{"damage":1,"enemies":"Large Slime","floor":10,"turns":6},{"damage":12,"enemies":"Gremlin Gang","floor":13,"turns":5},{"damage":38,"enemies":"The Guardian","floor":16,"turns":17}],"seed_played":"-6114306661994282311","potions_obtained":[{"floor":1,"key":"Explosive Potion"},{"floor":8,"key":"SkillPotion"},{"floor":10,"key":"Energy Potion"},{"floor":13,"key":"Swift Potion"}],"is_trial":false,"path_per_floor":["M","M","M","?","M","E","R","E","T","M","R","?","M","?","R","B"],"character_chosen":"THE_SILENT","items_purchased":[],"campfire_rested":3,"item_purchase_floors":[],"current_hp_per_floor":[68,63,51,51,40,6,27,4,4,3,24,24,14,14,36,0],"gold":254,"neow_bonus":"BOSS_RELIC","is_prod":false,"is_daily":false,"chose_seed":false,"campfire_upgraded":0,"win_rate":0,"timestamp":1553533874,"path_taken":["M","M","M","?","?","E","R","E","T","M","R","?","M","?","R","BOSS"],"build_version":"2019-01-23","purchased_purges":0,"victory":false,"max_hp_per_floor":[70,70,70,70,70,70,70,72,72,72,72,72,74,74,74,74],"card_choices":[{"not_picked":["Finisher","Deadly Poison"],"picked":"Quick Slash","floor":1},{"not_picked":["Backflip","Concentrate"],"picked":"Sucker Punch","floor":2},{"not_picked":["Poisoned Stab","Quick Slash"],"picked":"Dagger Spray","floor":3},{"not_picked":["Dash","Expertise"],"picked":"Leg Sweep","floor":5},{"not_picked":["Bane","Grand Finale"],"picked":"Blade Dance","floor":6},{"not_picked":["A Thousand Cuts","Sucker Punch","Flying Knee"],"picked":"Singing Bowl","floor":8},{"not_picked":["Deadly Poison","Flying Knee"],"picked":"Blur","floor":10},{"not_picked":["Distraction","Noxious Fumes","Flying Knee"],"picked":"Singing Bowl","floor":13}],"player_experience":207492,"relics_obtained":[{"floor":6,"key":"Dodecahedron"},{"floor":6,"key":"Tingsha"},{"floor":8,"key":"Kunai"},{"floor":8,"key":"Singing Bowl"}],"event_choices":[{"damage_healed":0,"gold_gain":0,"player_choice":"Upgraded","damage_taken":0,"max_hp_gain":0,"max_hp_loss":0,"event_name":"Upgrade Shrine","floor":4,"gold_loss":0,"cards_upgraded":["Neutralize"]},{"damage_healed":0,"gold_gain":0,"player_choice":"Ignored","damage_taken":0,"max_hp_gain":0,"max_hp_loss":0,"event_name":"Liars Game","floor":12,"gold_loss":0},{"damage_healed":0,"gold_gain":0,"player_choice":"Ignored","damage_taken":0,"max_hp_gain":0,"max_hp_loss":0,"event_name":"Shining Light","floor":14,"gold_loss":0}],"is_beta":false,"boss_relics":[],"items_purged_floors":[],"is_endless":false,"potions_floor_spawned":[1,8,10,13],"killed_by":"The Guardian","ascension_level":2}