{"gold_per_floor":[12,28,44,55,75,105,280,280,304,315,315,333,333,346,346,346],"floor_reached":16,"playtime":875,"items_purged":[],"score":184,"play_id":"b9225cad-9a31-4ffb-8334-e4fd71d242c7","local_time":"20190102005122","is_ascension_mode":true,"campfire_choices":[{"floor":8,"key":"REST"},{"data":"Whirlwind","floor":11,"key":"SMITH"},{"floor":15,"key":"REST"}],"neow_cost":"NO_GOLD","seed_source_timestamp":788955211272071,"circlet_count":0,"master_deck":["AscendersBane","Strike_R","Strike_R","Strike_R","Strike_R","Strike_R","Defend_R","Defend_R","Defend_R","Defend_R","Bash","Cleave","Whirlwind+1","Seeing Red","Shrug It Off","Sever Soul","Doubt","Seeing Red","Entrench","Parasite","Iron Wave"],"relics":["Burning Blood","Happy Flower"],"potions_floor_usage":[12,14,16],"damage_taken":[{"damage":8,"enemies":"Jaw Worm","floor":1,"turns":5},{"damage":4,"enemies":"2 Louse","floor":2,"turns":4},{"damage":15,"enemies":"Small Slimes","floor":3,"turns":3},{"damage":11,"enemies":"Looter","floor":4,"turns":5},{"damage":38,"enemies":"Exordium Wildlife","floor":5,"turns":4},{"damage":34,"enemies":"3 Sentries","floor":6,"turns":6},{"damage":14,"enemies":"Blue Slaver","floor":10,"turns":6},{"damage":37,"enemies":"Gremlin Gang","floor":12,"turns":7},{"damage":23,"enemies":"Exordium Thugs","floor":14,"turns":4},{"damage":75,"enemies":"The Guardian","floor":16,"turns":12}],"seed_played":"-5806178952319217134","potions_obtained":[{"floor":4,"key":"LiquidBronze"},{"floor":5,"key":"Poison Potion"},{"floor":6,"key":"Regen Potion"},{"floor":14,"key":"PowerPotion"}],"is_trial":false,"path_per_floor":["M","M","M","M","M","E","?","R","T","M","R","M","?","M","R","B"],"character_chosen":"IRONCLAD","items_purchased":[],"campfire_rested":2,"item_purchase_floors":[],"current_hp_per_floor":[86,88,79,74,42,14,14,42,42,34,34,18,42,25,53,0],"gold":346,"neow_bonus":"TWENTY_PERCENT_HP_BONUS","is_prod":false,"is_daily":false,"chose_seed":false,"campfire_upgraded":1,"win_rate":0,"timestamp":1546411882,"path_taken":["M","M","M","M","M","E","?","R","T","M","R","M","?","M","R","BOSS"],"build_version":"2018-12-20","purchased_purges":0,"victory":false,"max_hp_per_floor":[96,96,96,96,96,96,96,96,96,96,96,96,96,96,96,96],"card_choices":[{"not_picked":["Warcry","Heavy Blade"],"picked":"Cleave","floor":1},{"not_picked":["Anger","Reckless Charge","Combust"],"picked":"SKIP","floor":2},{"not_picked":["Cleave","Perfected Strike"],"picked":"Whirlwind","floor":3},{"not_picked":["Twin Strike","Wild Strike"],"picked":"Seeing Red","floor":4},{"not_picked":["Clash","Burning Pact"],"picked":"Shrug It Off","floor":5},{"not_picked":["Heavy Blade","Bloodletting"],"picked":"Sever Soul","floor":6},{"not_picked":["Dual Wield","Headbutt"],"picked":"Seeing Red","floor":10},{"not_picked":["Combust","Battle Trance"],"picked":"Entrench","floor":12},{"not_picked":["Thunderclap","Wild Strike"],"picked":"Iron Wave","floor":14}],"player_experience":369256,"relics_obtained":[{"floor":6,"key":"Happy Flower"}],"event_choices":[{"damage_healed":0,"gold_gain":175,"player_choice":"AGREE","damage_taken":0,"max_hp_gain":0,"max_hp_loss":0,"event_name":"Liars Game","floor":7,"gold_loss":0,"cards_obtained":["Doubt"]},{"damage_healed":24,"gold_gain":0,"player_choice":"Healed and dodged fight","damage_taken":0,"max_hp_gain":0,"max_hp_loss":0,"event_name":"Mushrooms","floor":13,"gold_loss":0,"cards_obtained":["Parasite"]}],"is_beta":false,"boss_relics":[],"items_purged_floors":[],"is_endless":false,"potions_floor_spawned":[4,5,6,14],"killed_by":"The Guardian","ascension_level":10}