{"path_per_floor":["M","M","M","M","M","R","$","R","T","M","?","M","M","$","R"],"character_chosen":"THE_SILENT","items_purchased":["Underhanded Strike","Choke","Secret Technique"],"gold_per_floor":[119,131,151,163,173,173,82,82,164,174,174,187,204,8,8,8],"floor_reached":16,"campfire_rested":2,"playtime":3031,"current_hp_per_floor":[65,64,57,31,27,48,48,69,69,61,61,60,60,60,60,0],"items_purged":[],"gold":8,"score":96,"play_id":"d6811464-d8d4-4165-a687-6eb819f1737c","local_time":"20180511011929","is_prod":false,"is_daily":false,"chose_seed":false,"is_ascension_mode":false,"campfire_upgraded":1,"timestamp":1525994369,"path_taken":["M","M","M","M","M","R","$","R","T","M","?","M","M","$","R","BOSS"],"build_version":"2018-05-10","seed_source_timestamp":0,"purchased_purges":0,"victory":false,"master_deck":["Defend_G","Defend_G","Defend_G","Defend_G","Defend_G","Strike_G","Strike_G","Strike_G","Strike_G","Strike_G","Survivor","Neutralize","Terror","Quick Slash","Dagger Throw","Dagger Throw","Adrenaline","Underhanded Strike","Choke+1","Infinite Blades","Tactician","Prepared","Secret Technique+1"],"max_hp_per_floor":[70,70,70,70,70,70,70,70,70,70,70,70,70,70,70,70],"relics":["Ring of the Snake","Mummified Hand"],"card_choices":[{"not_picked":["Flechettes","Calculated Gamble"],"picked":"Terror","floor":1.0},{"not_picked":["Backflip","Prepared"],"picked":"Quick Slash","floor":2.0},{"not_picked":["Noxious Fumes","Eviscerate"],"picked":"Dagger Throw","floor":3.0},{"not_picked":["Deflect","PiercingWail"],"picked":"Dagger Throw","floor":4.0},{"not_picked":["Leg Sweep","Crippling Poison"],"picked":"Adrenaline","floor":5.0},{"not_picked":["Quick Slash","Dodge and Roll"],"picked":"Infinite Blades","floor":10.0},{"not_picked":["Noxious Fumes","Poisoned Stab"],"picked":"Tactician","floor":12.0},{"not_picked":["Outmaneuver","Quick Slash"],"picked":"Prepared","floor":13.0}],"player_experience":909,"potions_floor_usage":[],"damage_taken":[{"damage":5.0,"enemies":"Jaw Worm","floor":1.0,"turns":6.0},{"damage":1.0,"enemies":"Cultist","floor":2.0,"turns":4.0},{"damage":7.0,"enemies":"2 Louse","floor":3.0,"turns":3.0},{"damage":26.0,"enemies":"Large Slime","floor":4.0,"turns":9.0},{"damage":4.0,"enemies":"Blue Slaver","floor":5.0,"turns":4.0},{"damage":8.0,"enemies":"Lots of Slimes","floor":10.0,"turns":4.0},{"damage":1.0,"enemies":"Exordium Wildlife","floor":12.0,"turns":2.0},{"damage":0.0,"enemies":"2 Fungi Beasts","floor":13.0,"turns":2.0},{"damage":64,"enemies":"The Guardian","floor":16,"turns":15}],"event_choices":[{"event_name":"Upgrade Shrine","player_choice":"Upgraded","floor":11.0,"damage_taken":0.0}],"boss_relics":[],"potions_floor_spawned":[1,2,5],"seed_played":"-4791241502698581696","killed_by":"The Guardian","ascension_level":0,"is_trial":false}