{"path_per_floor":["M","M","?","T","M","R","E","R","T","M","R","M","?","T","R","B",null,"M","M","M","?","M","R","E","M","T","M","R","M","$","M","R","B",null,"M","M","?","M","$","R","?","E","T","E","M","R","M","E","R","B"],"character_chosen":"THE_SILENT","items_purchased":["Frozen Egg 2","Singing Bowl"],"gold_per_floor":[118,131,206,287,300,300,331,331,331,351,351,361,361,384,384,488,488,498,518,538,453,466,466,493,510,510,520,520,531,67,82,82,181,181,199,209,0,20,20,20,20,48,48,74,92,92,107,133,133,133],"floor_reached":51,"campfire_rested":5,"playtime":5719,"current_hp_per_floor":[34,32,21,21,21,42,12,33,33,32,53,46,39,39,39,7,70,43,36,8,8,4,33,33,28,28,19,50,42,42,42,52,19,72,59,61,61,57,57,67,57,51,51,57,63,75,73,68,80,57],"items_purged":["Strike_G"],"gold":133,"score":733,"play_id":"b8c39512-f48c-490d-b6f0-831bac3e642f","is_prod":false,"is_daily":false,"is_ascension_mode":true,"campfire_upgraded":5,"path_taken":["M","M","?","?","M","R","E","R","T","M","R","M","?","?","R","BOSS","M","?","M","?","?","R","E","M","T","M","R","?","$","M","R","BOSS","M","M","?","?","?","R","?","E","T","E","M","R","M","E","R","BOSS"],"build_version":"2018-02-22-PROD2","purchased_purges":1,"victory":true,"master_deck":["Defend_G","Defend_G","Defend_G","Defend_G","Defend_G","Strike_G","Strike_G","Strike_G","Strike_G","Survivor","Neutralize+1","Underhanded Strike","Blur+1","Prepared+1","A Thousand Cuts+1","Infinite Blades+1","Deflect+1","Die Die Die","Blade Dance+1","Cloak And Dagger+1","Flying Knee+1","Deflect+1","Malaise+1","Backflip+1","Backflip+1","Dodge and Roll+1","A Thousand Cuts+1","Madness+1","Madness+1","Accuracy+1","Cloak And Dagger+1"],"max_hp_per_floor":[70,70,70,70,70,70,70,70,70,70,70,70,70,70,70,70,70,70,70,70,70,70,70,70,70,70,70,70,70,70,72,72,72,72,74,76,76,78,78,78,78,80,80,80,82,82,82,84,84,84],"relics":["Ring of the Snake","Ginger","Toxic Egg 2","Bag of Marbles","Bottled Flame","Omamori","Oddly Smooth Stone","Eternal Feather","Ice Cream","Kunai","Gambling Chip","Frozen Egg 2","Singing Bowl","Cursed Key","Red Mask","The Courier","Bird Faced Urn","Bottled Lightning","Anchor"],"card_choices":[{"not_picked":["Acrobatics","Heel Hook"],"picked":"Underhanded Strike"},{"not_picked":["Cloak And Dagger","Calculated Gamble"],"picked":"Blur"},{"not_picked":["Setup","Flechettes"],"picked":"Prepared"},{"not_picked":["Underhanded Strike","Deadly Poison"],"picked":"A Thousand Cuts"},{"not_picked":["Dagger Throw","Setup"],"picked":"Infinite Blades"},{"not_picked":["Poisoned Stab","Underhanded Strike"],"picked":"Deflect"},{"not_picked":["Bullet Time","Unload"],"picked":"Die Die Die"},{"not_picked":["Prepared","Flying Knee"],"picked":"Blade Dance"},{"not_picked":["Poisoned Stab","PiercingWail"],"picked":"Cloak And Dagger"},{"not_picked":["Heel Hook","Bane"],"picked":"Flying Knee"},{"not_picked":["Dagger Throw","Quick Slash"],"picked":"Deflect"},{"not_picked":["Prepared","Dash"],"picked":"Malaise"},{"not_picked":["Dagger Spray","Footwork"],"picked":"Backflip"},{"not_picked":["Dodge and Roll","Sucker Punch"],"picked":"Backflip"},{"not_picked":["Flying Knee","Slice"],"picked":"Dodge and Roll"},{"not_picked":["Night Terror","Glass Knife"],"picked":"A Thousand Cuts"},{"not_picked":["Doppelganger","Grand Finale"],"picked":"Accuracy"},{"not_picked":["Crippling Poison","Deadly Poison"],"picked":"Cloak And Dagger"}],"player_experience":179431,"potions_floor_usage":[7,16,18,22,38,42,45,47,50,50,50],"damage_taken":[{"damage":1,"enemies":"2 Louse","floor":1,"turns":4},{"damage":2,"enemies":"Jaw Worm","floor":2,"turns":6},{"damage":0,"enemies":"Cultist","floor":5,"turns":4},{"damage":30,"enemies":"Gremlin Nob","floor":7,"turns":5},{"damage":1,"enemies":"Exordium Wildlife","floor":10,"turns":3},{"damage":7,"enemies":"2 Fungi Beasts","floor":12,"turns":4},{"damage":32,"enemies":"Hexaghost","floor":16,"turns":12},{"damage":27,"enemies":"Shell Parasite","floor":18,"turns":8},{"damage":7,"enemies":"3 Byrds","floor":19,"turns":5},{"damage":28,"enemies":"Snake Plant","floor":20,"turns":5},{"damage":4,"enemies":"Centurion and Healer","floor":22,"turns":6},{"damage":0,"enemies":"Gremlin Leader","floor":24,"turns":7},{"damage":5,"enemies":"Snecko","floor":25,"turns":5},{"damage":9,"enemies":"Slaver and Parasite","floor":27,"turns":8},{"damage":8,"enemies":"Snake Plant","floor":29,"turns":5},{"damage":2,"enemies":"Sentry and Sphere","floor":31,"turns":5},{"damage":33,"enemies":"Champ","floor":33,"turns":20},{"damage":15,"enemies":"3 Darklings","floor":35,"turns":4},{"damage":0,"enemies":"Orb Walker","floor":36,"turns":3},{"damage":6,"enemies":"Sphere and 2 Shapes","floor":38,"turns":3},{"damage":8,"enemies":"Nemesis","floor":42,"turns":7},{"damage":0,"enemies":"Giant Head","floor":44,"turns":9},{"damage":0,"enemies":"4 Shapes","floor":45,"turns":3},{"damage":10,"enemies":"3 Darklings","floor":47,"turns":5},{"damage":15,"enemies":"Nemesis","floor":48,"turns":7},{"damage":31,"enemies":"Donu and Deca","floor":50,"turns":10}],"event_choices":[{"event_name":"World of Goop","player_choice":"Gather Gold","floor":3,"damage_taken":0},{"event_name":"Scrap Ooze","player_choice":"success","floor":13,"damage_taken":7},{"event_name":"Addict","player_choice":"Obtained Relic","floor":21,"damage_taken":0},{"event_name":"Tomb of Lord Red Mask","player_choice":"Paid","floor":37,"damage_taken":0},{"event_name":"Winding Halls","player_choice":"Embrace Madness","floor":41,"damage_taken":0}],"boss_relics":[{"not_picked":["Runic Pyramid","Orrery"],"picked":"Eternal Feather"},{"not_picked":["Pandora\u0027s Box","Snecko Eye"],"picked":"Cursed Key"}],"potions_floor_spawned":[2,7,10,19,20,24,27,29,33,36,42,44,45,47,48],"seed_played":"-4370273397926931246","ascension_level":4,"is_trial":false}