{"gold_per_floor":[365,48,48,59,71,71,71,25,25,25,200,200,100,116,116,193,193,211,15,33,33,33,33,53,53],"floor_reached":25,"playtime":868,"items_purged":["Doubt","Doubt"],"score":312,"play_id":"ca2c0278-81c3-4def-9044-dc8971463f8b","local_time":"20180922004739","is_ascension_mode":true,"campfire_choices":[{"data":"Streamline","floor":6,"key":"SMITH"},{"data":"Zap","floor":10,"key":"SMITH"},{"data":"Ball Lightning","floor":12,"key":"SMITH"},{"floor":15,"key":"REST"},{"floor":23,"key":"REST"}],"neow_cost":"CURSE","seed_source_timestamp":561503100550535,"circlet_count":0,"master_deck":["Strike_B","Strike_B","Strike_B","Strike_B","Defend_B","Defend_B+1","Defend_B","Defend_B+1","Zap+1","Dualcast+1","AscendersBane","Ball Lightning+1","Mind Blast+1","Streamline+1","Ball Lightning","Creative AI+1","Steam"],"relics":["Cracked Core","War Paint","Singing Bowl","Nuclear Battery","Sling"],"potions_floor_usage":[16],"damage_taken":[{"damage":0,"enemies":"Small Slimes","floor":1,"turns":3},{"damage":0,"enemies":"2 Louse","floor":4,"turns":2},{"damage":7,"enemies":"Jaw Worm","floor":5,"turns":3},{"damage":32,"enemies":"Gremlin Gang","floor":14,"turns":4},{"damage":48,"enemies":"The Guardian","floor":16,"turns":8},{"damage":34,"enemies":"Shell Parasite","floor":18,"turns":5},{"damage":3,"enemies":"Spheric Guardian","floor":20,"turns":3},{"damage":37,"enemies":"Shelled Parasite and Fungi","floor":24,"turns":5},{"damage":24,"enemies":"Book of Stabbing","floor":25,"turns":1}],"seed_played":"-6184026231933287260","potions_obtained":[{"floor":5,"key":"Strength Potion"},{"floor":20,"key":"Ancient Potion"}],"is_trial":false,"path_per_floor":["M","$","?","M","M","R","?","$","T","R","?","R","$","M","R","B",null,"M","$","M","$","?","R","M"],"character_chosen":"DEFECT","items_purchased":["War Paint","Mind Blast","Ball Lightning","Sling"],"campfire_rested":2,"item_purchase_floors":[2,2,8,19],"current_hp_per_floor":[68,68,68,68,61,61,61,61,61,61,61,61,61,31,54,6,59,27,27,26,26,26,50,13,0],"gold":53,"neow_bonus":"TWO_FIFTY_GOLD","is_prod":false,"is_daily":false,"chose_seed":false,"campfire_upgraded":3,"win_rate":0,"timestamp":1537570059,"path_taken":["M","$","?","?","M","R","?","$","T","R","?","R","$","M","R","BOSS","M","$","M","$","?","R","M","E"],"build_version":"2018-09-20","purchased_purges":2,"victory":false,"max_hp_per_floor":[75,75,75,75,75,75,75,75,75,75,75,75,75,77,77,77,77,79,79,81,81,81,81,81,81],"card_choices":[{"not_picked":["Coolheaded","Stack"],"picked":"Ball Lightning","floor":1},{"not_picked":["Redo","Ball Lightning"],"picked":"Streamline","floor":4},{"not_picked":["Blizzard","Skim","Chaos"],"picked":"SKIP","floor":5},{"not_picked":["Steam","Tempest","Fusion"],"picked":"Singing Bowl","floor":14},{"not_picked":["Biased Cognition","All For One"],"picked":"Creative AI","floor":16},{"not_picked":["Blizzard","Rebound+1","Recycle+1"],"picked":"Singing Bowl","floor":18},{"not_picked":["Ball Lightning","Rebound","Streamline"],"picked":"Singing Bowl","floor":20},{"not_picked":["Barrage","Turbo"],"picked":"Steam","floor":24}],"player_experience":501894,"relics_obtained":[{"floor":9,"key":"Singing Bowl"}],"event_choices":[{"event_name":"Living Wall","player_choice":"Grow","floor":3,"damage_taken":0},{"event_name":"Accursed Blacksmith","player_choice":"Forge","floor":7,"damage_taken":0},{"event_name":"Liars Game","player_choice":"agreed","floor":11,"damage_taken":0},{"event_name":"Upgrade Shrine","player_choice":"Upgraded","floor":22,"damage_taken":0}],"is_beta":false,"boss_relics":[{"not_picked":["Fusion Hammer","Snecko Eye"],"picked":"Nuclear Battery"}],"items_purged_floors":[2,13],"is_endless":false,"potions_floor_spawned":[5,20],"killed_by":"Book of Stabbing","ascension_level":13}