{"gold_per_floor":[115,115,115,131,145,145,174,203,203,223,237,266,266,286,286,381,381,399,412,146,162,182,182,212,212,212,228,228,258,258,173,173,278,278,294,46,46,70,87,87,122,122,148,158,172,172,198,211,211,211],"floor_reached":51,"playtime":1940,"items_purged":["Strike_R","Strike_R"],"score":782,"play_id":"b85c574a-fe8f-41d0-a4a7-4a7b29b7ebc2","local_time":"20181012004759","is_ascension_mode":false,"campfire_choices":[{"data":"Armaments","floor":6.0,"key":"SMITH"},{"data":"Carnage","floor":15.0,"key":"SMITH"},{"data":"Inflame","floor":23.0,"key":"SMITH"},{"data":"Whirlwind","floor":25.0,"key":"SMITH"},{"data":"Barricade","floor":30.0,"key":"SMITH"},{"data":"RitualDagger","floor":32.0,"key":"SMITH"},{"data":"Demon Form","floor":40.0,"key":"SMITH"},{"data":"Ghostly Armor","floor":46.0,"key":"SMITH"},{"data":"Defend_R","floor":49.0,"key":"SMITH"}],"neow_cost":"","seed_source_timestamp":102954133903376,"circlet_count":0,"master_deck":["Strike_R","Strike_R","Strike_R","Defend_R+1","Defend_R","Defend_R","Defend_R","Bash+1","Shrug It Off","Whirlwind+1","Carnage+1","Dropkick","Ghostly Armor+1","Barricade+1","Inflame+1","Ghostly Armor+1","Dropkick+1","Shrug It Off+1","RitualDagger+1","Body Slam+1","Demon Form+1","Clothesline+1","Feed","Madness+1","Madness+1","Ghostly Armor+1"],"special_seed":0,"relics":["Burning Blood","Dodecahedron","Odd Mushroom","Shuriken","Bag of Preparation","Pantograph","Coffee Dripper","Chemical X","Ornamental Fan","Toxic Egg 2","Dream Catcher","Question Card","Busted Crown","Lantern","Red Skull","Oddly Smooth Stone","Vajra","Centennial Puzzle"],"potions_floor_usage":[],"damage_taken":[{"damage":4.0,"enemies":"Jaw Worm","floor":1.0,"turns":5.0},{"damage":0.0,"enemies":"Small Slimes","floor":4.0,"turns":4.0},{"damage":6.0,"enemies":"Cultist","floor":5.0,"turns":3.0},{"damage":14.0,"enemies":"Gremlin Nob","floor":7.0,"turns":3.0},{"damage":13.0,"enemies":"The Mushroom Lair","floor":8.0,"turns":3.0},{"damage":16.0,"enemies":"Large Slime","floor":10.0,"turns":7.0},{"damage":3.0,"enemies":"Lots of Slimes","floor":11.0,"turns":3.0},{"damage":29.0,"enemies":"Lagavulin","floor":12.0,"turns":6.0},{"damage":4.0,"enemies":"Exordium Wildlife","floor":14.0,"turns":4.0},{"damage":49.0,"enemies":"The Guardian","floor":16.0,"turns":11.0},{"damage":22.0,"enemies":"Shell Parasite","floor":18.0,"turns":4.0},{"damage":5.0,"enemies":"Chosen","floor":19.0,"turns":3.0},{"damage":34.0,"enemies":"Shelled Parasite and Fungi","floor":21.0,"turns":7.0},{"damage":1.0,"enemies":"Cultist and Chosen","floor":22.0,"turns":5.0},{"damage":4.0,"enemies":"Book of Stabbing","floor":24.0,"turns":5.0},{"damage":0.0,"enemies":"3 Cultists","floor":27.0,"turns":3.0},{"damage":28.0,"enemies":"Slavers","floor":29.0,"turns":5.0},{"damage":3.0,"enemies":"Champ","floor":33.0,"turns":8.0},{"damage":21.0,"enemies":"3 Darklings","floor":35.0,"turns":3.0},{"damage":10.0,"enemies":"Orb Walker","floor":39.0,"turns":6.0},{"damage":8.0,"enemies":"2 Orb Walkers","floor":41.0,"turns":4.0},{"damage":21.0,"enemies":"4 Shapes","floor":44.0,"turns":4.0},{"damage":18.0,"enemies":"Transient","floor":45.0,"turns":5.0},{"damage":6.0,"enemies":"Giant Head","floor":47.0,"turns":6.0},{"damage":0.0,"enemies":"Sphere and 2 Shapes","floor":48.0,"turns":1.0},{"damage":2.0,"enemies":"Awakened One","floor":50.0,"turns":9.0}],"seed_played":"-8432427113494652095","potions_obtained":[{"floor":1.0,"key":"Strength Potion"},{"floor":8.0,"key":"LiquidBronze"},{"floor":10.0,"key":"Weak Potion"},{"floor":12.0,"key":"Regen Potion"},{"floor":24.0,"key":"Fire Potion"},{"floor":33.0,"key":"LiquidBronze"},{"floor":39.0,"key":"SpeedPotion"},{"floor":45.0,"key":"Dexterity Potion"},{"floor":48.0,"key":"Energy Potion"}],"is_trial":false,"path_per_floor":["M","?","?","M","M","R","E","?","T","M","M","E","T","M","R","B",null,"M","M","$","M","M","R","E","R","T","M","?","E","R","?","R","B",null,"M","$","?","T","M","R","E","?","T","M","M","R","E","M","R","B"],"character_chosen":"IRONCLAD","items_purchased":["Chemical X","Lantern"],"campfire_rested":0,"item_purchase_floors":[20,36],"current_hp_per_floor":[80,80,80,80,80,80,72,65,65,55,58,35,35,37,37,19,80,64,65,65,37,42,42,56,56,56,62,56,34,34,34,34,62,80,65,65,65,65,61,61,59,49,49,37,25,25,25,34,34,66],"gold":211,"neow_bonus":"","is_prod":false,"is_daily":false,"chose_seed":false,"campfire_upgraded":9,"win_rate":1,"timestamp":1539319679,"path_taken":["M","?","?","?","M","R","E","?","T","M","M","E","?","M","R","BOSS","M","?","$","M","M","R","E","R","T","M","?","E","R","?","R","BOSS","M","$","?","?","?","R","E","?","T","M","?","R","E","M","R","BOSS"],"build_version":"2018-10-10","purchased_purges":2,"victory":true,"max_hp_per_floor":[80,80,80,80,80,80,80,80,80,80,80,80,80,80,80,80,80,80,80,80,80,80,80,80,80,80,80,80,80,80,80,80,80,80,80,80,80,80,80,80,80,80,80,83,83,83,83,86,86,89],"card_choices":[{"not_picked":["Intimidate","Thunderclap"],"picked":"Shrug It Off","floor":1.0},{"not_picked":["Flex","Body Slam"],"picked":"Armaments","floor":4.0},{"not_picked":["Iron Wave","Hemokinesis"],"picked":"Whirlwind","floor":5.0},{"not_picked":["Sever Soul","Body Slam","True Grit"],"picked":"SKIP","floor":7.0},{"not_picked":["Thunderclap","Combust"],"picked":"Carnage","floor":8.0},{"not_picked":["Reckless Charge","Thunderclap","Body Slam"],"picked":"SKIP","floor":10.0},{"not_picked":["Shockwave","Anger"],"picked":"Dropkick","floor":11.0},{"not_picked":["Whirlwind","Perfected Strike"],"picked":"Ghostly Armor","floor":12.0},{"not_picked":["Ghostly Armor","Brutality","Sever Soul"],"picked":"SKIP","floor":14.0},{"not_picked":["Brutality","Impervious"],"picked":"Barricade","floor":16.0},{"not_picked":["Flex+1","Burning Pact+1"],"picked":"Inflame","floor":18.0},{"not_picked":["Cleave+1","Flex","Armaments"],"picked":"SKIP","floor":19.0},{"not_picked":["Warcry+1","Rupture+1"],"picked":"Ghostly Armor+1","floor":21.0},{"not_picked":["Searing Blow","True Grit","Headbutt"],"picked":"SKIP","floor":22.0},{"not_picked":["Flex","Iron Wave+1"],"picked":"Dropkick+1","floor":24.0},{"not_picked":["Disarm+1","Brutality"],"picked":"Shrug It Off+1","floor":27.0},{"not_picked":["Thunderclap","Perfected Strike"],"picked":"Body Slam+1","floor":29.0},{"not_picked":["Brutality","Fiend Fire","Barricade"],"picked":"Demon Form","floor":33.0},{"not_picked":["Twin Strike"],"picked":"Clothesline+1","floor":35.0},{"not_picked":["Bloodletting+1","Pommel Strike+1"],"picked":"SKIP","floor":39.0},{"not_picked":["Burning Pact+1"],"picked":"Feed","floor":41.0},{"not_picked":["Clothesline","True Grit+1"],"picked":"SKIP","floor":44.0},{"not_picked":["Armaments+1","Blood for Blood"],"picked":"SKIP","floor":45.0},{"not_picked":["Clothesline"],"picked":"Ghostly Armor+1","floor":47.0},{"not_picked":["Clothesline","Warcry+1"],"picked":"SKIP","floor":48.0}],"player_experience":5818,"relics_obtained":[{"floor":7.0,"key":"Dodecahedron"},{"floor":8.0,"key":"Odd Mushroom"},{"floor":9.0,"key":"Shuriken"},{"floor":12.0,"key":"Bag of Preparation"},{"floor":13.0,"key":"Pantograph"},{"floor":24.0,"key":"Ornamental Fan"},{"floor":26.0,"key":"Toxic Egg 2"},{"floor":29.0,"key":"Dream Catcher"},{"floor":38.0,"key":"Red Skull"},{"floor":41.0,"key":"Oddly Smooth Stone"},{"floor":43.0,"key":"Vajra"},{"floor":47.0,"key":"Centennial Puzzle"}],"event_choices":[{"event_name":"Living Wall","player_choice":"Grow","floor":2.0,"damage_taken":0.0},{"event_name":"Match and Keep!","player_choice":"0 cards matched","floor":3.0,"damage_taken":0.0},{"event_name":"Mushrooms","player_choice":"Fought Mushrooms","floor":8.0,"damage_taken":0.0},{"event_name":"Nest","player_choice":"Joined the Cult","floor":28.0,"damage_taken":0.0},{"event_name":"Addict","player_choice":"Obtained Relic","floor":31.0,"damage_taken":0.0},{"event_name":"Falling","player_choice":"Removed Skill","floor":37.0,"damage_taken":0.0},{"event_name":"Winding Halls","player_choice":"Embrace Madness","floor":42.0,"damage_taken":0.0}],"is_beta":true,"boss_relics":[{"not_picked":["Runic Cube","Snecko Eye"],"picked":"Coffee Dripper"},{"not_picked":["Cursed Key","White Beast Statue"],"picked":"Busted Crown"}],"items_purged_floors":[20,36],"is_endless":false,"potions_floor_spawned":[1,8,10,12,16,19,24,33,39,45,48],"ascension_level":0}