{"path_per_floor":["M","M","M","?","M","R","?","?","T","E","$","M","M","M","R","B",null,"M","?","$","?","?","R","M","M","T","M","$","M","R","?","R"],"character_chosen":"THE_SILENT","items_purchased":["Concentrate","PiercingWail","Explosive Potion","Noxious Fumes","All Out Attack"],"gold_per_floor":[111,130,148,98,111,111,91,266,266,300,13,28,47,67,67,164,164,164,164,30,30,30,30,30,30,30,30,30,30,30,30,30,30],"floor_reached":33,"campfire_rested":2,"playtime":1908,"current_hp_per_floor":[63,63,51,51,43,43,43,43,43,30,30,27,29,28,49,26,59,47,47,47,47,80,80,73,65,65,54,54,37,61,61,61,0],"items_purged":["Doubt","Strike_G"],"gold":30,"score":361,"play_id":"f0b6b64e-6bd9-4b08-a847-62fe307ef969","local_time":"20180409150320","is_prod":false,"is_daily":false,"is_ascension_mode":true,"campfire_upgraded":3,"timestamp":1523279000,"path_taken":["M","M","M","?","M","R","?","?","T","E","$","M","M","M","R","BOSS","M","?","$","?","?","R","M","M","T","?","$","M","R","?","R","BOSS"],"build_version":"2018-04-05v2","purchased_purges":3,"victory":false,"master_deck":["Defend_G","Defend_G","Defend_G","Defend_G","Defend_G","Strike_G","Strike_G","Strike_G","Survivor","Neutralize+1","Dagger Spray","Sucker Punch","Sucker Punch","Slice","Quick Slash","Escape Plan","Concentrate","PiercingWail","Noxious Fumes+1","Dash","Malaise+1","Deadly Poison","All Out Attack","Dagger Throw","Dodge and Roll+1","All Out Attack+1","Concentrate","Unload"],"max_hp_per_floor":[70,70,70,70,70,70,70,70,70,70,70,70,70,70,70,70,70,70,70,70,70,80,80,80,80,80,82,82,82,82,82,82,82],"relics":["Ring of the Snake","Tough Bandages","Blood Vial","Ectoplasm","Singing Bowl"],"card_choices":[{"not_picked":["Cloak And Dagger","Outmaneuver"],"picked":"Dagger Spray","floor":0},{"not_picked":["Riddle With Holes","Expertise"],"picked":"Sucker Punch","floor":1},{"not_picked":["Outmaneuver","Acrobatics"],"picked":"Sucker Punch","floor":2},{"not_picked":["Calculated Gamble","Well Laid Plans"],"picked":"Slice","floor":3},{"not_picked":["Night Terror","Dagger Spray"],"picked":"Quick Slash","floor":5},{"not_picked":["Dagger Spray","Cloak And Dagger"],"picked":"Escape Plan","floor":10},{"not_picked":["Flying Knee","Outmaneuver"],"picked":"Dash","floor":13},{"not_picked":["Endless Agony","Footwork"],"picked":"Malaise","floor":14},{"not_picked":["Phantasmal Killer","Bullet Time"],"picked":"Venomology","floor":16},{"not_picked":["Sucker Punch","Deflect"],"picked":"Deadly Poison","floor":18},{"not_picked":["Choke","Crippling Poison"],"picked":"Dagger Throw","floor":24},{"not_picked":["Deadly Poison","Sucker Punch"],"picked":"Dodge and Roll","floor":25},{"not_picked":["Footwork","Crippling Poison"],"picked":"All Out Attack","floor":29}],"player_experience":275097,"potions_floor_usage":[10,12,16,24,25,29,33,33],"damage_taken":[{"damage":0,"enemies":"Cultist","floor":1,"turns":4},{"damage":0,"enemies":"2 Louse","floor":2,"turns":3},{"damage":12,"enemies":"Jaw Worm","floor":3,"turns":4},{"damage":8,"enemies":"Large Slime","floor":5,"turns":9},{"damage":13,"enemies":"3 Sentries","floor":10,"turns":10},{"damage":5,"enemies":"Exordium Wildlife","floor":12,"turns":6},{"damage":0,"enemies":"2 Fungi Beasts","floor":13,"turns":4},{"damage":3,"enemies":"Blue Slaver","floor":14,"turns":5},{"damage":25,"enemies":"Hexaghost","floor":16,"turns":14},{"damage":14,"enemies":"Shell Parasite","floor":18,"turns":7},{"damage":7,"enemies":"Chosen","floor":24,"turns":7},{"damage":10,"enemies":"Snake Plant","floor":25,"turns":5},{"damage":15,"enemies":"Centurion and Healer","floor":27,"turns":9},{"damage":19,"enemies":"3 Cultists","floor":29,"turns":5},{"damage":69,"enemies":"Champ","floor":33,"turns":15}],"event_choices":[{"event_name":"The Cleric","player_choice":"Card Removal","floor":4,"damage_taken":0},{"event_name":"The Woman in Blue","player_choice":"Bought 1 Potion","floor":7,"damage_taken":0},{"event_name":"Liars Game","player_choice":"agreed","floor":8,"damage_taken":0},{"event_name":"Addict","player_choice":"Ignored","floor":19,"damage_taken":0},{"event_name":"Beggar","player_choice":"Ignored","floor":21,"damage_taken":0},{"event_name":"Bonfire Elementals","player_choice":"RARE","floor":22,"damage_taken":0},{"event_name":"Match and Keep!","player_choice":"2 cards matched","floor":31,"damage_taken":0}],"boss_relics":[{"not_picked":["Black Star","Cursed Key"],"picked":"Ectoplasm"}],"potions_floor_spawned":[3,5,14,18,24,29],"seed_played":"4170701377538449594","killed_by":"Champ","ascension_level":9,"is_trial":false}