{"gold_per_floor":[118,132,146,71,71,133,133,165,234,253,263,263,263],"floor_reached":13,"playtime":911,"items_purged":["Writhe"],"score":114,"play_id":"739f8a8c-7392-4265-b260-053d983dbc50","local_time":"20181106205429","is_ascension_mode":true,"campfire_choices":[{"data":"Spot Weakness","floor":7,"key":"SMITH"},{"data":"Barricade","floor":12,"key":"SMITH"}],"neow_cost":"CURSE","seed_source_timestamp":200852953330763,"circlet_count":0,"master_deck":["Strike_R","Strike_R","Strike_R","Strike_R","Strike_R","Defend_R","Defend_R","Defend_R","Defend_R","Bash","Jack Of All Trades","Sadistic Nature","True Grit","Spot Weakness+1","Inflame","Barricade+1","Disarm"],"relics":["Burning Blood","Charon\u0027s Ashes","Tiny Chest","Sundial","Darkstone Periapt"],"potions_floor_usage":[8,13,13],"damage_taken":[{"damage":8,"enemies":"Jaw Worm","floor":1,"turns":4},{"damage":6,"enemies":"Cultist","floor":2,"turns":3},{"damage":3,"enemies":"2 Louse","floor":3,"turns":3},{"damage":23,"enemies":"3 Sentries","floor":6,"turns":6},{"damage":25,"enemies":"Gremlin Nob","floor":8,"turns":4},{"damage":21,"enemies":"Lots of Slimes","floor":10,"turns":4},{"damage":12,"enemies":"Blue Slaver","floor":11,"turns":4},{"damage":35,"enemies":"Lagavulin","floor":13,"turns":6}],"seed_played":"3757618576508511172","potions_obtained":[{"floor":3,"key":"SneckoOil"},{"floor":6,"key":"AttackPotion"},{"floor":10,"key":"Poison Potion"},{"floor":11,"key":"Swift Potion"}],"is_trial":false,"path_per_floor":["M","M","M","$","?","E","R","E","T","M","M","R","E"],"character_chosen":"IRONCLAD","items_purchased":[],"campfire_rested":0,"item_purchase_floors":[],"current_hp_per_floor":[78,78,80,80,80,63,63,44,44,29,23,23,0],"gold":263,"neow_bonus":"RANDOM_COLORLESS_2","is_prod":false,"is_daily":false,"chose_seed":false,"campfire_upgraded":2,"win_rate":0,"timestamp":1541555669,"path_taken":["M","M","M","$","?","E","R","E","T","?","?","R","E"],"build_version":"2018-11-01","purchased_purges":1,"victory":false,"max_hp_per_floor":[80,80,80,80,80,80,80,80,80,80,80,80,80],"card_choices":[{"not_picked":["Wild Strike","Clash"],"picked":"True Grit","floor":1},{"not_picked":["Hemokinesis","Clash","Anger"],"picked":"SKIP","floor":2},{"not_picked":["Pummel","Heavy Blade"],"picked":"Spot Weakness","floor":3},{"not_picked":["Corruption","Body Slam"],"picked":"Inflame","floor":6},{"not_picked":["Sever Soul","Dropkick","Flex"],"picked":"SKIP","floor":8},{"not_picked":["Pommel Strike","Armaments"],"picked":"Barricade","floor":10},{"not_picked":["Dropkick","Sword Boomerang"],"picked":"Disarm","floor":11}],"player_experience":180307,"relics_obtained":[{"floor":6,"key":"Tiny Chest"},{"floor":8,"key":"Sundial"},{"floor":9,"key":"Darkstone Periapt"}],"event_choices":[{"damage_healed":0,"gold_gain":0,"player_choice":"Gave Potion","damage_taken":0,"relics_obtained":["Charon\u0027s Ashes"],"max_hp_gain":0,"max_hp_loss":0,"event_name":"WeMeetAgain","floor":5,"gold_loss":0}],"is_beta":false,"boss_relics":[],"items_purged_floors":[4],"is_endless":false,"potions_floor_spawned":[3,6,10,11],"killed_by":"Lagavulin","ascension_level":4}