{"gold_per_floor":[212,212,226,95,95,95,115,125,125,159,176,176,207,223,223,328,328,345,1,1,18,29,29],"floor_reached":23,"playtime":1921,"items_purged":[],"score":213,"play_id":"d452d915-bc7f-4ff3-90eb-46ba64802a15","local_time":"20180905181325","is_ascension_mode":true,"campfire_choices":[{"data":"Coolheaded","floor":6,"key":"SMITH"},{"data":"Buffer","floor":12,"key":"SMITH"},{"floor":15,"key":"REST"}],"neow_cost":"NONE","seed_source_timestamp":441183871584197,"circlet_count":0,"master_deck":["Strike_B","Strike_B","Strike_B","Defend_B","Defend_B","Defend_B+1","Defend_B","Zap","Dualcast","Melter","Conserve Battery","Coolheaded+1","FTL","Conserve Battery","Regret","White Noise+1","Reboot","Buffer+1","Ball Lightning","Sweeping Beam","Compile Driver","Buffer","Sweeping Beam+1","Defragment","Defragment","Lockon","Hologram","Cold Snap"],"relics":["Cracked Core","Pantograph","The Courier","Orichalcum","War Paint","Nuclear Battery","Bottled Tornado"],"potions_floor_usage":[10,11,16,16,22],"damage_taken":[{"damage":1,"enemies":"Jaw Worm","floor":1,"turns":3},{"damage":0,"enemies":"Cultist","floor":3,"turns":4},{"damage":1,"enemies":"Small Slimes","floor":7,"turns":3},{"damage":5,"enemies":"Red Slaver","floor":8,"turns":4},{"damage":11,"enemies":"3 Sentries","floor":10,"turns":7},{"damage":17,"enemies":"Large Slime","floor":11,"turns":8},{"damage":8,"enemies":"Lagavulin","floor":13,"turns":6},{"damage":17,"enemies":"3 Louse","floor":14,"turns":2},{"damage":32,"enemies":"Hexaghost","floor":16,"turns":8},{"damage":17,"enemies":"2 Thieves","floor":18,"turns":4},{"damage":3,"enemies":"Chosen","floor":21,"turns":3},{"damage":38,"enemies":"3 Cultists","floor":22,"turns":5},{"damage":22,"enemies":"Gremlin Leader","floor":23,"turns":2}],"seed_played":"9047474748008948551","potions_obtained":[{"floor":7,"key":"Dexterity Potion"},{"floor":8,"key":"Poison Potion"},{"floor":13,"key":"FocusPotion"},{"floor":14,"key":"Dexterity Potion"},{"floor":18,"key":"Dexterity Potion"}],"is_trial":false,"path_per_floor":["M","?","M","$","?","R","M","M","T","E","M","R","E","M","R","B",null,"M","$","?","M","M"],"character_chosen":"DEFECT","items_purchased":["Coolheaded","FTL","Conserve Battery","Defragment","Defragment","Bottled Tornado","Lockon"],"campfire_rested":1,"item_purchase_floors":[4,4,4,19,19,19,19],"current_hp_per_floor":[74,74,74,74,74,74,73,68,68,57,47,47,39,22,44,37,75,58,58,58,55,17,0],"gold":29,"neow_bonus":"HUNDRED_GOLD","is_prod":false,"is_daily":false,"chose_seed":false,"campfire_upgraded":2,"win_rate":0,"timestamp":1536164005,"path_taken":["M","?","?","?","?","R","M","M","T","E","M","R","E","M","R","BOSS","M","$","?","M","M","E"],"build_version":"2018-08-30","purchased_purges":0,"victory":false,"max_hp_per_floor":[75,75,75,75,75,75,75,75,75,75,75,75,75,75,75,75,75,75,75,75,75,75,75],"card_choices":[{"not_picked":["Barrage","Gash"],"picked":"Melter","floor":1},{"not_picked":["Rip and Tear","Steam"],"picked":"Conserve Battery","floor":3},{"not_picked":["Stack","Beam Cell"],"picked":"White Noise","floor":7},{"not_picked":["Double Energy","Beam Cell"],"picked":"Reboot","floor":8},{"not_picked":["Go for the Eyes","Leap"],"picked":"Buffer","floor":10},{"not_picked":["Gash","Hello World"],"picked":"Ball Lightning","floor":11},{"not_picked":["Coolheaded","Loop"],"picked":"Sweeping Beam","floor":13},{"not_picked":["Steam","Gash"],"picked":"Compile Driver","floor":14},{"not_picked":["Fission","All For One"],"picked":"Buffer","floor":16},{"not_picked":["Barrage","Force Field"],"picked":"Sweeping Beam+1","floor":18},{"not_picked":["Stack","Undo+1"],"picked":"Hologram","floor":21},{"not_picked":["Ball Lightning","Hologram"],"picked":"Cold Snap","floor":22}],"player_experience":114447,"relics_obtained":[{"floor":9,"key":"The Courier"},{"floor":10,"key":"Orichalcum"},{"floor":13,"key":"War Paint"}],"event_choices":[{"event_name":"Purifier","player_choice":"One Purge","floor":2,"damage_taken":0},{"event_name":"Big Fish","player_choice":"Box","floor":5,"damage_taken":0},{"event_name":"Vampires","player_choice":"Ignored","floor":20,"damage_taken":0}],"is_beta":false,"boss_relics":[{"not_picked":["Runic Dome","Snecko Eye"],"picked":"Nuclear Battery"}],"items_purged_floors":[],"is_endless":false,"potions_floor_spawned":[7,8,13,14,18],"killed_by":"Gremlin Leader","ascension_level":1}