{"gold_per_floor":[116,127,127,143,157,157,212,212,293,293,293,118,118,132,132,234,234,247,262,272,295,311,311,345,345,372,406,425,451,341,45,45,144,144,155,179,199,219,234,234,268,268,268,268,66,81,107,124,124,124],"floor_reached":51,"playtime":4831,"items_purged":["Strike_G","Strike_G"],"score":1096,"play_id":"b9469dd5-2e5a-4ef9-a94a-e6a9184179fe","local_time":"20181008180140","is_ascension_mode":true,"campfire_choices":[{"floor":6,"key":"DIG"},{"floor":8,"key":"DIG"},{"floor":13,"key":"DIG"},{"floor":15,"key":"REST"},{"floor":23,"key":"DIG"},{"floor":25,"key":"REST"},{"floor":32,"key":"DIG"},{"floor":40,"key":"DIG"},{"floor":42,"key":"REST"},{"floor":49,"key":"DIG"}],"neow_cost":"TEN_PERCENT_HP_LOSS","seed_source_timestamp":272511417189459,"circlet_count":0,"master_deck":["Defend_G","Defend_G","Defend_G","Defend_G","Defend_G","Strike_G+1","Survivor","Neutralize+1","Well Laid Plans","Dagger Throw","Crippling Poison","Endless Agony","Prepared+1","Backflip","Dagger Throw","Corpse Explosion","Storm of Steel","Prepared","Acrobatics+1","Concentrate","Acrobatics","Reflex","PiercingWail","PiercingWail+1","Neutralize+1","Tools of the Trade","Dodge and Roll+1","Underhanded Strike+1","Malaise","Escape Plan","Backflip+1","Backstab","Infinite Blades+1"],"relics":["Ring of the Snake","Shovel","Tingsha","Tiny Chest","Blood Vial","Ornamental Fan","Darkstone Periapt","Fusion Hammer","Bag of Marbles","Ancient Tea Set","Nunchaku","Happy Flower","Strawberry","Lantern","Art of War","DollysMirror","Juzu Bracelet","Empty Cage","Orichalcum","Paper Crane","Kunai","Gremlin Horn","Vajra","The Courier","Omamori"],"potions_floor_usage":[16,16,22,24,39,50,50],"damage_taken":[{"damage":0,"enemies":"2 Louse","floor":1,"turns":4},{"damage":4,"enemies":"Small Slimes","floor":2,"turns":5},{"damage":2,"enemies":"Jaw Worm","floor":4,"turns":5},{"damage":2,"enemies":"2 Fungi Beasts","floor":5,"turns":4},{"damage":23,"enemies":"Lagavulin","floor":7,"turns":7},{"damage":0,"enemies":"Lots of Slimes","floor":14,"turns":2},{"damage":13,"enemies":"Slime Boss","floor":16,"turns":9},{"damage":0,"enemies":"3 Byrds","floor":18,"turns":2},{"damage":8,"enemies":"Spheric Guardian","floor":19,"turns":4},{"damage":0,"enemies":"Cultist and Chosen","floor":20,"turns":3},{"damage":8,"enemies":"Snecko","floor":22,"turns":3},{"damage":27,"enemies":"Book of Stabbing","floor":24,"turns":5},{"damage":13,"enemies":"Gremlin Leader","floor":27,"turns":5},{"damage":4,"enemies":"Sentry and Sphere","floor":28,"turns":3},{"damage":49,"enemies":"Automaton","floor":33,"turns":7},{"damage":9,"enemies":"3 Darklings","floor":35,"turns":4},{"damage":1,"enemies":"3 Shapes","floor":37,"turns":3},{"damage":0,"enemies":"3 Darklings","floor":38,"turns":3},{"damage":11,"enemies":"Jaw Worm Horde","floor":39,"turns":4},{"damage":13,"enemies":"Nemesis","floor":41,"turns":7},{"damage":7,"enemies":"Reptomancer","floor":46,"turns":4},{"damage":0,"enemies":"Giant Head","floor":47,"turns":8},{"damage":0,"enemies":"4 Shapes","floor":48,"turns":3},{"damage":3,"enemies":"Awakened One","floor":50,"turns":10}],"seed_played":"-6584436054503950769","potions_obtained":[{"floor":2,"key":"LiquidBronze"},{"floor":4,"key":"LiquidBronze"},{"floor":5,"key":"Swift Potion"},{"floor":16,"key":"Fruit Juice"},{"floor":19,"key":"FairyPotion"},{"floor":27,"key":"Weak Potion"},{"floor":33,"key":"LiquidBronze"},{"floor":35,"key":"Explosive Potion"},{"floor":39,"key":"Ancient Potion"}],"is_trial":false,"path_per_floor":["M","M","?","M","M","R","E","R","T","?","?","$","R","M","R","B",null,"M","M","M","T","M","R","E","R","T","E","M","T","?","$","R","B",null,"M","T","M","M","M","R","E","R","T","?","$","M","E","M","R","B"],"character_chosen":"THE_SILENT","items_purchased":["Backflip","Dagger Throw","DollysMirror","Vajra","Strength Potion"],"campfire_rested":3,"item_purchase_floors":[12,12,31,45,45],"current_hp_per_floor":[63,59,59,57,55,55,32,32,32,32,19,19,19,21,39,33,59,61,55,57,57,51,51,26,46,46,42,40,40,40,40,40,7,58,51,51,52,54,45,45,34,56,56,51,51,46,48,50,50,49],"gold":124,"neow_bonus":"ONE_RARE_RELIC","is_prod":false,"is_daily":false,"chose_seed":false,"campfire_upgraded":0,"win_rate":0,"timestamp":1539014500,"path_taken":["M","M","?","M","M","R","E","R","T","?","?","$","R","M","R","BOSS","M","M","M","?","M","R","E","R","T","E","?","?","?","?","R","BOSS","M","?","M","M","M","R","E","R","T","?","$","M","E","M","R","BOSS"],"build_version":"2018-10-04","purchased_purges":2,"victory":true,"max_hp_per_floor":[63,63,63,63,63,63,63,63,63,63,63,63,63,63,63,68,68,68,68,68,68,68,68,68,68,68,75,75,75,75,75,75,75,75,75,75,75,75,75,75,75,75,75,75,75,75,75,75,75,75],"card_choices":[{"not_picked":["Sucker Punch","Quick Slash"],"picked":"Well Laid Plans","floor":1},{"not_picked":["Terror","Escape Plan"],"picked":"Dagger Throw","floor":2},{"not_picked":["Dagger Throw","Noxious Fumes"],"picked":"Crippling Poison","floor":4},{"not_picked":["Deadly Poison","Prepared"],"picked":"Endless Agony","floor":5},{"not_picked":["Blade Dance","Bane"],"picked":"Prepared","floor":7},{"not_picked":["Escape Plan","Distraction"],"picked":"Corpse Explosion","floor":14},{"not_picked":["After Image","Malaise"],"picked":"Storm of Steel","floor":16},{"not_picked":["Dagger Spray+1","Bane"],"picked":"Prepared","floor":18},{"not_picked":["Outmaneuver","Skewer"],"picked":"Acrobatics+1","floor":19},{"not_picked":["Outmaneuver","Heel Hook"],"picked":"Concentrate","floor":20},{"not_picked":["Heel Hook+1","Expertise"],"picked":"Acrobatics","floor":22},{"not_picked":["Prepared","Poisoned Stab"],"picked":"Reflex","floor":24},{"not_picked":["Eviscerate","Endless Agony"],"picked":"PiercingWail","floor":27},{"not_picked":["Grand Finale","Cloak And Dagger"],"picked":"PiercingWail+1","floor":28},{"not_picked":["A Thousand Cuts","Glass Knife"],"picked":"Tools of the Trade","floor":33},{"not_picked":["Skewer","Outmaneuver+1"],"picked":"Dodge and Roll+1","floor":35},{"not_picked":["Noxious Fumes+1","Catalyst+1"],"picked":"Underhanded Strike+1","floor":37},{"not_picked":["Bane","Flying Knee+1","Poisoned Stab"],"picked":"SKIP","floor":38},{"not_picked":["Prepared","Well Laid Plans+1"],"picked":"Malaise","floor":39},{"not_picked":["Deflect","Noxious Fumes+1"],"picked":"Escape Plan","floor":41},{"not_picked":["Dagger Spray","Riddle With Holes+1"],"picked":"Backflip+1","floor":46},{"not_picked":["Sucker Punch+1","Slice"],"picked":"Backstab","floor":47},{"not_picked":["Deflect+1","Dagger Throw"],"picked":"Infinite Blades+1","floor":48}],"player_experience":189071,"relics_obtained":[{"floor":6,"key":"Tingsha"},{"floor":7,"key":"Tiny Chest"},{"floor":8,"key":"Blood Vial"},{"floor":9,"key":"Ornamental Fan"},{"floor":13,"key":"Darkstone Periapt"},{"floor":21,"key":"Bag of Marbles"},{"floor":23,"key":"Ancient Tea Set"},{"floor":24,"key":"Nunchaku"},{"floor":26,"key":"Happy Flower"},{"floor":27,"key":"Strawberry"},{"floor":29,"key":"Lantern"},{"floor":32,"key":"Juzu Bracelet"},{"floor":36,"key":"Orichalcum"},{"floor":40,"key":"Paper Crane"},{"floor":41,"key":"Kunai"},{"floor":43,"key":"Gremlin Horn"},{"floor":47,"key":"The Courier"},{"floor":49,"key":"Omamori"}],"event_choices":[{"event_name":"Living Wall","player_choice":"Grow","floor":3,"damage_taken":0},{"event_name":"Golden Idol","player_choice":"Ignored","floor":10,"damage_taken":0},{"event_name":"Shining Light","player_choice":"Entered Light","floor":11,"damage_taken":0},{"event_name":"WeMeetAgain","player_choice":"Gold","floor":30,"damage_taken":0},{"event_name":"SensoryStone","player_choice":"Memory 2","floor":44,"damage_taken":0}],"is_beta":true,"boss_relics":[{"not_picked":["Pandora\u0027s Box","Busted Crown"],"picked":"Fusion Hammer"},{"not_picked":["Sozu","Cursed Key"],"picked":"Empty Cage"}],"items_purged_floors":[12,31],"is_endless":false,"potions_floor_spawned":[2,4,5,16,19,27,33,35,39,46,47,48],"ascension_level":8}