{"gold_per_floor":[115,115,115,126,143,25,58,58,58,58,4,22,22,42,42,140,140,160,0,17,17,37,37,65,80,106,68,80,80,80,80,80,177,177,191,191,78,93,93,93,193,193,193,193,193],"floor_reached":45,"playtime":3184,"items_purged":["Strike_G"],"score":454,"play_id":"34115e83-4dfe-464e-9d89-7ef47be959f2","local_time":"20190325231900","is_ascension_mode":false,"campfire_choices":[{"floor":8,"key":"REST"},{"data":"Dodge and Roll","floor":10,"key":"SMITH"},{"floor":15,"key":"REST"},{"data":"Bullet Time","floor":23,"key":"SMITH"},{"floor":30,"key":"REST"},{"floor":32,"key":"REST"},{"data":"After Image","floor":40,"key":"SMITH"},{"floor":42,"key":"REST"},{"data":"Envenom","floor":44,"key":"SMITH"}],"neow_cost":"NONE","seed_source_timestamp":41871692552400,"circlet_count":0,"master_deck":["Defend_G","Defend_G","Defend_G","Defend_G","Defend_G+1","Strike_G","Strike_G","Strike_G","Strike_G","Survivor","Neutralize+1","Crippling Poison","PiercingWail","Dodge and Roll+1","Backflip","Catalyst","Bane","Dagger Throw","Dagger Spray","Flying Knee","Dash","Bullet Time+1","Sucker Punch","Noxious Fumes","All Out Attack","Blade Dance","Dash","Bane+1","Crippling Poison+1","Underhanded Strike","Caltrops","Leg Sweep+1","Envenom+1","Blind","After Image+1","Deflect","Bullet Time","Neutralize","Escape Plan"],"relics":["Ring of the Serpent","Darkstone Periapt","Juzu Bracelet","Sozu","Du-Vu Doll","Snake Skull","Sundial","Nunchaku","Toxic Egg 2"],"potions_floor_usage":[24,28],"damage_taken":[{"damage":0,"enemies":"Small Slimes","floor":1,"turns":4},{"damage":1,"enemies":"Jaw Worm","floor":4,"turns":7},{"damage":6,"enemies":"Cultist","floor":5,"turns":7},{"damage":24,"enemies":"Lagavulin","floor":7,"turns":15},{"damage":1,"enemies":"Red Slaver","floor":12,"turns":4},{"damage":2,"enemies":"3 Louse","floor":14,"turns":2},{"damage":59,"enemies":"Hexaghost","floor":16,"turns":18},{"damage":0,"enemies":"3 Byrds","floor":18,"turns":5},{"damage":0,"enemies":"Shell Parasite","floor":20,"turns":7},{"damage":4,"enemies":"3 Cultists","floor":22,"turns":5},{"damage":52,"enemies":"Gremlin Leader","floor":24,"turns":6},{"damage":3,"enemies":"Shelled Parasite and Fungi","floor":25,"turns":5},{"damage":3,"enemies":"Snake Plant","floor":28,"turns":4},{"damage":47,"enemies":"Automaton","floor":33,"turns":10},{"damage":20,"enemies":"3 Darklings","floor":35,"turns":5},{"damage":4,"enemies":"Orb Walker","floor":38,"turns":4},{"damage":3,"enemies":"Mind Bloom Boss Battle","floor":41,"turns":10},{"damage":75,"enemies":"Reptomancer","floor":45,"turns":2}],"seed_played":"-98064615384001260","potions_obtained":[{"floor":4,"key":"SkillPotion"},{"floor":5,"key":"Swift Potion"},{"floor":12,"key":"AttackPotion"},{"floor":16,"key":"Ancient Potion"}],"is_trial":false,"path_per_floor":["M","?","?","M","M","$","E","R","T","R","$","M","?","M","R","B",null,"M","$","M","?","M","R","E","M","T","$","M","?","R","?","R","B",null,"M","?","$","M","?","R","?","R","T","R","E"],"character_chosen":"THE_SILENT","items_purchased":["Catalyst","Bane","Dagger Spray","Noxious Fumes","All Out Attack","Blade Dance","Caltrops","Escape Plan"],"campfire_rested":5,"item_purchase_floors":[6,6,11,19,19,19,27,37],"current_hp_per_floor":[70,56,56,55,49,49,25,46,46,46,46,45,45,43,64,5,70,70,70,70,70,66,66,14,11,11,11,8,8,29,29,50,3,70,50,50,50,46,46,46,43,62,62,62,0],"gold":193,"neow_bonus":"THREE_CARDS","is_prod":false,"is_daily":false,"chose_seed":false,"campfire_upgraded":4,"win_rate":0.0,"timestamp":1553570340,"path_taken":["M","?","?","?","M","$","E","R","T","R","?","M","?","M","R","BOSS","M","$","M","?","M","R","E","M","T","$","M","?","R","?","R","BOSS","M","?","?","M","?","R","?","R","T","R","E"],"build_version":"2019-01-23","purchased_purges":1,"victory":false,"max_hp_per_floor":[70,70,70,70,70,70,70,70,70,70,70,70,70,70,70,70,70,70,70,70,70,70,70,70,70,70,70,70,70,70,70,70,70,70,70,70,70,70,66,66,66,66,66,66,66],"card_choices":[{"not_picked":["Poisoned Stab","Endless Agony"],"picked":"Crippling Poison","floor":0},{"not_picked":["Deflect","Calculated Gamble"],"picked":"PiercingWail","floor":1},{"not_picked":["Underhanded Strike","Flying Knee"],"picked":"Dodge and Roll","floor":4},{"not_picked":["PiercingWail","Acrobatics"],"picked":"Backflip","floor":5},{"not_picked":["Blade Dance","Choke"],"picked":"Dagger Throw","floor":7},{"not_picked":["PiercingWail","Unload"],"picked":"Flying Knee","floor":12},{"not_picked":["Prepared","Dagger Throw"],"picked":"Dash","floor":14},{"not_picked":["Venomology","Burst"],"picked":"Bullet Time","floor":16},{"not_picked":["PiercingWail","Acrobatics+1"],"picked":"Sucker Punch","floor":18},{"not_picked":["Catalyst","Flying Knee"],"picked":"Dash","floor":20},{"not_picked":["Slice","Flying Knee"],"picked":"Bane+1","floor":22},{"not_picked":["Leg Sweep+1","Underhanded Strike"],"picked":"Crippling Poison+1","floor":24},{"not_picked":["PiercingWail","Flying Knee"],"picked":"Underhanded Strike","floor":25},{"not_picked":["Eviscerate","Prepared+1"],"picked":"Leg Sweep+1","floor":28},{"not_picked":["Phantasmal Killer","Burst"],"picked":"After Image","floor":33},{"not_picked":["Expertise","Endless Agony+1"],"picked":"Deflect","floor":35},{"not_picked":["Prepared+1","Blur","Slice+1"],"picked":"SKIP","floor":38}],"player_experience":34464,"relics_obtained":[{"floor":7,"key":"Darkstone Periapt"},{"floor":9,"key":"Juzu Bracelet"},{"floor":24,"key":"Du-Vu Doll"},{"floor":26,"key":"Snake Skull"},{"floor":41,"key":"Nunchaku"},{"floor":43,"key":"Toxic Egg 2"}],"event_choices":[{"damage_healed":0,"gold_gain":0,"player_choice":"Entered Light","damage_taken":14,"max_hp_gain":0,"max_hp_loss":0,"event_name":"Shining Light","floor":2,"gold_loss":0,"cards_upgraded":["Defend_G","Neutralize"]},{"damage_healed":0,"gold_gain":0,"player_choice":"Ignored","damage_taken":0,"max_hp_gain":0,"max_hp_loss":0,"event_name":"WeMeetAgain","floor":3,"gold_loss":0},{"damage_healed":0,"gold_gain":0,"player_choice":"Leave","damage_taken":0,"max_hp_gain":0,"max_hp_loss":0,"event_name":"The Cleric","floor":13,"gold_loss":0},{"damage_healed":0,"gold_gain":0,"player_choice":"Ignored","damage_taken":0,"max_hp_gain":0,"max_hp_loss":0,"event_name":"Ghosts","floor":21,"gold_loss":0},{"damage_healed":0,"gold_gain":0,"player_choice":"2 cards matched","damage_taken":0,"max_hp_gain":0,"max_hp_loss":0,"event_name":"Match and Keep!","floor":29,"gold_loss":0,"cards_obtained":["Envenom","Blind"]},{"damage_healed":0,"gold_gain":0,"player_choice":"Opened","damage_taken":0,"relics_obtained":["Sundial"],"max_hp_gain":0,"max_hp_loss":0,"event_name":"The Mausoleum","floor":31,"gold_loss":0},{"damage_healed":0,"gold_gain":0,"player_choice":"2 cards matched","damage_taken":0,"max_hp_gain":0,"max_hp_loss":0,"event_name":"Match and Keep!","floor":36,"gold_loss":0,"cards_obtained":["Bullet Time","Neutralize"]},{"damage_healed":0,"gold_gain":0,"player_choice":"Max HP","damage_taken":0,"max_hp_gain":0,"max_hp_loss":4,"event_name":"Winding Halls","floor":39,"gold_loss":0},{"damage_healed":0,"gold_gain":0,"player_choice":"Fight","damage_taken":0,"max_hp_gain":0,"max_hp_loss":0,"event_name":"MindBloom","floor":41,"gold_loss":0}],"is_beta":false,"boss_relics":[{"not_picked":["Astrolabe","Orrery"],"picked":"Sozu"},{"not_picked":["White Beast Statue","Coffee Dripper"],"picked":"Ring of the Serpent"}],"items_purged_floors":[37],"is_endless":false,"potions_floor_spawned":[4,5,12,16,24,28,33],"killed_by":"Reptomancer","ascension_level":0}