{"gold_per_floor":[109,125,33,33,208,208,239,259,259,40,53,53,71,91,91,91],"floor_reached":16,"playtime":546,"items_purged":["Doubt"],"score":102,"play_id":"48c0f2ea-7961-4ccc-8ef5-ed108fda891d","local_time":"20190216015427","is_ascension_mode":false,"campfire_choices":[{"data":"White Noise","floor":6,"key":"SMITH"},{"floor":12,"key":"REST"},{"data":"Defragment","floor":15,"key":"SMITH"}],"neow_cost":"NONE","seed_source_timestamp":138857448757407,"circlet_count":0,"master_deck":["Strike_B","Strike_B","Strike_B","Defend_B","Defend_B","Defend_B","Zap","Dualcast","BootSequence","White Noise+1","Flash of Steel","Chill","Steam+1","Defragment+1","Defragment"],"relics":["Empty Cage","Incense Burner","Blue Candle","Toxic Egg 2","Happy Flower"],"potions_floor_usage":[7,11],"damage_taken":[{"damage":8,"enemies":"Jaw Worm","floor":1,"turns":4},{"damage":1,"enemies":"Cultist","floor":2,"turns":4},{"damage":49,"enemies":"Gremlin Nob","floor":7,"turns":5},{"damage":0,"enemies":"2 Louse","floor":8,"turns":3},{"damage":0,"enemies":"Red Slaver","floor":11,"turns":4},{"damage":0,"enemies":"3 Louse","floor":13,"turns":4},{"damage":0,"enemies":"Looter","floor":14,"turns":3},{"damage":29,"enemies":"Slime Boss","floor":16,"turns":6}],"seed_played":"-6858714415692586708","potions_obtained":[{"floor":2,"key":"SkillPotion"},{"floor":8,"key":"AttackPotion"}],"is_trial":false,"path_per_floor":["M","M","$","?","?","R","E","M","T","$","M","R","M","M","R","B"],"character_chosen":"DEFECT","items_purchased":["Flash of Steel","Happy Flower"],"campfire_rested":1,"item_purchase_floors":[3,10],"current_hp_per_floor":[67,66,66,54,54,54,5,5,5,5,5,27,27,27,27,0],"gold":91,"neow_bonus":"BOSS_RELIC","is_prod":false,"is_daily":false,"chose_seed":false,"campfire_upgraded":2,"win_rate":0,"timestamp":1550300067,"path_taken":["M","M","$","?","?","R","E","M","T","$","M","R","M","M","R","BOSS"],"build_version":"2019-01-23","purchased_purges":1,"victory":false,"max_hp_per_floor":[75,75,75,75,75,75,75,75,75,75,75,75,75,75,75,75],"card_choices":[{"not_picked":["Beam Cell","Heatsinks"],"picked":"BootSequence","floor":1},{"not_picked":["Streamline","Redo"],"picked":"White Noise","floor":2},{"not_picked":["Glacier","Barrage","Gash"],"picked":"SKIP","floor":7},{"not_picked":["Auto Shields","Steam"],"picked":"Chill","floor":8},{"not_picked":["Heatsinks","Turbo+1"],"picked":"Steam+1","floor":11},{"not_picked":["Fusion+1","Recycle+1"],"picked":"Defragment","floor":13},{"not_picked":["Static Discharge","Leap+1"],"picked":"Defragment","floor":14}],"player_experience":687460,"relics_obtained":[{"floor":7,"key":"Blue Candle"},{"floor":9,"key":"Toxic Egg 2"}],"event_choices":[{"damage_healed":0,"gold_gain":0,"player_choice":"Success","damage_taken":12,"relics_obtained":["Incense Burner"],"max_hp_gain":0,"max_hp_loss":0,"event_name":"Scrap Ooze","floor":4,"gold_loss":0},{"damage_healed":0,"gold_gain":175,"player_choice":"AGREE","damage_taken":0,"max_hp_gain":0,"max_hp_loss":0,"event_name":"Liars Game","floor":5,"gold_loss":0,"cards_obtained":["Doubt"]}],"is_beta":false,"boss_relics":[],"items_purged_floors":[10],"is_endless":false,"potions_floor_spawned":[2,8],"killed_by":"Slime Boss","ascension_level":0}