{"gold_per_floor":[110,110,110,110,110,143,143,174,229,229,12,33,33,53,53,149,149,163,213,91,91,91,91,91,107,107,107,7,7],"floor_reached":29,"playtime":590,"items_purged":["Strike_B","Rebound","Defend_B"],"score":523,"play_id":"c4f5c9dd-a246-4b7e-8c8c-c935b9029dbd","local_time":"20181026204936","is_ascension_mode":true,"campfire_choices":[{"data":"Zap","floor":7,"key":"SMITH"},{"data":"Chrysalis","floor":13,"key":"SMITH"},{"data":"Sunder","floor":15,"key":"SMITH"},{"data":"Buffer","floor":23,"key":"SMITH"}],"neow_cost":"NONE","seed_source_timestamp":7458639360849,"circlet_count":0,"master_deck":["Defend_B","Zap+1","Dualcast","AscendersBane","Defragment+1","Hologram","Chrysalis+1","Sunder+1","Ball Lightning","Buffer+1","Chill+1","Doom and Gloom+1","Electrodynamics+1","Cold Snap+1","Loop","FTL","Capacitor","White Noise"],"relics":["Cracked Core","NeowsBlessing","Golden Idol","Letter Opener","The Courier","Regal Pillow","Strawberry","Symbiotic Virus","Astrolabe","Bottled Flame","Matryoshka"],"potions_floor_usage":[29],"damage_taken":[{"damage":0,"enemies":"Jaw Worm","floor":1,"turns":1},{"damage":0,"enemies":"3 Sentries","floor":6,"turns":1},{"damage":0,"enemies":"Lagavulin","floor":8,"turns":2},{"damage":5,"enemies":"Small Slimes","floor":12,"turns":4},{"damage":12,"enemies":"Cultist","floor":14,"turns":4},{"damage":38,"enemies":"Slime Boss","floor":16,"turns":5},{"damage":14,"enemies":"2 Thieves","floor":18,"turns":2},{"damage":3,"enemies":"3 Byrds","floor":25,"turns":4},{"damage":56,"enemies":"Book of Stabbing","floor":29,"turns":3}],"seed_played":"6272373772772465441","potions_obtained":[{"floor":8,"key":"Regen Potion"}],"is_trial":false,"path_per_floor":["M","?","?","?","T","E","R","E","T","T","$","M","R","M","R","B",null,"M","?","$","?","?","R","T","M","T","?","$"],"character_chosen":"DEFECT","items_purchased":["Chrysalis","Fire Potion"],"campfire_rested":0,"item_purchase_floors":[11,20],"current_hp_per_floor":[64,64,64,64,64,64,64,64,71,71,71,66,66,54,54,16,57,43,43,43,43,43,43,43,40,40,40,40,0],"gold":7,"neow_bonus":"THREE_ENEMY_KILL","is_prod":false,"is_daily":false,"chose_seed":false,"campfire_upgraded":4,"win_rate":0,"timestamp":1540579776,"path_taken":["M","?","?","?","?","E","R","E","T","?","$","M","R","?","R","BOSS","M","?","$","?","?","R","?","M","T","?","$","E"],"build_version":"2018-10-25v2","purchased_purges":3,"victory":false,"max_hp_per_floor":[71,64,64,64,64,64,64,64,71,71,71,71,71,71,71,71,71,71,71,71,71,71,71,71,71,71,71,71,71],"card_choices":[{"not_picked":["Hologram","Streamline"],"picked":"Gash","floor":1},{"not_picked":["Darkness","Rebound"],"picked":"Hologram","floor":6},{"not_picked":["Hologram","Stack"],"picked":"Rebound","floor":8},{"not_picked":["Go for the Eyes","Heatsinks"],"picked":"Sunder","floor":12},{"not_picked":["Hologram","Reinforced Body"],"picked":"Ball Lightning","floor":14},{"not_picked":["Electrodynamics","Machine Learning"],"picked":"Buffer","floor":16},{"not_picked":["Conserve Battery","Compile Driver"],"picked":"Cold Snap+1","floor":18},{"not_picked":["Rebound","Leap"],"picked":"White Noise","floor":25}],"player_experience":270005,"relics_obtained":[{"floor":5,"key":"Letter Opener"},{"floor":6,"key":"The Courier"},{"floor":8,"key":"Regal Pillow"},{"floor":9,"key":"Strawberry"},{"floor":10,"key":"Symbiotic Virus"},{"floor":24,"key":"Bottled Flame"},{"floor":26,"key":"Matryoshka"}],"event_choices":[{"damage_healed":0,"gold_gain":0,"player_choice":"Lose Max HP","damage_taken":0,"relics_obtained":["Golden Idol"],"max_hp_gain":0,"max_hp_loss":7,"event_name":"Golden Idol","floor":2,"gold_loss":0},{"damage_healed":0,"gold_gain":0,"cards_transformed":["Strike_B"],"player_choice":"Transformed","damage_taken":0,"max_hp_gain":0,"max_hp_loss":0,"event_name":"Transmorgrifier","floor":3,"gold_loss":0,"cards_obtained":["Defragment"]},{"damage_healed":0,"gold_gain":0,"player_choice":"Grow","damage_taken":0,"max_hp_gain":0,"max_hp_loss":0,"event_name":"Living Wall","floor":4,"gold_loss":0,"cards_upgraded":["Defragment"]},{"damage_healed":0,"gold_gain":50,"player_choice":"Stole From Cult","damage_taken":0,"max_hp_gain":0,"max_hp_loss":0,"event_name":"Nest","floor":19,"gold_loss":0},{"damage_healed":0,"gold_gain":0,"cards_transformed":["Defend_B","Defend_B"],"player_choice":"Became Test Subject","damage_taken":0,"max_hp_gain":0,"max_hp_loss":0,"event_name":"Drug Dealer","floor":21,"gold_loss":0,"cards_obtained":["Loop","FTL"]},{"damage_healed":0,"gold_gain":0,"player_choice":"Read","damage_taken":0,"max_hp_gain":0,"max_hp_loss":0,"event_name":"The Library","floor":22,"gold_loss":0,"cards_obtained":["Capacitor"]},{"damage_healed":0,"gold_gain":0,"player_choice":"Ignored","damage_taken":0,"max_hp_gain":0,"max_hp_loss":0,"event_name":"Beggar","floor":27,"gold_loss":0}],"is_beta":true,"boss_relics":[{"not_picked":["Philosopher\u0027s Stone","Inserter"],"picked":"Astrolabe"}],"items_purged_floors":[11,20,28],"is_endless":false,"potions_floor_spawned":[8],"killed_by":"Book of Stabbing","ascension_level":18}