{"gold_per_floor":[15,115,127,138,148,148,181,196,266,266,286,303,303,303,303,408,408,426,440,32,131,151,151,163,163,189,199,199],"floor_reached":28,"playtime":889,"items_purged":["Defend_B"],"score":314,"play_id":"194bdc9f-bb36-4155-b0b3-095ee72dfbc4","local_time":"20181229195101","is_ascension_mode":true,"campfire_choices":[{"data":"Zap","floor":6,"key":"SMITH"},{"floor":10,"key":"REST"},{"floor":13,"key":"REST"},{"floor":15,"key":"REST"},{"data":"Double Energy","floor":23,"key":"SMITH"},{"floor":25,"key":"REST"}],"neow_cost":"NO_GOLD","seed_source_timestamp":708246447296128,"circlet_count":0,"master_deck":["Strike_B","Strike_B","Strike_B","Strike_B","Defend_B","Defend_B","Defend_B","Zap+1","Dualcast+1","Ball Lightning","Auto Shields","BootSequence","Conserve Battery","Leap","Hologram","Melter","Creative AI","Auto Shields","Storm","White Noise","Tempest+1","Double Energy+1","BootSequence","Defragment","Ball Lightning+1"],"relics":["Cracked Core","Turnip","Happy Flower","Singing Bowl","Orrery","Bottled Lightning","Omamori"],"potions_floor_usage":[19,27,27,28],"damage_taken":[{"damage":1,"enemies":"Cultist","floor":1,"turns":3},{"damage":8,"enemies":"2 Louse","floor":3,"turns":3},{"damage":7,"enemies":"Jaw Worm","floor":4,"turns":2},{"damage":9,"enemies":"Large Slime","floor":5,"turns":5},{"damage":24,"enemies":"3 Sentries","floor":7,"turns":6},{"damage":3,"enemies":"Red Slaver","floor":8,"turns":4},{"damage":8,"enemies":"3 Louse","floor":11,"turns":3},{"damage":8,"enemies":"Exordium Thugs","floor":12,"turns":4},{"damage":30,"enemies":"The Guardian","floor":16,"turns":12},{"damage":0,"enemies":"Spheric Guardian","floor":18,"turns":2},{"damage":19,"enemies":"3 Byrds","floor":19,"turns":4},{"damage":4,"enemies":"Snake Plant","floor":22,"turns":3},{"damage":16,"enemies":"Chosen and Byrds","floor":24,"turns":5},{"damage":21,"enemies":"Snecko","floor":27,"turns":4},{"damage":38,"enemies":"Book of Stabbing","floor":28,"turns":5}],"seed_played":"5266304464433293411","potions_obtained":[{"floor":4,"key":"Strength Potion"},{"floor":5,"key":"SneckoOil"},{"floor":7,"key":"FearPotion"},{"floor":8,"key":"Energy Potion"},{"floor":24,"key":"EssenceOfSteel"}],"is_trial":false,"path_per_floor":["M","?","M","M","M","R","E","M","T","R","M","M","R","?","R","B",null,"M","M","$","?","M","R","M","R","T","M","E"],"character_chosen":"DEFECT","items_purchased":["Bottled Lightning","BootSequence"],"campfire_rested":4,"item_purchase_floors":[20,20],"current_hp_per_floor":[67,67,59,52,43,43,19,16,16,38,32,24,47,47,70,40,72,72,53,53,53,49,49,33,57,57,38,0],"gold":199,"neow_bonus":"ONE_RARE_RELIC","is_prod":false,"is_daily":false,"chose_seed":false,"campfire_upgraded":2,"win_rate":0,"timestamp":1546109461,"path_taken":["M","?","M","?","M","R","E","M","T","R","?","M","R","?","R","BOSS","M","M","$","?","M","R","M","R","T","M","E"],"build_version":"2018-12-20","purchased_purges":1,"victory":false,"max_hp_per_floor":[75,75,75,75,75,75,75,75,75,75,77,77,77,77,77,77,81,81,81,81,81,81,81,81,81,81,83,83],"card_choices":[{"not_picked":["Sweeping Beam","Static Discharge"],"picked":"Ball Lightning","floor":1},{"not_picked":["Heatsinks","Redo"],"picked":"Auto Shields","floor":3},{"not_picked":["Blizzard","Go for the Eyes"],"picked":"BootSequence","floor":4},{"not_picked":["Gash","Hello World"],"picked":"Conserve Battery","floor":5},{"not_picked":["Steam Power","Rebound"],"picked":"Leap","floor":7},{"not_picked":["Redo","Conserve Battery"],"picked":"Hologram","floor":8},{"not_picked":["Steam","Sweeping Beam","Steam Power"],"picked":"Singing Bowl","floor":11},{"not_picked":["Compile Driver","Barrage"],"picked":"Melter","floor":12},{"not_picked":["Hyperbeam","Amplify"],"picked":"Creative AI","floor":16},{"not_picked":["Beam Cell","Fusion"],"picked":"Auto Shields","floor":17},{"not_picked":["Coolheaded","Sweeping Beam"],"picked":"Storm","floor":17},{"not_picked":["Barrage","Conserve Battery"],"picked":"White Noise","floor":17},{"not_picked":["Beam Cell","Chill","Fusion"],"picked":"Singing Bowl","floor":17},{"not_picked":["Heatsinks","Genetic Algorithm","Hologram"],"picked":"Singing Bowl","floor":17},{"not_picked":["Stack","FTL"],"picked":"Tempest+1","floor":18},{"not_picked":["Compile Driver","FTL"],"picked":"Double Energy","floor":19},{"not_picked":["Reprogram+1","Coolheaded+1"],"picked":"Defragment","floor":22},{"not_picked":["Streamline","Hologram+1"],"picked":"Ball Lightning+1","floor":24},{"not_picked":["Hologram+1","Amplify","Conserve Battery"],"picked":"Singing Bowl","floor":27}],"player_experience":481748,"relics_obtained":[{"floor":7,"key":"Happy Flower"},{"floor":9,"key":"Singing Bowl"},{"floor":26,"key":"Omamori"}],"event_choices":[{"damage_healed":0,"gold_gain":100,"player_choice":"Pray","damage_taken":0,"max_hp_gain":0,"max_hp_loss":0,"event_name":"Golden Shrine","floor":2,"gold_loss":0},{"damage_healed":0,"gold_gain":0,"player_choice":"Forge","damage_taken":0,"max_hp_gain":0,"max_hp_loss":0,"event_name":"Accursed Blacksmith","floor":14,"gold_loss":0,"cards_upgraded":["Dualcast"]},{"damage_healed":0,"gold_gain":99,"player_choice":"Stole From Cult","damage_taken":0,"max_hp_gain":0,"max_hp_loss":0,"event_name":"Nest","floor":21,"gold_loss":0}],"is_beta":false,"boss_relics":[{"not_picked":["Lizard Tail","Cursed Key"],"picked":"Orrery"}],"items_purged_floors":[20],"is_endless":false,"potions_floor_spawned":[4,5,7,8,18,19,24],"killed_by":"Book of Stabbing","ascension_level":8}