{"gold_per_floor":[119,119,119,119,119,147,147,179,205,205,225,255,26,26,26,127,127,140,140,152,19,19,19,39,39],"floor_reached":25,"playtime":1117,"items_purged":["Strike_B","Strike_B"],"score":323,"play_id":"6252efe4-454a-49a1-a4c1-529090ee76b5","local_time":"20180917031957","is_ascension_mode":true,"campfire_choices":[{"floor":7,"key":"REST"},{"floor":10,"key":"REST"},{"floor":15,"key":"REST"},{"floor":23,"key":"REST"}],"neow_cost":"NONE","seed_source_timestamp":138386877504743,"circlet_count":0,"master_deck":["Strike_B","Strike_B","Defend_B","Defend_B","Defend_B","Defend_B","Zap","Dualcast+1","AscendersBane","Echo Form+1","BootSequence","Doom and Gloom","Auto Shields","Sunder","Storm","Echo Form","Melter+1","Go for the Eyes+1","Storm","Necronomicurse","Conserve Battery+1"],"relics":["Cracked Core","Lantern","DataDisk","Juzu Bracelet","Bottled Lightning","Dream Catcher","NlothsMask","Eternal Feather","MutagenicStrength","Necronomicon"],"potions_floor_usage":[6,12,16,24],"damage_taken":[{"damage":5,"enemies":"Small Slimes","floor":1,"turns":3},{"damage":37,"enemies":"Gremlin Nob","floor":6,"turns":5},{"damage":45,"enemies":"3 Sentries","floor":8,"turns":12},{"damage":1,"enemies":"Cultist","floor":11,"turns":4},{"damage":10,"enemies":"Lagavulin","floor":12,"turns":6},{"damage":2,"enemies":"Slime Boss","floor":16,"turns":6},{"damage":31,"enemies":"2 Thieves","floor":18,"turns":5},{"damage":18,"enemies":"Chosen","floor":20,"turns":5},{"damage":21,"enemies":"Snake Plant","floor":24,"turns":4},{"damage":26,"enemies":"Book of Stabbing","floor":25,"turns":4}],"seed_played":"-7601633652125985371","potions_obtained":[{"floor":1,"key":"Poison Potion"},{"floor":8,"key":"Weak Potion"},{"floor":12,"key":"Block Potion"},{"floor":20,"key":"Weak Potion"}],"is_trial":false,"path_per_floor":["M","?","?","?","?","E","R","E","T","R","M","E","$","?","R","B",null,"M","?","M","$","?","R","M"],"character_chosen":"DEFECT","items_purchased":["Dream Catcher","Storm"],"campfire_rested":4,"item_purchase_floors":[13,21],"current_hp_per_floor":[63,63,63,63,68,31,55,10,10,34,33,23,23,23,47,45,71,40,40,22,22,6,42,21,0],"gold":39,"neow_bonus":"ONE_RANDOM_RARE_CARD","is_prod":false,"is_daily":false,"chose_seed":false,"campfire_upgraded":0,"win_rate":0,"timestamp":1537147197,"path_taken":["M","?","?","?","?","E","R","E","T","R","M","E","$","?","R","BOSS","M","?","M","$","?","R","M","E"],"build_version":"2018-09-06","purchased_purges":2,"victory":false,"max_hp_per_floor":[75,75,75,75,80,80,80,80,80,80,80,80,80,80,80,80,80,80,80,80,80,80,80,80,80],"card_choices":[{"not_picked":["Recycle","Redo"],"picked":"BootSequence","floor":1},{"not_picked":["Barrage","Chaos","Skim"],"picked":"SKIP","floor":6},{"not_picked":["Heatsinks","Turbo"],"picked":"Doom and Gloom","floor":8},{"not_picked":["Leap","Stack"],"picked":"Auto Shields","floor":11},{"not_picked":["Aggregate","Genetic Algorithm"],"picked":"Sunder","floor":12},{"not_picked":["Lockon","Cold Snap"],"picked":"Storm","floor":15},{"not_picked":["Hyperbeam","Rainbow"],"picked":"Echo Form","floor":16},{"not_picked":["Go for the Eyes","Glacier"],"picked":"Melter+1","floor":18},{"not_picked":["FTL","Heatsinks"],"picked":"Go for the Eyes+1","floor":20},{"not_picked":["Defragment","Ball Lightning"],"picked":"Conserve Battery+1","floor":23},{"not_picked":["Stack","Redo","Recycle"],"picked":"SKIP","floor":24}],"player_experience":271857,"relics_obtained":[{"floor":6,"key":"Lantern"},{"floor":8,"key":"DataDisk"},{"floor":9,"key":"Juzu Bracelet"},{"floor":12,"key":"Bottled Lightning"},{"floor":22,"key":"Necronomicon"}],"event_choices":[{"event_name":"Accursed Blacksmith","player_choice":"Forge","floor":2,"damage_taken":0},{"event_name":"Living Wall","player_choice":"Grow","floor":3,"damage_taken":0},{"event_name":"Liars Game","player_choice":"disagreed","floor":4,"damage_taken":0},{"event_name":"Big Fish","player_choice":"Donut","floor":5,"damage_taken":0},{"event_name":"FaceTrader","player_choice":"Trade","floor":14,"damage_taken":0},{"event_name":"Drug Dealer","player_choice":"Inject Mutagens","floor":19,"damage_taken":0},{"event_name":"Cursed Tome","player_choice":"Obtained Book","floor":22,"damage_taken":0}],"is_beta":false,"boss_relics":[{"not_picked":["Busted Crown","Runic Pyramid"],"picked":"Eternal Feather"}],"items_purged_floors":[13,21],"is_endless":false,"potions_floor_spawned":[1,8,12,20],"killed_by":"Book of Stabbing","ascension_level":10}