{"gold_per_floor":[113,124,187,204,216,216,216,272,272,323,323,45,45,45,58,58,58,58,58,58,58,80,93,93,119,119,241,241,289,315,365,365,380,380,380],"floor_reached":24,"playtime":1366,"items_purged":[],"score":231,"play_id":"0b1ff256-de3b-4bc2-9c27-e332c00d5f6c","local_time":"20190315020016","is_ascension_mode":false,"campfire_choices":[{"data":"Slimebound:SplitAcid","floor":6,"key":"SMITH"},{"data":"Slimebound:CorrosiveSpit","floor":6,"key":"PURGE"},{"data":"Slimebound:Split","floor":8,"key":"SMITH"},{"data":"Slimebound:Dissolve","floor":15,"key":"PURGE"},{"data":"Slimebound:MinionMaster","floor":23,"key":"PURGE"}],"neow_cost":"","seed_source_timestamp":115358293745372,"circlet_count":0,"master_deck":["Slimebound:Tackle","Slimebound:Defend_Slimebound","Slimebound:Defend_Slimebound","Slimebound:Defend_Slimebound","Slimebound:Defend_Slimebound","Slimebound:SplitAcid+1","Looting_colorless+1","Slimebound:SplitBruiser+1","Sharpness_colorless+1","hubris:DuctTapeCard","Slimebound:SplitMire","Echo_colorless+1","Slimebound:StudyTheSpire+1","Fortune_colorness+1","Bite","Bite","Bite","Bite","Bite"],"relics":["Slimebound:AbsorbEndCombat","HushsDoor","KeepersGift","EnchantBook_Base","BloodDonationMachine","Quantum Egg","Slimebound:ScrapOozeRelic","Golden Egg","hubris:DuctTape","White Beast Statue","Sundial"],"potions_floor_usage":[8,8,12,16,19,20],"damage_taken":[{"damage":16,"enemies":"Small Slimes","floor":1,"turns":4},{"damage":15,"enemies":"Cultist","floor":2,"turns":4},{"damage":13,"enemies":"Jaw Worm","floor":4,"turns":5},{"damage":26,"enemies":"Blue Slaver","floor":5,"turns":5},{"damage":36,"enemies":"strawberrySpire:EnergyPylons","floor":8,"turns":5},{"damage":21,"enemies":"2 Fungi Beasts","floor":10,"turns":3},{"damage":19,"enemies":"Jaw Worm","floor":1,"turns":4},{"damage":9,"enemies":"Small Slimes","floor":4,"turns":3},{"damage":15,"enemies":"2 Louse","floor":11,"turns":2},{"damage":28,"enemies":"Looter","floor":12,"turns":3},{"damage":27,"enemies":"Blue Slaver","floor":14,"turns":3},{"damage":43,"enemies":"Hexaghost","floor":16,"turns":11},{"damage":35,"enemies":"conspire:FuzzyDice","floor":18,"turns":6},{"damage":34,"enemies":"Shell Parasite","floor":19,"turns":6},{"damage":16,"enemies":"Cultist and Chosen","floor":20,"turns":6},{"damage":35,"enemies":"Cultist and Chosen","floor":22,"turns":5},{"damage":35,"enemies":"Shelled Parasite and Fungi","floor":24,"turns":3}],"seed_played":"4659850649090579948","potions_obtained":[{"floor":4,"key":"Toxic Potion"},{"floor":5,"key":"LifebloodPotion"},{"floor":1,"key":"Strength Potion"},{"floor":14,"key":"Venom Potion"},{"floor":18,"key":"Venom Potion"},{"floor":19,"key":"Milkshake"},{"floor":22,"key":"LifebloodPotion"}],"is_trial":false,"path_per_floor":["M","M","?","M","M","R","?","E","T","M","?","$","M","?","?","M","?","R","?","R","T","T","M","M","?","M","R","B",null,"M","M","MIM","?","M","R","M"],"character_chosen":"SLIMEBOUND","items_purchased":["ForgetMeNow"],"campfire_rested":0,"item_purchase_floors":[12],"current_hp_per_floor":[66,63,48,50,39,39,62,38,38,35,21,63,63,63,63,63,63,63,63,63,63,60,44,44,32,32,19,70,67,58,54,49,27,27,0],"gold":380,"neow_bonus":"","is_prod":false,"is_daily":false,"chose_seed":false,"campfire_upgraded":2,"win_rate":0,"timestamp":1552629616,"path_taken":["M","M","?","M","M","R","?","E","T","?","?","$","M","?","?","?","?","R","?","R","T","?","M","M","?","M","R","BOSS","M","M","?","?","?","R","M"],"build_version":"2019-01-23","purchased_purges":0,"victory":false,"max_hp_per_floor":[70,70,70,70,70,70,70,70,70,70,70,70,70,70,70,70,70,70,70,70,70,70,70,70,70,70,70,70,70,70,70,49,49,49,49],"card_choices":[{"not_picked":[],"picked":"ChaosCard","floor":0},{"not_picked":["Slimebound:SlimeTap","Slimebound:GoopTackle"],"picked":"Slimebound:SplitAcid","floor":1},{"not_picked":["Slimebound:PressTheAttack","Slimebound:LeechEnergy"],"picked":"Slimebound:SplitLeeching","floor":2},{"not_picked":["Slimebound:FinishingTackle","Slimebound:ComboTackle","Slimebound:PoisonLick"],"picked":"SKIP","floor":4},{"not_picked":["Power_colorless+1","Flame_colorless+1"],"picked":"Looting_colorless+1","floor":5},{"not_picked":["Slimebound:Equalize","Slimebound:SplitMire"],"picked":"Slimebound:SplitBruiser","floor":5},{"not_picked":["Slimebound:MassFeed","Slimebound:ItLooksTasty","Slimebound:FlameTackle"],"picked":"SKIP","floor":8},{"not_picked":["Fortune_colorness+1","Flame_colorless+1"],"picked":"Sharpness_colorless+1","floor":10},{"not_picked":["Slimebound:LeechingTouch","Slimebound:DouseInSlime","Slimebound:ViciousTackle"],"picked":"SKIP","floor":10},{"not_picked":["Slimebound:ServeAndProtect","Slimebound:Gluttony","Slimebound:SoulSicken"],"picked":"SKIP","floor":1},{"not_picked":["Slimebound:ViciousTackle","Slimebound:TongueLash","Slimebound:SplitAcid"],"picked":"SKIP","floor":4},{"not_picked":["Slimebound:Gluttony","Slimebound:HauntingLick","Slimebound:LevelUp"],"picked":"SKIP","floor":11},{"not_picked":["Slimebound:AcidGelatin","Slimebound:SplitAcid"],"picked":"Slimebound:SplitMire","floor":12},{"not_picked":["FireProtection_colorless+1","Flame_colorless+1"],"picked":"Echo_colorless+1","floor":14},{"not_picked":["Slimebound:LeechEnergy","Slimebound:FormOfPuddle"],"picked":"Slimebound:Dissolve","floor":14},{"not_picked":["Slimebound:MassRepurpose","Slimebound:Teamwork"],"picked":"Slimebound:StudyTheSpire","floor":16},{"not_picked":["Slimebound:LevelUp","Slimebound:LivingWall","Slimebound:Repurpose"],"picked":"SKIP","floor":18},{"not_picked":["FireProtection_colorless+1","Flame_colorless+1"],"picked":"Fortune_colorness+1","floor":19},{"not_picked":["Slimebound:Dissolve","Slimebound:ItLooksTasty+1"],"picked":"Slimebound:MinionMaster","floor":19},{"not_picked":["Slimebound:ViciousTackle","Slimebound:SlimeBrawl","Slimebound:VenomTackle"],"picked":"SKIP","floor":22}],"player_experience":780758,"relics_obtained":[{"floor":8,"key":"BloodDonationMachine"},{"floor":9,"key":"Quantum Egg"},{"floor":9,"key":"Golden Egg"},{"floor":10,"key":"hubris:DuctTape"},{"floor":20,"key":"Sundial"}],"event_choices":[{"damage_healed":23,"gold_gain":0,"player_choice":"Banana","damage_taken":0,"max_hp_gain":0,"max_hp_loss":0,"event_name":"Big Fish","floor":7,"gold_loss":0},{"damage_healed":0,"gold_gain":0,"player_choice":"Entered Light","damage_taken":14,"max_hp_gain":0,"max_hp_loss":0,"event_name":"Shining Light","floor":11,"gold_loss":0,"cards_upgraded":["Slimebound:Strike_Slimebound","Slimebound:SplitLeeching"]},{"damage_healed":0,"gold_gain":0,"player_choice":"Grow","damage_taken":0,"max_hp_gain":0,"max_hp_loss":0,"event_name":"Living Wall","floor":2,"gold_loss":0,"cards_upgraded":["Slimebound:SplitBruiser"]},{"damage_healed":0,"gold_gain":0,"player_choice":"Searched \u00270\u0027 times","damage_taken":0,"max_hp_gain":0,"max_hp_loss":0,"event_name":"Dead Adventurer","floor":7,"gold_loss":0},{"damage_healed":0,"gold_gain":0,"player_choice":"Became a vampire","damage_taken":0,"max_hp_gain":0,"max_hp_loss":21,"event_name":"Vampires","floor":21,"gold_loss":0,"cards_obtained":["Bite","Bite","Bite","Bite","Bite"]}],"is_beta":false,"boss_relics":[{"not_picked":["conspire:RunicOctahedron","Replay:Drink Me"],"picked":"White Beast Statue"},{"not_picked":[]}],"items_purged_floors":[],"is_endless":false,"potions_floor_spawned":[4,5,1,14,18,19,22],"killed_by":"Shelled Parasite and Fungi","ascension_level":0}