{"gold_per_floor":[112,129,144,160,176,209,284,284,284,295,260,260,291,303,303,303],"floor_reached":16,"playtime":602,"items_purged":[],"score":154,"play_id":"7507fd66-6cdf-47fa-9f35-ccaa0ee085fa","local_time":"20181008095617","is_ascension_mode":true,"campfire_choices":[{"data":"Bash","floor":8,"key":"SMITH"},{"data":"Armaments","floor":12,"key":"SMITH"},{"data":"Havoc","floor":15,"key":"SMITH"}],"neow_cost":"TEN_PERCENT_HP_LOSS","seed_source_timestamp":247620821552964,"circlet_count":0,"master_deck":["Strike_R","Strike_R","Strike_R","Strike_R","Strike_R","Defend_R","Defend_R","Defend_R","Defend_R","Bash+1","Reaper","Cleave","Shrug It Off","Power Through","Shrug It Off","Havoc+1","Armaments+1","Pommel Strike"],"relics":["Burning Blood","PreservedInsect","Pen Nib","Omamori"],"potions_floor_usage":[13,16],"damage_taken":[{"damage":8,"enemies":"2 Louse","floor":1,"turns":3},{"damage":8,"enemies":"Jaw Worm","floor":2,"turns":4},{"damage":10,"enemies":"Small Slimes","floor":3,"turns":4},{"damage":3,"enemies":"3 Louse","floor":4,"turns":4},{"damage":13,"enemies":"Looter","floor":5,"turns":4},{"damage":47,"enemies":"3 Sentries","floor":6,"turns":12},{"damage":15,"enemies":"2 Fungi Beasts","floor":10,"turns":3},{"damage":19,"enemies":"Gremlin Nob","floor":13,"turns":4},{"damage":3,"enemies":"Blue Slaver","floor":14,"turns":4},{"damage":47,"enemies":"Slime Boss","floor":16,"turns":10}],"seed_played":"2304887582159347559","potions_obtained":[{"floor":3,"key":"LiquidBronze"},{"floor":4,"key":"Swift Potion"},{"floor":10,"key":"Block Potion"}],"is_trial":false,"path_per_floor":["M","M","M","M","M","E","?","R","T","M","?","R","E","M","R"],"character_chosen":"IRONCLAD","items_purchased":[],"campfire_rested":0,"item_purchase_floors":[],"current_hp_per_floor":[72,70,67,72,65,32,21,21,21,19,37,37,30,36,36,0],"gold":303,"neow_bonus":"THREE_RARE_CARDS","is_prod":false,"is_daily":false,"chose_seed":false,"campfire_upgraded":3,"win_rate":0,"timestamp":1538985377,"path_taken":["M","M","M","M","M","E","?","R","T","M","?","R","E","M","R","BOSS"],"build_version":"2018-10-04","purchased_purges":0,"victory":false,"max_hp_per_floor":[72,72,72,72,72,72,72,72,72,72,72,72,72,72,72,72],"card_choices":[{"not_picked":["Juggernaut","Berserk"],"picked":"Reaper","floor":0},{"not_picked":["Perfected Strike","Intimidate"],"picked":"Cleave","floor":1},{"not_picked":["Perfected Strike","Entrench"],"picked":"Shrug It Off","floor":2},{"not_picked":["Body Slam","Twin Strike"],"picked":"Power Through","floor":3},{"not_picked":["Clash","Warcry","Cleave"],"picked":"SKIP","floor":4},{"not_picked":["True Grit","Double Tap"],"picked":"Shrug It Off","floor":5},{"not_picked":["Perfected Strike","Heavy Blade"],"picked":"Havoc","floor":6},{"not_picked":["Twin Strike","Power Through"],"picked":"Armaments","floor":10},{"not_picked":["Havoc","Anger"],"picked":"Pommel Strike","floor":13},{"not_picked":["Pommel Strike","Armaments","Clash"],"picked":"SKIP","floor":14}],"player_experience":180955,"relics_obtained":[{"floor":6,"key":"PreservedInsect"},{"floor":9,"key":"Pen Nib"},{"floor":13,"key":"Omamori"}],"event_choices":[{"event_name":"World of Goop","player_choice":"Gather Gold","floor":7,"damage_taken":0},{"event_name":"The Cleric","player_choice":"Healed","floor":11,"damage_taken":0}],"is_beta":true,"boss_relics":[],"items_purged_floors":[],"is_endless":false,"potions_floor_spawned":[3,4,10],"killed_by":"Slime Boss","ascension_level":7}