{"gold_per_floor":[216,216,231,7,7,7,20,70,70,88,138,138,38,50,50,150,150,170,45,57,57,107,107,182,182,182,82,144,144,144,194,194,297,297,317,367,417,482,532,532,582,582,582,600,425,425],"floor_reached":46,"playtime":2670,"items_purged":["Strike_B","Strike_B","Strike_B","Barrage+1","Defend_B"],"score":693,"play_id":"9e31eb2c-3d3d-45ab-8797-aa5eb9433315","local_time":"20180919062923","is_ascension_mode":true,"campfire_choices":[{"floor":6,"key":"REST"},{"data":"Dualcast","floor":12,"key":"SMITH"},{"data":"Zap","floor":15,"key":"SMITH"},{"data":"Echo Form","floor":23,"key":"SMITH"},{"floor":25,"key":"REST"},{"floor":29,"key":"REST"},{"data":"Sunder","floor":30,"key":"SMITH"},{"data":"J.A.X.","floor":32,"key":"SMITH"},{"floor":40,"key":"REST"},{"floor":42,"key":"REST"}],"neow_cost":"NONE","seed_source_timestamp":321001268553326,"circlet_count":0,"master_deck":["Defend_B","Defend_B","Zap+1","Dualcast+1","AscendersBane","Sunder+1","Consume","Leap","Sunder+1","Echo Form+1","Glacier+1","White Noise","Conserve Battery","J.A.X.+1","Electrodynamics","Redo+1","Turbo+1","BootSequence"],"relics":["Cracked Core","Potion Belt","Orichalcum","SsserpentHead","WingedGreaves","Sozu","Whetstone","Pear","Nuclear Battery","Mango","Bird Faced Urn"],"potions_floor_usage":[16,16,28],"damage_taken":[{"damage":8,"enemies":"Jaw Worm","floor":1,"turns":4},{"damage":0,"enemies":"Small Slimes","floor":3,"turns":3},{"damage":0,"enemies":"2 Louse","floor":7,"turns":2},{"damage":4,"enemies":"Large Slime","floor":10,"turns":5},{"damage":0,"enemies":"Red Slaver","floor":14,"turns":2},{"damage":46,"enemies":"Hexaghost","floor":16,"turns":9},{"damage":13,"enemies":"Shell Parasite","floor":18,"turns":4},{"damage":3,"enemies":"Chosen","floor":20,"turns":3},{"damage":18,"enemies":"Centurion and Healer","floor":28,"turns":5},{"damage":72,"enemies":"Automaton","floor":33,"turns":12},{"damage":8,"enemies":"3 Darklings","floor":35,"turns":3},{"damage":6,"enemies":"3 Shapes","floor":38,"turns":3},{"damage":12,"enemies":"Mind Bloom Boss Battle","floor":41,"turns":7},{"damage":66,"enemies":"Spire Growth","floor":44,"turns":5},{"damage":52,"enemies":"2 Orb Walkers","floor":46,"turns":2}],"seed_played":"-8198852766590861574","potions_obtained":[{"floor":1,"key":"FearPotion"},{"floor":14,"key":"Energy Potion"},{"floor":16,"key":"Ancient Potion"}],"is_trial":false,"path_per_floor":["M","?","M","$","?","R","M","?","T","M","?","R","$","M","R","B",null,"M","$","M","$","?","R","T","R","T","$","M","R","R","?","R","B",null,"M","?","?","M","?","R","?","R","T","M","$"],"character_chosen":"DEFECT","items_purchased":["Orichalcum"],"campfire_rested":5,"item_purchase_floors":[4],"current_hp_per_floor":[60,27,27,27,27,49,49,49,49,45,70,70,70,70,70,24,62,49,49,46,46,46,46,46,68,78,78,60,85,85,85,85,13,67,59,59,59,53,53,78,80,99,99,37,37,0],"gold":425,"neow_bonus":"HUNDRED_GOLD","is_prod":false,"is_daily":false,"chose_seed":false,"campfire_upgraded":5,"win_rate":0,"timestamp":1537331363,"path_taken":["M","?","M","$","?","R","M","?","T","M","?","R","$","M","R","BOSS","M","$","M","$","?","R","?","R","T","?","?","R","R","?","R","BOSS","M","?","?","?","?","R","?","R","T","M","$","E"],"build_version":"2018-09-06","purchased_purges":5,"victory":false,"max_hp_per_floor":[75,75,75,75,75,75,75,75,75,75,75,75,75,75,75,75,75,75,75,75,75,75,75,75,75,85,85,85,85,85,85,85,85,85,85,85,85,85,85,85,99,99,99,99,99,99],"card_choices":[{"not_picked":["Steam","Ball Lightning"],"picked":"Sunder","floor":1},{"not_picked":["Reprogram","Hologram"],"picked":"Consume","floor":3},{"not_picked":["Beam Cell","Steam"],"picked":"Leap","floor":7},{"not_picked":["Scrape","Redo","Force Field"],"picked":"SKIP","floor":10},{"not_picked":["Leap","Heatsinks"],"picked":"Sunder","floor":14},{"not_picked":["Multi-Cast","Machine Learning"],"picked":"Echo Form","floor":16},{"not_picked":["Steam","Hologram"],"picked":"Glacier+1","floor":18},{"not_picked":["Heatsinks","Cold Snap"],"picked":"White Noise","floor":20},{"not_picked":["Aggregate","Rip and Tear"],"picked":"Conserve Battery","floor":28},{"not_picked":["All For One","Machine Learning"],"picked":"Electrodynamics","floor":33},{"not_picked":["Streamline","Stack"],"picked":"Redo+1","floor":35},{"not_picked":["Streamline","Compile Driver","Sweeping Beam"],"picked":"SKIP","floor":38},{"not_picked":["Streamline","Barrage+1"],"picked":"Turbo+1","floor":41},{"not_picked":["Blizzard","Steam Power"],"picked":"BootSequence","floor":44}],"player_experience":393964,"relics_obtained":[{"floor":9,"key":"WingedGreaves"},{"floor":24,"key":"Whetstone"},{"floor":26,"key":"Pear"},{"floor":41,"key":"Mango"},{"floor":43,"key":"Bird Faced Urn"}],"event_choices":[{"event_name":"Scrap Ooze","player_choice":"success","floor":2,"damage_taken":33},{"event_name":"FaceTrader","player_choice":"Trade","floor":5,"damage_taken":0},{"event_name":"Transmorgrifier","player_choice":"Transform","floor":8,"damage_taken":0},{"event_name":"Big Fish","player_choice":"Banana","floor":11,"damage_taken":0},{"event_name":"The Woman in Blue","player_choice":"Bought 0 Potions","floor":22,"damage_taken":0},{"event_name":"Drug Dealer","player_choice":"Got JAX","floor":31,"damage_taken":0},{"event_name":"Bonfire Elementals","player_choice":"BASIC","floor":36,"damage_taken":0},{"event_name":"Tomb of Lord Red Mask","player_choice":"Ignored","floor":37,"damage_taken":0},{"event_name":"Mysterious Sphere","player_choice":"Ignore","floor":39,"damage_taken":0},{"event_name":"MindBloom","player_choice":"Fight","floor":41,"damage_taken":0}],"is_beta":false,"boss_relics":[{"not_picked":["FrozenCore","Pandora\u0027s Box"],"picked":"Sozu"},{"not_picked":["Runic Dome","White Beast Statue"],"picked":"Nuclear Battery"}],"items_purged_floors":[4,13,19,27,45],"is_endless":false,"potions_floor_spawned":[1,14,16,18,20,35,41,44],"killed_by":"2 Orb Walkers","ascension_level":12}