{"gold_per_floor":[117,117,134,58,23,49,49,60,60,88,9,9,66,66,66,166,166,186,186,186,186,68,101,16,30,30,30,44,57,57,77,77,178,178,196,206,56,75,75,101,101,101,101,118,118,136,136,136,136,136],"floor_reached":50,"playtime":4158,"items_purged":[],"score":546,"play_id":"e7c9f8b6-6d29-48d4-b937-a9da502b8a6a","local_time":"20190325211146","is_ascension_mode":false,"campfire_choices":[{"floor":7,"key":"REST"},{"data":"Dagger Spray","floor":12,"key":"SMITH"},{"floor":15,"key":"REST"},{"data":"Envenom","floor":27,"key":"SMITH"},{"floor":32,"key":"REST"},{"data":"Envenom","floor":41,"key":"SMITH"},{"data":"Dagger Spray","floor":42,"key":"SMITH"},{"data":"Terror","floor":45,"key":"SMITH"},{"floor":49,"key":"REST"}],"neow_cost":"NONE","seed_source_timestamp":33262192808000,"circlet_count":0,"master_deck":["Defend_G+1","Defend_G+1","Defend_G+1","Defend_G+1","Strike_G+1","Strike_G+1","Strike_G+1","Survivor","Neutralize+1","Blade Dance+1","Dagger Spray+1","Backflip","Poisoned Stab","PiercingWail","Envenom+1","Flying Knee","Footwork","Die Die Die","Dagger Spray+1","Envenom+1","Tactician+1","Dagger Throw+1","Unload+1","Dodge and Roll+1","RitualDagger","Crippling Poison","Backstab","Deflect+1","Bane+1","Flying Knee+1","Malaise","Blade Dance+1","RitualDagger","Reflex+1","Normality","Terror+1"],"relics":["Ring of the Snake","Torii","Incense Burner","Smiling Mask","Nunchaku","Astrolabe","Ornamental Fan","Blood Vial","Meat on the Bone","Calipers","NlothsMask","Cursed Key","Happy Flower","WingedGreaves"],"potions_floor_usage":[33,33,40,50,50],"damage_taken":[{"damage":2,"enemies":"2 Louse","floor":1,"turns":2},{"damage":1,"enemies":"Jaw Worm","floor":3,"turns":3},{"damage":46,"enemies":"Gremlin Nob","floor":6,"turns":5},{"damage":0,"enemies":"Small Slimes","floor":8,"turns":3},{"damage":14,"enemies":"Lagavulin","floor":10,"turns":7},{"damage":8,"enemies":"Gremlin Nob","floor":13,"turns":4},{"damage":10,"enemies":"Slime Boss","floor":16,"turns":8},{"damage":18,"enemies":"Spheric Guardian","floor":18,"turns":4},{"damage":5,"enemies":"Book of Stabbing","floor":23,"turns":8},{"damage":0,"enemies":"3 Byrds","floor":25,"turns":2},{"damage":0,"enemies":"Centurion and Healer","floor":28,"turns":7},{"damage":11,"enemies":"Shelled Parasite and Fungi","floor":29,"turns":6},{"damage":11,"enemies":"Snake Plant","floor":31,"turns":4},{"damage":10,"enemies":"Collector","floor":33,"turns":11},{"damage":0,"enemies":"3 Shapes","floor":35,"turns":2},{"damage":0,"enemies":"Orb Walker","floor":36,"turns":4},{"damage":15,"enemies":"3 Darklings","floor":38,"turns":4},{"damage":12,"enemies":"Giant Head","floor":40,"turns":8},{"damage":0,"enemies":"Maw","floor":44,"turns":8},{"damage":3,"enemies":"Sphere and 2 Shapes","floor":46,"turns":4},{"damage":84,"enemies":"Donu and Deca","floor":50,"turns":9}],"seed_played":"-5737053295067197595","potions_obtained":[{"floor":8,"key":"FearPotion"},{"floor":16,"key":"Strength Potion"},{"floor":18,"key":"Strength Potion"},{"floor":25,"key":"Block Potion"},{"floor":33,"key":"AttackPotion"},{"floor":38,"key":"GhostInAJar"},{"floor":44,"key":"Swift Potion"}],"is_trial":false,"path_per_floor":["M","?","M","$","?","E","R","M","T","E","$","R","?","?","R","B",null,"M","?","?","?","$","E","?","M","T","R","M","M","?","M","R","B",null,"M","M","$","M","?","E","R","R","T","M","R","M","?","?","R","B"],"character_chosen":"THE_SILENT","items_purchased":["Poisoned Stab","PiercingWail","Die Die Die","Crippling Poison","Backstab","Happy Flower"],"campfire_rested":4,"item_purchase_floors":[4,4,11,22,22,37],"current_hp_per_floor":[68,54,53,53,70,24,45,45,45,31,31,31,23,23,44,34,70,52,52,52,46,46,41,41,43,43,43,45,36,36,39,60,52,70,70,70,70,55,55,45,45,45,45,47,47,46,46,46,65,0],"gold":136,"neow_bonus":"THREE_CARDS","is_prod":false,"is_daily":false,"chose_seed":false,"campfire_upgraded":5,"win_rate":0.0,"timestamp":1553562706,"path_taken":["M","?","M","$","?","E","R","M","T","E","$","R","?","?","R","BOSS","M","?","?","?","?","E","?","M","T","R","M","M","?","M","R","BOSS","M","M","$","?","?","E","R","R","T","M","R","?","?","?","R","BOSS"],"build_version":"2019-01-23","purchased_purges":0,"victory":false,"max_hp_per_floor":[70,70,70,70,70,70,70,70,70,70,70,70,70,70,70,70,70,70,70,70,70,70,70,70,70,70,70,70,70,70,70,70,70,70,70,70,70,70,70,70,70,70,70,70,70,70,66,66,66,66],"card_choices":[{"not_picked":["Slice","Dagger Spray"],"picked":"Blade Dance","floor":0},{"not_picked":["Quick Slash","Slice"],"picked":"Dagger Spray","floor":1},{"not_picked":["Acrobatics","Riddle With Holes"],"picked":"Backflip","floor":3},{"not_picked":["All Out Attack","Bane"],"picked":"Envenom","floor":6},{"not_picked":["Choke","Distraction"],"picked":"Flying Knee","floor":8},{"not_picked":["Acrobatics","Finisher"],"picked":"Footwork","floor":10},{"not_picked":["Flying Knee","Prepared"],"picked":"Dagger Spray","floor":13},{"not_picked":["Doppelganger","Malaise"],"picked":"Envenom","floor":16},{"not_picked":["Bouncing Flask","Flying Knee"],"picked":"Dodge and Roll+1","floor":18},{"not_picked":["Blade Dance+1","Acrobatics+1"],"picked":"Deflect+1","floor":23},{"not_picked":["Flechettes","Quick Slash+1","Poisoned Stab"],"picked":"SKIP","floor":25},{"not_picked":["Dodge and Roll","Acrobatics"],"picked":"Bane+1","floor":28},{"not_picked":["Dodge and Roll","Footwork","Acrobatics"],"picked":"SKIP","floor":29},{"not_picked":["Prepared","Predator"],"picked":"Flying Knee+1","floor":31},{"not_picked":["Burst","Glass Knife"],"picked":"Malaise","floor":33},{"not_picked":["Underhanded Strike","Backflip+1"],"picked":"Blade Dance+1","floor":35},{"not_picked":["Tactician+1","Expertise","Dagger Spray"],"picked":"SKIP","floor":36},{"not_picked":["Outmaneuver","PiercingWail","Caltrops"],"picked":"SKIP","floor":38},{"not_picked":["Venomology","Tactician+1"],"picked":"Reflex+1","floor":40},{"not_picked":["Dodge and Roll","Leg Sweep"],"picked":"Terror","floor":44},{"not_picked":["Acrobatics","Reflex+1","Distraction"],"picked":"SKIP","floor":46}],"player_experience":26015,"relics_obtained":[{"floor":6,"key":"Torii"},{"floor":9,"key":"Incense Burner"},{"floor":10,"key":"Smiling Mask"},{"floor":13,"key":"Nunchaku"},{"floor":23,"key":"Blood Vial"},{"floor":26,"key":"Calipers"},{"floor":40,"key":"WingedGreaves"}],"event_choices":[{"damage_healed":0,"gold_gain":0,"player_choice":"Entered Light","damage_taken":14,"max_hp_gain":0,"max_hp_loss":0,"event_name":"Shining Light","floor":2,"gold_loss":0,"cards_upgraded":["Blade Dance","Neutralize"]},{"damage_healed":17,"gold_gain":0,"player_choice":"Healed","damage_taken":0,"max_hp_gain":0,"max_hp_loss":0,"event_name":"The Cleric","floor":5,"gold_loss":35},{"damage_healed":0,"gold_gain":0,"player_choice":"Searched \u00272\u0027 times","damage_taken":0,"max_hp_gain":0,"max_hp_loss":0,"event_name":"Dead Adventurer","floor":13,"gold_loss":0},{"damage_healed":0,"gold_gain":0,"player_choice":"Ignored","damage_taken":0,"max_hp_gain":0,"max_hp_loss":0,"event_name":"Liars Game","floor":14,"gold_loss":0},{"damage_healed":0,"gold_gain":0,"player_choice":"Opened","damage_taken":0,"relics_obtained":["Ornamental Fan"],"max_hp_gain":0,"max_hp_loss":0,"event_name":"The Mausoleum","floor":19,"gold_loss":0},{"damage_healed":0,"gold_gain":0,"player_choice":"Simplicity","damage_taken":0,"max_hp_gain":0,"max_hp_loss":0,"event_name":"Back to Basics","floor":20,"gold_loss":0,"cards_upgraded":["Defend_G","Defend_G","Defend_G","Defend_G","Strike_G","Strike_G","Strike_G"]},{"damage_healed":0,"gold_gain":0,"player_choice":"Joined the Cult","damage_taken":6,"max_hp_gain":0,"max_hp_loss":0,"event_name":"Nest","floor":21,"gold_loss":0,"cards_obtained":["RitualDagger"]},{"damage_healed":0,"gold_gain":0,"player_choice":"Obtained Relic","damage_taken":0,"relics_obtained":["Meat on the Bone"],"max_hp_gain":0,"max_hp_loss":0,"event_name":"Addict","floor":24,"gold_loss":85},{"damage_healed":0,"gold_gain":0,"player_choice":"Trade","damage_taken":0,"relics_obtained":["NlothsMask"],"max_hp_gain":0,"max_hp_loss":0,"event_name":"FaceTrader","floor":30,"gold_loss":0},{"damage_healed":0,"gold_gain":0,"player_choice":"Copied","damage_taken":0,"max_hp_gain":0,"max_hp_loss":0,"event_name":"Duplicator","floor":39,"gold_loss":0,"cards_obtained":["RitualDagger"]},{"damage_healed":0,"gold_gain":0,"player_choice":"Max HP","damage_taken":0,"max_hp_gain":0,"max_hp_loss":4,"event_name":"Winding Halls","floor":47,"gold_loss":0},{"damage_healed":0,"gold_gain":0,"player_choice":"Ignored","damage_taken":0,"max_hp_gain":0,"max_hp_loss":0,"event_name":"Mysterious Sphere","floor":48,"gold_loss":0}],"is_beta":false,"boss_relics":[{"not_picked":["Busted Crown","Snecko Eye"],"picked":"Astrolabe"},{"not_picked":["Coffee Dripper","White Beast Statue"],"picked":"Cursed Key"}],"items_purged_floors":[],"is_endless":false,"potions_floor_spawned":[8,16,18,25,33,38,44,46],"killed_by":"Donu and Deca","ascension_level":0}