{"gold_per_floor":[109,55,75,86,100,127,77,77,77,77,88,104,104,124,124,227,227,247,16,16,35,48,48,48],"floor_reached":24,"playtime":888,"items_purged":["Strike_R"],"score":270,"play_id":"8bebca87-0d0b-40a7-aff9-914fca67491b","local_time":"20181009164844","is_ascension_mode":true,"campfire_choices":[{"data":"Demon Form","floor":8,"key":"SMITH"},{"data":"Bash","floor":10,"key":"SMITH"},{"data":"True Grit","floor":13,"key":"SMITH"},{"data":"Uppercut","floor":15,"key":"SMITH"},{"floor":23,"key":"REST"}],"neow_cost":"TEN_PERCENT_HP_LOSS","seed_source_timestamp":13436991828842,"circlet_count":0,"master_deck":["Defend_R","Defend_R","Defend_R","Defend_R","Bash+1","Demon Form+1","Disarm","Cleave","True Grit+1","Flame Barrier","Metallicize","Twin Strike","Uppercut+1","Fiend Fire","Power Through+1","Intimidate+1","Demon Form+1","Pummel","Flame Barrier","Metallicize"],"relics":["Burning Blood","Singing Bowl","Pantograph","Astrolabe"],"potions_floor_usage":[24,24],"damage_taken":[{"damage":10,"enemies":"2 Louse","floor":1,"turns":3},{"damage":7,"enemies":"Small Slimes","floor":3,"turns":4},{"damage":17,"enemies":"Jaw Worm","floor":4,"turns":5},{"damage":4,"enemies":"2 Fungi Beasts","floor":5,"turns":4},{"damage":32,"enemies":"Gremlin Nob","floor":6,"turns":4},{"damage":16,"enemies":"Gremlin Gang","floor":11,"turns":5},{"damage":4,"enemies":"Exordium Wildlife","floor":12,"turns":4},{"damage":1,"enemies":"2 Fungi Beasts","floor":14,"turns":4},{"damage":25,"enemies":"Slime Boss","floor":16,"turns":9},{"damage":16,"enemies":"Shell Parasite","floor":18,"turns":5},{"damage":8,"enemies":"Chosen","floor":21,"turns":5},{"damage":29,"enemies":"Centurion and Healer","floor":22,"turns":7},{"damage":51,"enemies":"Slavers","floor":24,"turns":6}],"seed_played":"-5708456356867147356","potions_obtained":[{"floor":1,"key":"Swift Potion"},{"floor":5,"key":"LiquidBronze"},{"floor":11,"key":"LiquidBronze"},{"floor":12,"key":"Dexterity Potion"}],"is_trial":false,"path_per_floor":["M","$","M","M","M","E","?","R","T","R","M","M","R","M","R","B",null,"M","$","?","M","M","R"],"character_chosen":"IRONCLAD","items_purchased":["Cleave","Flame Barrier","Metallicize"],"campfire_rested":1,"item_purchase_floors":[2,19,19],"current_hp_per_floor":[68,68,67,56,58,32,32,32,32,32,24,26,26,31,31,37,65,55,55,41,41,20,44,0],"gold":48,"neow_bonus":"THREE_RARE_CARDS","is_prod":false,"is_daily":false,"chose_seed":false,"campfire_upgraded":4,"win_rate":0,"timestamp":1539096524,"path_taken":["M","$","M","M","M","E","?","R","T","R","M","M","R","M","R","BOSS","M","$","?","M","M","R","E"],"build_version":"2018-10-08","purchased_purges":1,"victory":false,"max_hp_per_floor":[72,72,72,72,72,72,72,72,72,72,74,74,74,74,74,74,74,74,74,79,81,83,83,83],"card_choices":[{"not_picked":["Reaper","Exhume"],"picked":"Demon Form","floor":0},{"not_picked":["Heavy Blade","Hemokinesis"],"picked":"Disarm","floor":1},{"not_picked":["Power Through","Cleave","Armaments"],"picked":"SKIP","floor":3},{"not_picked":["Wild Strike","Headbutt"],"picked":"True Grit","floor":4},{"not_picked":["Perfected Strike","Reckless Charge"],"picked":"Flame Barrier","floor":5},{"not_picked":["Power Through","Shrug It Off"],"picked":"Metallicize","floor":6},{"not_picked":["Ghostly Armor","Flex","Reckless Charge"],"picked":"Singing Bowl","floor":11},{"not_picked":["Demon Form","Dropkick"],"picked":"Twin Strike","floor":12},{"not_picked":["Havoc","Pommel Strike"],"picked":"Uppercut","floor":14},{"not_picked":["Bludgeon","Dark Embrace"],"picked":"Fiend Fire","floor":16},{"not_picked":["Fire Breathing","Sword Boomerang"],"picked":"Pummel","floor":18},{"not_picked":["Havoc","Armaments","Wild Strike+1"],"picked":"Singing Bowl","floor":21},{"not_picked":["Armaments","Heavy Blade","Havoc+1"],"picked":"Singing Bowl","floor":22}],"player_experience":196792,"relics_obtained":[{"floor":6,"key":"Singing Bowl"},{"floor":9,"key":"Pantograph"}],"event_choices":[{"event_name":"The Cleric","player_choice":"Card Removal","floor":7,"damage_taken":0},{"event_name":"Forgotten Altar","player_choice":"Shed Blood","floor":20,"damage_taken":0}],"is_beta":true,"boss_relics":[{"not_picked":["Runic Dome","White Beast Statue"],"picked":"Astrolabe"}],"items_purged_floors":[19],"is_endless":false,"potions_floor_spawned":[1,5,11,12],"killed_by":"Slavers","ascension_level":7}