{"gold_per_floor":[114,125,135,154,165,165,182,147,171,184,184,109,109,72,72,144,144,162,162,162,174,5,5,5,5,57,67,82,82,101,101,101,101],"floor_reached":33,"playtime":1358,"items_purged":["Strike_B","Strike_B"],"score":419,"play_id":"b6a01e2e-5f4b-4790-bb86-3e673f1a2c42","local_time":"20180922024832","is_ascension_mode":true,"campfire_choices":[{"floor":6,"key":"REST"},{"data":"Gash","floor":11,"key":"SMITH"},{"data":"Gash","floor":13,"key":"SMITH"},{"data":"Gash","floor":15,"key":"SMITH"},{"floor":23,"key":"REST"},{"floor":29,"key":"REST"},{"floor":32,"key":"REST"}],"neow_cost":"NONE","seed_source_timestamp":568266782254059,"circlet_count":0,"master_deck":["Strike_B","Strike_B","Defend_B","Defend_B","Defend_B","Defend_B","Zap+1","Dualcast","AscendersBane","Gash+1","Leap","Gash+1","Leap","Gash+1","Hyperbeam","Melter","Reinforced Body","Ghostly+1","Ghostly","Ghostly","Ghostly","Ghostly","Compile Driver"],"relics":["Cracked Core","Boot","Lizard Tail","Happy Flower","Strawberry"],"potions_floor_usage":[4,4,16,20,20,28],"damage_taken":[{"damage":0,"enemies":"Cultist","floor":1,"turns":3},{"damage":13,"enemies":"Small Slimes","floor":2,"turns":3},{"damage":2,"enemies":"Jaw Worm","floor":3,"turns":3},{"damage":16,"enemies":"Exordium Thugs","floor":4,"turns":4},{"damage":3,"enemies":"Looter","floor":5,"turns":3},{"damage":8,"enemies":"Blue Slaver","floor":7,"turns":3},{"damage":13,"enemies":"Exordium Wildlife","floor":10,"turns":4},{"damage":44,"enemies":"Slime Boss","floor":16,"turns":9},{"damage":9,"enemies":"3 Byrds","floor":18,"turns":3},{"damage":19,"enemies":"Colosseum Slavers","floor":20,"turns":4},{"damage":25,"enemies":"Shell Parasite","floor":21,"turns":7},{"damage":11,"enemies":"Shelled Parasite and Fungi","floor":27,"turns":9},{"damage":21,"enemies":"Centurion and Healer","floor":28,"turns":10},{"damage":3,"enemies":"Snake Plant","floor":30,"turns":6},{"damage":79,"enemies":"Champ","floor":33,"turns":10}],"seed_played":"-5639041479126236758","potions_obtained":[{"floor":1,"key":"Poison Potion"},{"floor":3,"key":"SteroidPotion"},{"floor":4,"key":"Ancient Potion"},{"floor":5,"key":"Energy Potion"},{"floor":10,"key":"AttackPotion"},{"floor":18,"key":"Weak Potion"},{"floor":27,"key":"PowerPotion"}],"is_trial":false,"path_per_floor":["M","M","M","M","M","R","M","?","T","M","R","$","R","?","R","B",null,"M","?","?","M","$","R","T","?","T","M","M","R","M","?","R"],"character_chosen":"DEFECT","items_purchased":["Reinforced Body"],"campfire_rested":4,"item_purchase_floors":[22],"current_hp_per_floor":[68,55,53,37,34,56,48,66,66,53,53,53,53,53,53,9,59,50,50,31,6,6,28,28,28,35,24,3,16,13,13,26,0],"gold":101,"neow_bonus":"UPGRADE_CARD","is_prod":false,"is_daily":false,"chose_seed":false,"campfire_upgraded":3,"win_rate":0,"timestamp":1537577312,"path_taken":["M","M","?","?","M","R","M","?","T","?","R","$","R","?","R","BOSS","M","?","?","M","$","R","?","?","T","?","M","R","?","?","R","BOSS"],"build_version":"2018-09-20","purchased_purges":2,"victory":false,"max_hp_per_floor":[75,75,75,75,75,75,75,75,75,75,75,75,75,75,75,75,75,75,75,75,75,75,75,75,37,44,44,44,44,44,44,44,44],"card_choices":[{"not_picked":["Steam","Beam Cell"],"picked":"Gash","floor":1},{"not_picked":["Storm","Barrage"],"picked":"Leap","floor":2},{"not_picked":["Undo","Steam","Sweeping Beam"],"picked":"SKIP","floor":3},{"not_picked":["Darkness","Biased Cognition"],"picked":"Gash","floor":4},{"not_picked":["Compile Driver","Steam"],"picked":"Leap","floor":5},{"not_picked":["Go for the Eyes","Redo","Capacitor"],"picked":"SKIP","floor":7},{"not_picked":["Ball Lightning","Fusion"],"picked":"Gash","floor":10},{"not_picked":["Fission","Reboot"],"picked":"Hyperbeam","floor":16},{"not_picked":["Hologram","Sweeping Beam","Capacitor"],"picked":"SKIP","floor":18},{"not_picked":["Skim","Defragment"],"picked":"Melter","floor":21},{"not_picked":["Cold Snap","Barrage","Redo+1"],"picked":"SKIP","floor":27},{"not_picked":["Coolheaded","Tempest","Heatsinks"],"picked":"SKIP","floor":28},{"not_picked":["Turbo","Blizzard"],"picked":"Compile Driver","floor":30}],"player_experience":508099,"relics_obtained":[{"floor":9,"key":"Boot"},{"floor":24,"key":"Happy Flower"},{"floor":26,"key":"Strawberry"}],"event_choices":[{"event_name":"The Cleric","player_choice":"Healed","floor":8,"damage_taken":0},{"event_name":"World of Goop","player_choice":"Left","floor":14,"damage_taken":0},{"event_name":"Cursed Tome","player_choice":"Ignored","floor":19,"damage_taken":0},{"event_name":"Colosseum","player_choice":"Fight","floor":20,"damage_taken":0},{"event_name":"Colosseum","player_choice":"Fled From Nobs","floor":20,"damage_taken":0},{"event_name":"Ghosts","player_choice":"Became a Ghost","floor":25,"damage_taken":0},{"event_name":"Upgrade Shrine","player_choice":"Upgraded","floor":31,"damage_taken":0}],"is_beta":false,"boss_relics":[{"not_picked":["Ectoplasm","Cursed Key"],"picked":"Lizard Tail"}],"items_purged_floors":[12,22],"is_endless":false,"potions_floor_spawned":[1,3,4,5,10,18,20,27],"killed_by":"Champ","ascension_level":13}