{"gold_per_floor":[149,249,17,17,32,58,58,78,78,39,39,39,52,4,4,106,106,124,214,240,155,155,155,183,194,194,194,214,214,267,302,302,302],"floor_reached":33,"playtime":1052,"items_purged":["Strike_R"],"score":432,"play_id":"9cb348d8-6e3b-4184-bcc6-8cddce208532","local_time":"20181019224048","is_ascension_mode":true,"campfire_choices":[{"data":"Bash","floor":7,"key":"SMITH"},{"data":"True Grit","floor":15,"key":"SMITH"},{"data":"Corruption","floor":23,"key":"SMITH"},{"floor":27,"key":"REST"},{"floor":29,"key":"REST"},{"floor":32,"key":"REST"}],"neow_cost":"NONE","seed_source_timestamp":562809849512462,"circlet_count":0,"master_deck":["Strike_R+1","Strike_R","Strike_R","Strike_R","Defend_R","Defend_R","Defend_R+1","Defend_R","Bash+1","AscendersBane","Wild Strike+1","Shockwave+1","Shrug It Off+1","Sever Soul+1","Anger+1","Corruption+1","Clothesline+1","True Grit+1","Bludgeon+1","Intimidate+1","Shockwave","Shrug It Off","Pummel+1","Battle Trance"],"relics":["Burning Blood","Tiny Chest","Omamori","Molten Egg 2","War Paint","Sozu","Blood Vial","Vajra","Sundial","Lantern","Oddly Smooth Stone","Centennial Puzzle","Bag of Marbles"],"potions_floor_usage":[24],"damage_taken":[{"damage":7,"enemies":"Small Slimes","floor":1,"turns":5},{"damage":1,"enemies":"Cultist","floor":5,"turns":3},{"damage":39,"enemies":"3 Sentries","floor":6,"turns":14},{"damage":0,"enemies":"2 Louse","floor":8,"turns":3},{"damage":6,"enemies":"Looter","floor":13,"turns":2},{"damage":22,"enemies":"The Guardian","floor":16,"turns":10},{"damage":11,"enemies":"Spheric Guardian","floor":18,"turns":3},{"damage":42,"enemies":"Gremlin Leader","floor":24,"turns":6},{"damage":3,"enemies":"Chosen","floor":25,"turns":3},{"damage":1,"enemies":"Snecko","floor":28,"turns":4},{"damage":37,"enemies":"Slavers","floor":31,"turns":6},{"damage":67,"enemies":"Champ","floor":33,"turns":9}],"seed_played":"1101785928625301735","potions_obtained":[{"floor":8,"key":"Dexterity Potion"}],"is_trial":false,"path_per_floor":["M","?","$","?","M","E","R","M","T","$","?","?","M","$","R","B",null,"M","?","T","?","T","R","E","M","T","R","M","R","T","E","R"],"character_chosen":"IRONCLAD","items_purchased":["Omamori","Corruption","True Grit"],"campfire_rested":3,"item_purchase_floors":[3,10,14],"current_hp_per_floor":[71,71,71,71,76,43,43,49,49,49,49,33,33,33,33,17,64,59,43,43,43,43,43,9,14,14,38,45,69,69,40,64,0],"gold":302,"neow_bonus":"RANDOM_COMMON_RELIC","is_prod":false,"is_daily":false,"chose_seed":false,"campfire_upgraded":3,"win_rate":0,"timestamp":1539981648,"path_taken":["M","?","$","?","M","E","R","?","T","$","?","?","?","?","R","BOSS","M","?","?","?","?","R","E","M","T","R","M","R","?","E","R","BOSS"],"build_version":"2018-10-18","purchased_purges":1,"victory":false,"max_hp_per_floor":[80,80,80,80,80,80,80,80,80,80,80,80,80,80,80,80,80,80,80,80,80,80,80,80,80,80,80,80,80,80,80,80,80],"card_choices":[{"not_picked":["Pommel Strike","Spot Weakness"],"picked":"Wild Strike","floor":1},{"not_picked":["Headbutt","Pommel Strike"],"picked":"Shrug It Off","floor":5},{"not_picked":["Pummel","Twin Strike"],"picked":"Sever Soul","floor":6},{"not_picked":["Perfected Strike+1","Bloodletting"],"picked":"Anger+1","floor":8},{"not_picked":["Body Slam+1","Thunderclap+1"],"picked":"Clothesline+1","floor":13},{"not_picked":["Barricade","Offering"],"picked":"Bludgeon+1","floor":16},{"not_picked":["Armaments","Heavy Blade+1"],"picked":"Intimidate+1","floor":18},{"not_picked":["Second Wind","Heavy Blade+1"],"picked":"Shockwave","floor":24},{"not_picked":["Clash+1","Perfected Strike+1"],"picked":"Shrug It Off","floor":25},{"not_picked":["Clothesline+1","Metallicize"],"picked":"Pummel+1","floor":28},{"not_picked":["Flame Barrier","Headbutt+1"],"picked":"Battle Trance","floor":31}],"player_experience":247676,"relics_obtained":[{"floor":6,"key":"Molten Egg 2"},{"floor":9,"key":"War Paint"},{"floor":20,"key":"Blood Vial"},{"floor":22,"key":"Sundial"},{"floor":24,"key":"Lantern"},{"floor":26,"key":"Oddly Smooth Stone"},{"floor":30,"key":"Centennial Puzzle"},{"floor":31,"key":"Bag of Marbles"}],"event_choices":[{"damage_healed":0,"gold_gain":100,"player_choice":"Gold","damage_taken":0,"max_hp_gain":0,"max_hp_loss":0,"event_name":"Wheel of Change","floor":2,"gold_loss":0},{"damage_healed":0,"gold_gain":0,"player_choice":"1 cards matched","damage_taken":0,"max_hp_gain":0,"max_hp_loss":0,"event_name":"Match and Keep!","floor":4,"gold_loss":0,"cards_obtained":["Shockwave"]},{"damage_healed":0,"gold_gain":0,"player_choice":"Grow","damage_taken":0,"max_hp_gain":0,"max_hp_loss":0,"event_name":"Living Wall","floor":11,"gold_loss":0,"cards_upgraded":["Wild Strike"]},{"damage_healed":0,"gold_gain":0,"player_choice":"Entered Light","damage_taken":16,"max_hp_gain":0,"max_hp_loss":0,"event_name":"Shining Light","floor":12,"gold_loss":0,"cards_upgraded":["Shrug It Off","Strike_R"]},{"damage_healed":0,"gold_gain":90,"player_choice":"GOLD ","damage_taken":16,"max_hp_gain":0,"max_hp_loss":0,"event_name":"Knowing Skull","floor":19,"potions_obtained":[],"gold_loss":0,"cards_obtained":[]},{"damage_healed":0,"gold_gain":0,"player_choice":"Obtained Relic","damage_taken":0,"relics_obtained":["Vajra"],"max_hp_gain":0,"max_hp_loss":0,"event_name":"Addict","floor":21,"gold_loss":85}],"is_beta":true,"boss_relics":[{"not_picked":["Runic Dome","Orrery"],"picked":"Sozu"}],"items_purged_floors":[3],"is_endless":false,"potions_floor_spawned":[8,24,25,28],"killed_by":"Champ","ascension_level":11}