{"gold_per_floor":[18,18,18,37,47,76,96,123,123,153,153,169,169,188,188,267,267,267,39,39,39,39,39,39,39,39,39,39,39,39,39,39,39],"floor_reached":33,"playtime":1087,"items_purged":["Zap"],"score":541,"play_id":"635cad66-0663-49e1-806b-d78c6979dd98","local_time":"20181008212426","is_ascension_mode":true,"campfire_choices":[{"floor":11,"key":"REST"},{"data":"Buffer","floor":13,"key":"SMITH"},{"data":"Streamline","floor":15,"key":"SMITH"},{"data":"Hyperbeam","floor":23,"key":"SMITH"},{"floor":32,"key":"REST"}],"neow_cost":"NO_GOLD","seed_source_timestamp":288424419702007,"circlet_count":0,"master_deck":["Strike_B","Strike_B","Strike_B","Strike_B","Defend_B","Defend_B","Defend_B","Defend_B","Dualcast+1","AscendersBane","Hyperbeam+1","Streamline+1","Cold Snap","Go for the Eyes+1","Streamline","Hologram","Buffer+1","Beam Cell","Beam Cell","Sunder","Echo Form+1","Leap+1","Core Surge+1","Steam","BootSequence","Steam","Auto Shields","Compile Driver","Reinforced Body","Seek","Self Repair+1"],"relics":["Cracked Core","Matryoshka","Happy Flower","Kunai","Bottled Tornado","Frozen Egg 2","Art of War","Ectoplasm","Mercury Hourglass","War Paint","Whetstone"],"potions_floor_usage":[10,10,16,30,33],"damage_taken":[{"damage":0,"enemies":"Cultist","floor":1,"turns":2},{"damage":0,"enemies":"2 Louse","floor":4,"turns":2},{"damage":7,"enemies":"Small Slimes","floor":5,"turns":2},{"damage":19,"enemies":"Gremlin Nob","floor":6,"turns":4},{"damage":9,"enemies":"Exordium Wildlife","floor":7,"turns":2},{"damage":15,"enemies":"Lagavulin","floor":8,"turns":6},{"damage":10,"enemies":"Gremlin Nob","floor":10,"turns":4},{"damage":0,"enemies":"2 Fungi Beasts","floor":12,"turns":2},{"damage":0,"enemies":"3 Louse","floor":14,"turns":1},{"damage":14,"enemies":"Hexaghost","floor":16,"turns":9},{"damage":9,"enemies":"3 Byrds","floor":18,"turns":3},{"damage":11,"enemies":"Shell Parasite","floor":21,"turns":3},{"damage":11,"enemies":"Sentry and Sphere","floor":22,"turns":4},{"damage":6,"enemies":"Snake Plant","floor":24,"turns":5},{"damage":0,"enemies":"Snecko","floor":27,"turns":4},{"damage":0,"enemies":"Shelled Parasite and Fungi","floor":28,"turns":2},{"damage":0,"enemies":"Sentry and Sphere","floor":29,"turns":5},{"damage":0,"enemies":"Slavers","floor":30,"turns":3},{"damage":0,"enemies":"Cultist and Chosen","floor":31,"turns":5},{"damage":56,"enemies":"Collector","floor":33,"turns":7}],"seed_played":"1623931346587699576","potions_obtained":[{"floor":3,"key":"Dexterity Potion"},{"floor":3,"key":"SkillPotion"},{"floor":3,"key":"SneckoOil"},{"floor":12,"key":"GamblersBrew"},{"floor":18,"key":"GamblersBrew"},{"floor":22,"key":"FairyPotion"},{"floor":24,"key":"SkillPotion"},{"floor":30,"key":"Dexterity Potion"}],"is_trial":false,"path_per_floor":["M","T","?","M","M","E","M","E","T","E","R","M","R","M","R","B",null,"M","$","?","M","M","R","M","$","T","M","M","M","E","M","R"],"character_chosen":"DEFECT","items_purchased":["Core Surge"],"campfire_rested":2,"item_purchase_floors":[19],"current_hp_per_floor":[64,64,64,64,57,38,29,14,14,4,25,25,25,25,25,11,56,47,47,47,36,25,25,19,19,19,19,19,19,19,19,40,0],"gold":39,"neow_bonus":"THREE_RARE_CARDS","is_prod":false,"is_daily":false,"chose_seed":false,"campfire_upgraded":3,"win_rate":0,"timestamp":1539026666,"path_taken":["M","?","?","M","M","E","M","E","T","E","R","M","R","M","R","BOSS","M","?","?","M","M","R","M","$","T","M","M","M","E","M","R","BOSS"],"build_version":"2018-10-04","purchased_purges":1,"victory":false,"max_hp_per_floor":[71,71,71,71,71,71,71,71,71,71,71,71,71,71,71,71,71,71,71,71,71,71,71,71,71,71,71,71,71,71,71,71,71],"card_choices":[{"not_picked":["Seek","Amplify"],"picked":"Hyperbeam","floor":0},{"not_picked":["Gash","Turbo"],"picked":"Streamline","floor":1},{"not_picked":["Ball Lightning","Rebound"],"picked":"Cold Snap","floor":4},{"not_picked":["Turbo","Static Discharge"],"picked":"Go for the Eyes","floor":5},{"not_picked":["Fusion","Loop"],"picked":"Streamline","floor":6},{"not_picked":["Loop","Turbo"],"picked":"Hologram","floor":7},{"not_picked":["Go for the Eyes","Hello World"],"picked":"Buffer","floor":8},{"not_picked":["Gash","Redo"],"picked":"Beam Cell","floor":10},{"not_picked":["Streamline","Fusion"],"picked":"Beam Cell","floor":12},{"not_picked":["Stack","Ball Lightning"],"picked":"Sunder","floor":14},{"not_picked":["Seek","Reboot"],"picked":"Echo Form+1","floor":16},{"not_picked":["Recycle","Tempest"],"picked":"Leap","floor":18},{"not_picked":["Redo","Turbo"],"picked":"Steam","floor":21},{"not_picked":["Gash","Skim"],"picked":"BootSequence","floor":22},{"not_picked":["Meteor Strike","Cold Snap"],"picked":"Steam","floor":24},{"not_picked":["Sunder","Cold Snap"],"picked":"Auto Shields","floor":27},{"not_picked":["Beam Cell","Go for the Eyes"],"picked":"Compile Driver","floor":28},{"not_picked":["Biased Cognition+1","Steam+1"],"picked":"Reinforced Body","floor":29},{"not_picked":["Stack","Conserve Battery"],"picked":"Seek","floor":30},{"not_picked":["Heatsinks+1","Recycle"],"picked":"Self Repair+1","floor":31}],"player_experience":193902,"relics_obtained":[{"floor":2,"key":"Matryoshka"},{"floor":6,"key":"Happy Flower"},{"floor":8,"key":"Kunai"},{"floor":9,"key":"Bottled Tornado"},{"floor":9,"key":"Frozen Egg 2"},{"floor":10,"key":"Art of War"},{"floor":26,"key":"Mercury Hourglass"},{"floor":26,"key":"War Paint"},{"floor":30,"key":"Whetstone"}],"event_choices":[{"event_name":"The Lab","player_choice":"Got Potions","floor":3,"damage_taken":0},{"event_name":"Beggar","player_choice":"Ignored","floor":20,"damage_taken":0}],"is_beta":true,"boss_relics":[{"not_picked":["Fusion Hammer","Empty Cage"],"picked":"Ectoplasm"}],"items_purged_floors":[19],"is_endless":false,"potions_floor_spawned":[4,5,8,12,18,22,24,27,30],"killed_by":"Collector","ascension_level":14}