{"path_per_floor":["M","M","?","?","M","R","M","M","T","R","?","M","?","M","R","B",null,"M","?","M","$","M","R"],"character_chosen":"DEFECT","items_purchased":["SpeedPotion","Coolheaded"],"gold_per_floor":[14,25,25,25,41,41,54,69,69,69,69,86,86,103,103,208,208,218,218,229,56,70,70,70],"floor_reached":24,"campfire_rested":2,"playtime":1084,"current_hp_per_floor":[61,54,54,39,30,30,21,21,21,21,14,13,13,13,37,3,61,37,37,23,23,13,37,0],"items_purged":["Nova"],"gold":70,"score":247,"play_id":"1555e09f-244b-4547-b6b7-766c58f28bff","local_time":"20180514092944","is_prod":false,"is_daily":false,"chose_seed":false,"is_ascension_mode":true,"campfire_upgraded":2,"timestamp":1526282984,"path_taken":["M","M","?","?","M","R","M","?","T","R","?","M","?","M","R","BOSS","M","?","M","$","M","R","E"],"build_version":"2018-05-12v2","seed_source_timestamp":343657262917831,"purchased_purges":1,"victory":false,"master_deck":["Strike_B+1","Strike_B","Defend_B","Defend_B","Defend_B","Defend_B+1","Zap","Dualcast","Fission+1","Reinforced Body","Darkness+1","Ball Lightning","Steam","BootSequence","Genetic Algorithm","Rainbow","Stack","Coolheaded","Reinforced Body+1"],"max_hp_per_floor":[75,75,75,75,75,75,75,75,75,75,75,80,80,80,80,80,80,80,80,80,80,80,80,80],"relics":["Cracked Core","Letter Opener","Velvet Choker"],"card_choices":[{"not_picked":["Reboot","Amplify"],"picked":"Fission","floor":0},{"not_picked":["Hologram","Beam Cell"],"picked":"Reinforced Body","floor":1},{"not_picked":["Genetic Algorithm","Consume"],"picked":"Darkness","floor":2},{"not_picked":["Turbo","Capacitor"],"picked":"Ball Lightning","floor":5},{"not_picked":["Steam Power","Heatsinks","Ball Lightning"],"picked":"SKIP","floor":7},{"not_picked":["Go for the Eyes","Hello World"],"picked":"Steam","floor":8},{"not_picked":["Cold Snap","Amplify"],"picked":"BootSequence","floor":12},{"not_picked":["Hologram","Go for the Eyes"],"picked":"Genetic Algorithm","floor":14},{"not_picked":["All For One","Nova"],"picked":"Rainbow","floor":16},{"not_picked":["Hologram","Rebound","Turbo+1"],"picked":"SKIP","floor":18},{"not_picked":["Scrape+1","Beam Cell"],"picked":"Stack","floor":20},{"not_picked":["Beam Cell","Hello World"],"picked":"Reinforced Body+1","floor":22}],"player_experience":73848,"potions_floor_usage":[7,12,16,16,22,24,24],"damage_taken":[{"damage":7,"enemies":"Small Slimes","floor":1,"turns":3},{"damage":7,"enemies":"Jaw Worm","floor":2,"turns":4},{"damage":9,"enemies":"2 Louse","floor":5,"turns":3},{"damage":9,"enemies":"Lots of Slimes","floor":7,"turns":4},{"damage":0,"enemies":"2 Fungi Beasts","floor":8,"turns":2},{"damage":6,"enemies":"Exordium Wildlife","floor":12,"turns":3},{"damage":0,"enemies":"Blue Slaver","floor":14,"turns":3},{"damage":34,"enemies":"Slime Boss","floor":16,"turns":11},{"damage":24,"enemies":"Chosen","floor":18,"turns":7},{"damage":14,"enemies":"Shell Parasite","floor":20,"turns":6},{"damage":10,"enemies":"Snecko","floor":22,"turns":7},{"damage":56,"enemies":"Gremlin Leader","floor":24,"turns":9}],"event_choices":[{"event_name":"Liars Game","player_choice":"disagreed","floor":3,"damage_taken":0},{"event_name":"Shining Light","player_choice":"Entered Light","floor":4,"damage_taken":0},{"event_name":"Golden Wing","player_choice":"Card Removal","floor":11,"damage_taken":0},{"event_name":"Living Wall","player_choice":"Change","floor":13,"damage_taken":0},{"event_name":"Cursed Tome","player_choice":"Ignored","floor":19,"damage_taken":0}],"boss_relics":[{"not_picked":["White Beast Statue","Calling Bell"],"picked":"Velvet Choker"}],"potions_floor_spawned":[2,5,8,12,20,22],"seed_played":"-8969072460256707624","killed_by":"Gremlin Leader","ascension_level":6,"is_trial":false}