{"path_per_floor":["M","?","M","?","M","R","?","E","T","?","E","M","$","M","R","B",null,"M","M","M","?","M","R","E","R","T","E","$","R","M","?","R","B",null,"M","?","M","M","$","R","E","R","T","M","M","R","$","M","R","B"],"character_chosen":"DEFECT","items_purchased":["Gash","Lantern","Strawberry","Cables"],"gold_per_floor":[115,65,79,79,90,90,90,123,146,146,175,191,116,135,135,232,232,248,264,283,283,298,298,328,328,328,353,31,31,48,76,76,176,176,196,249,263,276,20,20,52,52,127,139,139,139,39,51,51,51],"floor_reached":51,"campfire_rested":5,"playtime":1997,"item_purchase_floors":[28,28,28,39],"current_hp_per_floor":[61,61,54,59,59,59,59,42,42,26,15,15,15,15,54,30,68,55,54,49,49,40,40,36,36,36,3,10,51,31,31,72,19,70,85,41,41,24,24,65,43,43,43,35,35,35,35,31,72,20],"items_purged":["Defend_B","Strike_B"],"gold":51,"score":955,"play_id":"a46a2091-9fb2-45ee-9481-b14133852e53","local_time":"20180603211852","is_prod":false,"is_daily":false,"chose_seed":false,"is_ascension_mode":true,"campfire_upgraded":5,"win_rate":0,"timestamp":1528075132,"campfire_choices":[{"data":"Zap","floor":6,"key":"SMITH"},{"floor":15,"key":"REST"},{"data":"Defragment","floor":23,"key":"SMITH"},{"data":"Dualcast","floor":25,"key":"SMITH"},{"floor":29,"key":"REST"},{"floor":32,"key":"REST"},{"floor":40,"key":"REST"},{"data":"Scrape","floor":42,"key":"SMITH"},{"data":"Seek","floor":46,"key":"SMITH"},{"floor":49,"key":"REST"}],"path_taken":["M","?","M","?","?","R","?","E","T","?","E","M","$","?","R","BOSS","M","M","?","?","M","R","E","R","T","E","$","R","M","?","R","BOSS","M","?","M","M","?","R","E","R","T","M","?","R","$","M","R","BOSS"],"build_version":"2018-05-30v2","seed_source_timestamp":125666890633400,"purchased_purges":2,"victory":true,"master_deck":["Strike_B","Strike_B","Defend_B","Defend_B+1","Defend_B","Zap+1","Dualcast+1","Go for the Eyes","Leap","FTL+1","Ball Lightning","Leap","BootSequence","Defragment+1","Reboot","Gash+1","Scrape","Go for the Eyes+1","Core Surge+1","Gash","Gash","Glacier+1","Core Surge","Scrape+1","Gash+1","Seek+1","Loop+1","Defragment+1"],"max_hp_per_floor":[75,75,75,80,80,80,80,80,80,80,80,80,80,80,80,80,80,80,80,80,80,80,80,80,80,80,80,87,87,87,87,87,87,87,87,87,87,87,87,87,87,87,87,87,87,87,87,87,87,87],"relics":["Cracked Core","Regal Pillow","Omamori","Mercury Hourglass","Nloth\u0027s Gift","Art of War","Calipers","Whetstone","Lantern","Strawberry","Red Mask","Lizard Tail","Ginger","Cables","Peace Pipe","Mummified Hand"],"card_choices":[{"not_picked":["Conserve Battery","Rebound"],"picked":"Go for the Eyes","floor":1},{"not_picked":["Stack","Barrage"],"picked":"Leap","floor":3},{"not_picked":["Beam Cell","Conserve Battery"],"picked":"FTL","floor":5},{"not_picked":["Conserve Battery","Hello World"],"picked":"Ball Lightning","floor":8},{"not_picked":["Redo","Amplify"],"picked":"Leap","floor":11},{"not_picked":["Redo","Compile Driver"],"picked":"BootSequence","floor":12},{"not_picked":["Cold Snap","Coolheaded"],"picked":"Defragment","floor":14},{"not_picked":["Meteor Strike","Multi-Cast"],"picked":"Reboot","floor":16},{"not_picked":["Auto Shields","Doom and Gloom"],"picked":"Gash+1","floor":18},{"not_picked":["Leap","Glacier"],"picked":"Scrape","floor":19},{"not_picked":["Barrage","Leap"],"picked":"Go for the Eyes","floor":20},{"not_picked":["Hello World","Conserve Battery","Recycle+1"],"picked":"SKIP","floor":22},{"not_picked":["Compile Driver","Streamline"],"picked":"Core Surge","floor":24},{"not_picked":["Go for the Eyes","Hyperbeam"],"picked":"Gash","floor":27},{"not_picked":["Creative AI","Lockon"],"picked":"Glacier+1","floor":30},{"not_picked":["Multi-Cast","Rainbow"],"picked":"Core Surge","floor":33},{"not_picked":["Fission","Doom and Gloom","Conserve Battery+1"],"picked":"SKIP","floor":35},{"not_picked":["Auto Shields","Aggregate"],"picked":"Scrape","floor":37},{"not_picked":["Thunder Strike","Hologram+1"],"picked":"Gash+1","floor":38},{"not_picked":["Hologram","Compile Driver"],"picked":"Seek","floor":41},{"not_picked":["Cold Snap+1","Melter+1"],"picked":"Loop+1","floor":44},{"not_picked":["Cold Snap","Rainbow"],"picked":"Defragment+1","floor":48}],"player_experience":279176,"potions_floor_usage":[8,11,24,27,33,35,41,45,50],"damage_taken":[{"damage":7,"enemies":"Jaw Worm","floor":1,"turns":3},{"damage":7,"enemies":"2 Louse","floor":3,"turns":2},{"damage":0,"enemies":"Small Slimes","floor":5,"turns":3},{"damage":17,"enemies":"3 Sentries","floor":8,"turns":7},{"damage":11,"enemies":"Lagavulin","floor":11,"turns":6},{"damage":0,"enemies":"Looter","floor":12,"turns":2},{"damage":0,"enemies":"Exordium Wildlife","floor":14,"turns":4},{"damage":24,"enemies":"Slime Boss","floor":16,"turns":9},{"damage":13,"enemies":"2 Thieves","floor":18,"turns":4},{"damage":1,"enemies":"Shell Parasite","floor":19,"turns":5},{"damage":5,"enemies":"Snake Plant","floor":20,"turns":3},{"damage":9,"enemies":"Snecko","floor":22,"turns":6},{"damage":4,"enemies":"Book of Stabbing","floor":24,"turns":4},{"damage":33,"enemies":"Slavers","floor":27,"turns":4},{"damage":20,"enemies":"Slaver and Parasite","floor":30,"turns":5},{"damage":0,"enemies":"Masked Bandits","floor":31,"turns":3},{"damage":53,"enemies":"Collector","floor":33,"turns":10},{"damage":0,"enemies":"Flame Bruiser 1 Orb","floor":35,"turns":6},{"damage":44,"enemies":"Mysterious Sphere","floor":36,"turns":5},{"damage":0,"enemies":"3 Darklings","floor":37,"turns":5},{"damage":17,"enemies":"Spire Growth","floor":38,"turns":5},{"damage":88,"enemies":"Giant Head","floor":41,"turns":8},{"damage":8,"enemies":"Transient","floor":44,"turns":5},{"damage":0,"enemies":"Maw","floor":45,"turns":2},{"damage":4,"enemies":"Sphere and 2 Shapes","floor":48,"turns":4},{"damage":52,"enemies":"Awakened One","floor":50,"turns":13}],"relics_obtained":[{"floor":8,"key":"Regal Pillow"},{"floor":9,"key":"Omamori"},{"floor":11,"key":"Mercury Hourglass"},{"floor":24,"key":"Art of War"},{"floor":26,"key":"Calipers"},{"floor":27,"key":"Whetstone"},{"floor":31,"key":"Red Mask"},{"floor":36,"key":"Ginger"},{"floor":41,"key":"Peace Pipe"},{"floor":43,"key":"Mummified Hand"}],"event_choices":[{"event_name":"The Cleric","player_choice":"Card Removal","floor":2,"damage_taken":0},{"event_name":"Big Fish","player_choice":"Donut","floor":4,"damage_taken":0},{"event_name":"Liars Game","player_choice":"disagreed","floor":7,"damage_taken":0},{"event_name":"Shining Light","player_choice":"Entered Light","floor":10,"damage_taken":0},{"event_name":"N\u0027loth","player_choice":"Traded a Sozu","floor":21,"damage_taken":0},{"event_name":"Masked Bandits","player_choice":"Fought over 48 gold","floor":31,"damage_taken":0},{"event_name":"Mysterious Sphere","player_choice":"Fight","floor":36,"damage_taken":0}],"boss_relics":[{"not_picked":["Inserter","Pandora\u0027s Box"],"picked":"Sozu"},{"not_picked":["Orrery","White Beast Statue"],"picked":"Lizard Tail"}],"items_purged_floors":[13,47],"potions_floor_spawned":[3,5,12,14,19,20,27,31,36,41,48],"seed_played":"4219413843617449193","ascension_level":6,"potions_obtained":[{"floor":3,"key":"LiquidBronze"},{"floor":5,"key":"Strength Potion"},{"floor":12,"key":"SpeedPotion"},{"floor":14,"key":"Dexterity Potion"},{"floor":27,"key":"Dexterity Potion"},{"floor":31,"key":"Regen Potion"},{"floor":36,"key":"Fire Potion"},{"floor":41,"key":"SmokeBomb"},{"floor":48,"key":"PowerPotion"}],"is_trial":false}