{"gold_per_floor":[117,132,132,132,142,142,155,188,200,231,243,255,267,297,309,417,429,460,489,501,527,558,570,596,620,662,690,712,724,762,195,195,298,298,317,317,317,327,23,50,50,63,63,95,109,109,109,109,109,109],"floor_reached":51,"playtime":3228,"items_purged":["Parasite"],"score":814,"play_id":"b3dca4cc-893d-4613-89e8-fe43584c8a60","local_time":"20180925191654","is_ascension_mode":true,"campfire_choices":[{"data":"Infinite Blades","floor":6,"key":"SMITH"},{"data":"Night Terror","floor":11,"key":"SMITH"},{"data":"Dodge and Roll","floor":15,"key":"SMITH"},{"data":"After Image","floor":23,"key":"SMITH"},{"floor":32,"key":"REST"},{"data":"Infinite Blades","floor":41,"key":"SMITH"},{"floor":49,"key":"REST"}],"neow_cost":"NONE","seed_source_timestamp":983236163532419,"circlet_count":0,"master_deck":["Defend_G","Defend_G","Defend_G","Defend_G","Defend_G","Strike_G","Strike_G","Strike_G","Survivor","Neutralize+1","Infinite Blades+1","Night Terror+1","Sucker Punch+1","PiercingWail","Dagger Spray","Dodge and Roll+1","After Image+1","Bouncing Flask","Dodge and Roll","Finisher","Predator","Expertise+1","Backstab","Infinite Blades+1","Phantasmal Killer","Flechettes+1","Madness","Madness","Blade Dance+1","Cloak And Dagger","Accuracy+1","PiercingWail","Cloak And Dagger"],"relics":["Ring of the Snake","MawBank","Orichalcum","Sozu","Tiny Chest","Mummified Hand","Potion Belt","Anchor","Frozen Egg 2","Runic Pyramid","Paper Crane","Snake Skull","Bronze Scales","Oddly Smooth Stone","Shuriken","Sundial"],"potions_floor_usage":[8,33,33,44],"damage_taken":[{"damage":0,"enemies":"Jaw Worm","floor":1,"turns":7},{"damage":0,"enemies":"Cultist","floor":2,"turns":4},{"damage":0,"enemies":"2 Louse","floor":5,"turns":2},{"damage":4,"enemies":"Blue Slaver","floor":7,"turns":4},{"damage":34,"enemies":"3 Sentries","floor":8,"turns":10},{"damage":6,"enemies":"Red Slaver","floor":10,"turns":5},{"damage":0,"enemies":"2 Fungi Beasts","floor":14,"turns":5},{"damage":18,"enemies":"Hexaghost","floor":16,"turns":12},{"damage":2,"enemies":"Shell Parasite","floor":18,"turns":10},{"damage":0,"enemies":"3 Byrds","floor":19,"turns":3},{"damage":4,"enemies":"Snake Plant","floor":21,"turns":8},{"damage":15,"enemies":"Chosen and Byrds","floor":22,"turns":7},{"damage":0,"enemies":"Snecko","floor":24,"turns":7},{"damage":14,"enemies":"3 Cultists","floor":25,"turns":6},{"damage":20,"enemies":"Sentry and Sphere","floor":27,"turns":6},{"damage":4,"enemies":"Snake Plant","floor":28,"turns":4},{"damage":10,"enemies":"Collector","floor":33,"turns":12},{"damage":6,"enemies":"Orb Walker","floor":35,"turns":4},{"damage":2,"enemies":"3 Shapes","floor":38,"turns":6},{"damage":0,"enemies":"Nemesis","floor":40,"turns":7},{"damage":7,"enemies":"Sphere and 2 Shapes","floor":42,"turns":6},{"damage":13,"enemies":"2 Orb Walkers","floor":44,"turns":6},{"damage":0,"enemies":"Jaw Worm Horde","floor":45,"turns":4},{"damage":39,"enemies":"Donu and Deca","floor":50,"turns":8}],"seed_played":"7002912029241153425","potions_obtained":[{"floor":1,"key":"LiquidBronze"},{"floor":5,"key":"Weak Potion"},{"floor":14,"key":"AttackPotion"},{"floor":16,"key":"Dexterity Potion"}],"is_trial":false,"path_per_floor":["M","M","?","?","M","R","M","E","T","M","R","?","?","M","R","B",null,"M","M","$","M","M","R","M","M","T","M","M","?","T","$","R","B",null,"M","?","?","M","$","E","R","M","T","E","M","?","T","T","R","B"],"character_chosen":"THE_SILENT","items_purchased":["Anchor","Escape Plan","Infinite Blades","Frozen Egg 2","Paper Crane","Cloak And Dagger"],"campfire_rested":2,"item_purchase_floors":[31,31,31,31,39,39],"current_hp_per_floor":[70,70,70,70,70,70,66,32,32,26,26,43,43,43,43,25,70,68,68,68,64,49,49,49,35,35,15,11,11,11,11,31,21,67,61,61,53,51,51,51,51,44,44,31,31,31,31,31,51,12],"gold":109,"neow_bonus":"UPGRADE_CARD","is_prod":false,"is_daily":false,"chose_seed":false,"campfire_upgraded":5,"win_rate":0,"timestamp":1537895814,"path_taken":["M","M","?","?","M","R","M","E","T","M","R","?","?","M","R","BOSS","M","M","$","M","M","R","?","M","T","M","M","?","?","$","R","BOSS","M","?","?","M","$","E","R","M","T","E","M","?","?","?","R","BOSS"],"build_version":"2018-09-24","purchased_purges":1,"victory":true,"max_hp_per_floor":[70,70,70,70,70,70,70,70,70,70,70,70,70,70,70,70,70,70,70,70,70,70,70,70,70,70,70,70,70,70,67,67,67,67,67,67,67,67,67,67,67,67,67,67,67,67,67,67,67,67],"card_choices":[{"not_picked":["Heel Hook","Riddle With Holes"],"picked":"Infinite Blades","floor":1},{"not_picked":["Dodge and Roll","Riddle With Holes"],"picked":"Poisoned Stab","floor":2},{"not_picked":["Accuracy","Dodge and Roll"],"picked":"Sucker Punch","floor":5},{"not_picked":["Deflect","Quick Slash"],"picked":"PiercingWail","floor":7},{"not_picked":["Dagger Throw","Underhanded Strike"],"picked":"Dagger Spray","floor":8},{"not_picked":["Doppelganger","Quick Slash","Acrobatics"],"picked":"SKIP","floor":10},{"not_picked":["All Out Attack","Deadly Poison"],"picked":"Dodge and Roll","floor":14},{"not_picked":["Unload","Phantasmal Killer"],"picked":"After Image","floor":16},{"not_picked":["Outmaneuver","Quick Slash"],"picked":"Bouncing Flask","floor":18},{"not_picked":["Flying Knee","Poisoned Stab+1"],"picked":"Dodge and Roll","floor":19},{"not_picked":["Bouncing Flask","Endless Agony","Dagger Spray"],"picked":"SKIP","floor":21},{"not_picked":["Terror+1","Outmaneuver+1"],"picked":"Finisher","floor":22},{"not_picked":["Flechettes","Poisoned Stab"],"picked":"Predator","floor":24},{"not_picked":["Blur","Deadly Poison"],"picked":"Expertise+1","floor":25},{"not_picked":["Dagger Throw","Masterful Stab"],"picked":"Backstab","floor":27},{"not_picked":["Outmaneuver","Blade Dance+1","Bullet Time"],"picked":"SKIP","floor":28},{"not_picked":["Glass Knife","Burst"],"picked":"Phantasmal Killer","floor":33},{"not_picked":["Eviscerate","Dodge and Roll"],"picked":"Flechettes+1","floor":35},{"not_picked":["Acrobatics","Poisoned Stab+1"],"picked":"Blade Dance+1","floor":38},{"not_picked":["Masterful Stab","Predator+1"],"picked":"Accuracy+1","floor":40},{"not_picked":["Slice","Flying Knee","Reflex+1"],"picked":"SKIP","floor":42},{"not_picked":["Acrobatics+1","Blade Dance+1"],"picked":"PiercingWail","floor":44},{"not_picked":["Dash","Quick Slash"],"picked":"Cloak And Dagger","floor":45}],"player_experience":149801,"relics_obtained":[{"floor":8,"key":"MawBank"},{"floor":9,"key":"Orichalcum"},{"floor":26,"key":"Tiny Chest"},{"floor":30,"key":"Potion Belt"},{"floor":40,"key":"Snake Skull"},{"floor":43,"key":"Bronze Scales"},{"floor":44,"key":"Oddly Smooth Stone"},{"floor":47,"key":"Shuriken"},{"floor":48,"key":"Sundial"}],"event_choices":[{"event_name":"Transmorgrifier","player_choice":"Transform","floor":3,"damage_taken":0},{"event_name":"Purifier","player_choice":"One Purge","floor":4,"damage_taken":0},{"event_name":"Mushrooms","player_choice":"Healed and dodged fight","floor":12,"damage_taken":0},{"event_name":"Accursed Blacksmith","player_choice":"Forge","floor":13,"damage_taken":0},{"event_name":"WeMeetAgain","player_choice":"Card","floor":29,"damage_taken":0},{"event_name":"Mysterious Sphere","player_choice":"Ignore","floor":36,"damage_taken":0},{"event_name":"Winding Halls","player_choice":"Embrace Madness","floor":37,"damage_taken":0},{"event_name":"Falling","player_choice":"Removed Skill","floor":46,"damage_taken":0}],"is_beta":true,"boss_relics":[{"not_picked":["Calling Bell","Ring of the Serpent"],"picked":"Sozu"},{"not_picked":["Coffee Dripper","Velvet Choker"],"picked":"Runic Pyramid"}],"items_purged_floors":[31],"is_endless":false,"potions_floor_spawned":[1,5,14,16,18,21,24,28,44,45],"ascension_level":3}