{"gold_per_floor":[118,83,93,12,87,113,113,143,167,167,179,192,45,55,55,159,159,173,191,191,191,210,210,220,220,220,220],"floor_reached":27,"playtime":1169,"items_purged":[],"score":290,"play_id":"c141a458-d8a5-496f-a7db-4f0684fd5866","local_time":"20180915040902","is_ascension_mode":true,"campfire_choices":[{"floor":7,"key":"REST"},{"floor":10,"key":"REST"},{"floor":15,"key":"REST"},{"floor":23,"key":"REST"},{"floor":25,"key":"REST"}],"neow_cost":"","seed_source_timestamp":48817840361187,"circlet_count":0,"master_deck":["Strike_B+1","Strike_B","Strike_B","Strike_B","Defend_B","Defend_B","Defend_B","Defend_B","Zap","Dualcast","Go for the Eyes+1","Sunder","BootSequence","Melter","Static Discharge","FTL","Echo Form","Creative AI","Sweeping Beam+1","Biased Cognition+1","Conserve Battery+1","Double Energy","Consume","Stack+1"],"relics":["Cracked Core","Happy Flower","Whetstone","DataDisk","Astrolabe","Girya","Meat on the Bone"],"potions_floor_usage":[8,12,14,16,22,27],"damage_taken":[{"damage":3,"enemies":"Jaw Worm","floor":1,"turns":4},{"damage":0,"enemies":"Small Slimes","floor":3,"turns":3},{"damage":45,"enemies":"3 Sentries","floor":6,"turns":8},{"damage":25,"enemies":"Lagavulin","floor":8,"turns":6},{"damage":0,"enemies":"Cultist","floor":11,"turns":3},{"damage":0,"enemies":"Red Slaver","floor":12,"turns":2},{"damage":0,"enemies":"Large Slime","floor":14,"turns":5},{"damage":22,"enemies":"The Guardian","floor":16,"turns":7},{"damage":14,"enemies":"Chosen","floor":18,"turns":4},{"damage":9,"enemies":"Shell Parasite","floor":19,"turns":4},{"damage":15,"enemies":"3 Cultists","floor":22,"turns":4},{"damage":35,"enemies":"Snecko","floor":24,"turns":4},{"damage":42,"enemies":"Gremlin Leader","floor":27,"turns":6}],"seed_played":"3868383881495282369","potions_obtained":[{"floor":6,"key":"EssenceOfSteel"},{"floor":11,"key":"SteroidPotion"},{"floor":12,"key":"Block Potion"},{"floor":14,"key":"PowerPotion"},{"floor":19,"key":"Strength Potion"},{"floor":24,"key":"SpeedPotion"}],"is_trial":false,"path_per_floor":["M","?","M","$","?","E","R","E","T","R","M","M","$","M","R","B",null,"M","M","?","?","M","R","M","R","T"],"character_chosen":"DEFECT","items_purchased":["Force Field","Static Discharge","FTL"],"campfire_rested":5,"item_purchase_floors":[4,13,13],"current_hp_per_floor":[65,75,75,75,64,19,41,16,16,38,38,38,38,38,60,38,66,52,43,43,43,28,50,15,37,37,0],"gold":220,"neow_bonus":"","is_prod":false,"is_daily":false,"chose_seed":false,"campfire_upgraded":0,"win_rate":0,"timestamp":1536977342,"path_taken":["M","?","?","?","?","E","R","E","T","R","M","M","$","?","R","BOSS","M","M","?","?","M","R","M","R","T","E"],"build_version":"2018-09-06","purchased_purges":0,"victory":false,"max_hp_per_floor":[75,75,75,75,75,75,75,75,75,75,75,75,75,75,75,75,75,75,75,75,75,75,75,75,75,75,75],"card_choices":[{"not_picked":["Streamline","Redo"],"picked":"Consume","floor":1},{"not_picked":["Genetic Algorithm","Gash"],"picked":"Go for the Eyes","floor":3},{"not_picked":["Darkness","Reinforced Body"],"picked":"Turbo","floor":6},{"not_picked":["Turbo","Fusion"],"picked":"Sunder","floor":8},{"not_picked":["Turbo","Ball Lightning"],"picked":"BootSequence","floor":11},{"not_picked":["Turbo","Stack"],"picked":"Melter","floor":12},{"not_picked":["Chaos","Cold Snap"],"picked":"Echo Form","floor":14},{"not_picked":["Thunder Strike","Machine Learning"],"picked":"Creative AI","floor":16},{"not_picked":["Go for the Eyes","Compile Driver"],"picked":"Double Energy","floor":18},{"not_picked":["Hologram+1","Streamline"],"picked":"Consume","floor":19},{"not_picked":["Hologram","Chaos","Consume"],"picked":"SKIP","floor":22},{"not_picked":["Aggregate","Ball Lightning"],"picked":"Stack+1","floor":24}],"player_experience":172996,"relics_obtained":[{"floor":6,"key":"Happy Flower"},{"floor":8,"key":"Whetstone"},{"floor":9,"key":"DataDisk"},{"floor":26,"key":"Meat on the Bone"}],"event_choices":[{"event_name":"The Cleric","player_choice":"Healed","floor":2,"damage_taken":0},{"event_name":"World of Goop","player_choice":"Gather Gold","floor":5,"damage_taken":0},{"event_name":"The Mausoleum","player_choice":"Yes","floor":20,"damage_taken":0},{"event_name":"Beggar","player_choice":"Ignored","floor":21,"damage_taken":0}],"is_beta":false,"boss_relics":[{"not_picked":["Snecko Eye","Philosopher\u0027s Stone"],"picked":"Astrolabe"}],"items_purged_floors":[],"is_endless":false,"potions_floor_spawned":[6,11,12,14,19,24],"killed_by":"Gremlin Leader","ascension_level":6}