{"path_per_floor":["M","M","?","?","M","R","M","$","T","R","M","T","M","?","R","B",null,"M","?","M","?","M","R","E","R","T","M","?"],"character_chosen":"THE_SILENT","items_purchased":[],"gold_per_floor":[99,99,99,99,99,99,69,69,69,69,69,69,39,39,39,39,39,39,39,39,39,39,39,39,39,39,39,39,39],"floor_reached":29,"campfire_rested":3,"playtime":1542,"current_hp_per_floor":[70,70,70,70,67,67,60,60,60,60,53,53,45,45,66,68,70,59,43,45,45,32,53,8,29,29,4,4,0],"items_purged":[],"gold":39,"score":262,"play_id":"a9df8470-4d2e-4dc1-96b3-496cf0c37a78","local_time":"20180411181944","is_prod":false,"is_daily":false,"is_ascension_mode":false,"campfire_upgraded":2,"timestamp":1523467184,"path_taken":["M","M","?","?","?","R","M","?","T","R","?","?","M","?","R","BOSS","M","?","M","?","M","R","E","R","T","M","?","E"],"build_version":"2018-04-05v2","purchased_purges":0,"victory":false,"master_deck":["Defend_G","Defend_G","Defend_G","Defend_G","Strike_G","Strike_G","Strike_G","Strike_G","Strike_G","Survivor","Neutralize","Deadly Poison","Crippling Poison+1","Infinite Blades+1","Poisoned Stab","Dagger Spray","Deadly Poison","Deadly Poison","Envenom","Deadly Poison","Flash of Steel","Bane+1","Well Laid Plans+1","Deflect","Choke+1","Distraction","Ghostly","Ghostly","Ghostly","Ghostly","Ghostly"],"max_hp_per_floor":[70,70,70,70,70,70,70,70,70,70,70,70,70,70,70,70,70,70,70,70,70,70,70,70,70,70,70,35,35],"relics":["Ectoplasm","Blood Vial","Peace Pipe","Omamori","Sozu","Prayer Wheel","Lantern"],"card_choices":[{"not_picked":["Dash","Bouncing Flask"],"picked":"Deadly Poison","floor":1},{"not_picked":["Deflect","Dagger Throw"],"picked":"Crippling Poison","floor":2},{"not_picked":["Well Laid Plans","Endless Agony"],"picked":"Poisoned Stab","floor":5},{"not_picked":["Acrobatics","Reflex"],"picked":"Dagger Spray","floor":7},{"not_picked":["Deflect","Acrobatics"],"picked":"Deadly Poison","floor":11},{"not_picked":["Reflex","Dash"],"picked":"Deadly Poison","floor":13},{"not_picked":["Wraith Form","Venomology"],"picked":"Envenom","floor":16},{"not_picked":["Dagger Throw","PiercingWail"],"picked":"Deadly Poison","floor":18},{"not_picked":["Acrobatics","Dagger Throw"],"picked":"Bane","floor":20},{"not_picked":["Deflect","PiercingWail"],"picked":"Well Laid Plans","floor":22},{"not_picked":["Well Laid Plans","Doppelganger"],"picked":"Deflect","floor":24},{"not_picked":["Sucker Punch","Slice"],"picked":"Choke","floor":26},{"not_picked":["Predator","Dagger Spray"],"picked":"Distraction","floor":27}],"player_experience":43973,"potions_floor_usage":[13,16,16,20],"damage_taken":[{"damage":0,"enemies":"Jaw Worm","floor":1,"turns":5},{"damage":0,"enemies":"Cultist","floor":2,"turns":4},{"damage":3,"enemies":"2 Louse","floor":5,"turns":3},{"damage":7,"enemies":"Looter","floor":7,"turns":3},{"damage":9,"enemies":"Blue Slaver","floor":11,"turns":3},{"damage":10,"enemies":"Exordium Thugs","floor":13,"turns":5},{"damage":8,"enemies":"Slime Boss","floor":16,"turns":10},{"damage":11,"enemies":"Shell Parasite","floor":18,"turns":5},{"damage":0,"enemies":"3 Byrds","floor":20,"turns":3},{"damage":15,"enemies":"Snake Plant","floor":22,"turns":3},{"damage":47,"enemies":"Slavers","floor":24,"turns":6},{"damage":27,"enemies":"Slaver and Parasite","floor":27,"turns":5},{"damage":6,"enemies":"Gremlin Leader","floor":29,"turns":5}],"event_choices":[{"event_name":"Transmorgrifier","player_choice":"Transform","floor":3,"damage_taken":0},{"event_name":"Liars Game","player_choice":"disagreed","floor":4,"damage_taken":0},{"event_name":"Accursed Blacksmith","player_choice":"Rummage","floor":14,"damage_taken":0},{"event_name":"Knowing Skull","player_choice":"CARD ","floor":19,"damage_taken":0},{"event_name":"Golden Shrine","player_choice":"Pray","floor":21,"damage_taken":0},{"event_name":"Ghosts","player_choice":"Became a Ghost","floor":28,"damage_taken":0}],"boss_relics":[{"not_picked":["Calling Bell","Astrolabe"],"picked":"Sozu"}],"potions_floor_spawned":[1,2,7,16,18,22],"seed_played":"4039859498503265565","killed_by":"Gremlin Leader","ascension_level":0,"is_trial":false}