{"gold_per_floor":[114,130,305,305,305,305,305,330,330,345,355,368,50,64,64,164,164,175,194,244,244,71,71,84,84,84,84,84,84,97,122,122,222,222,242,260,275,275,11,11],"floor_reached":40,"playtime":1629,"items_purged":["Doubt"],"score":481,"play_id":"7748e876-c2a9-4524-afff-64b489f4b22c","local_time":"20190116184444","is_ascension_mode":false,"campfire_choices":[{"floor":6,"key":"REST"},{"data":"Electrodynamics","floor":15,"key":"SMITH"},{"data":"Static Discharge","floor":23,"key":"SMITH"},{"data":"Static Discharge","floor":25,"key":"SMITH"},{"floor":29,"key":"RECALL"},{"floor":32,"key":"REST"}],"neow_cost":"NONE","seed_source_timestamp":237145699824702,"circlet_count":0,"master_deck":["Strike_B+1","Strike_B+1","Defend_B","Defend_B","Defend_B","Defend_B","Zap","Dualcast","Conserve Battery","Conserve Battery","Static Discharge+1","White Noise","Defragment","Electrodynamics+1","Core Surge","Static Discharge+1","Static Discharge","Conserve Battery","Static Discharge","Hologram","Biased Cognition","Consume+1","Storm"],"relics":["FrozenCore","NeowsBlessing","Dream Catcher","FossilizedHelix","Pear","Bronze Scales","Omamori","Potion Belt","Necronomicon","Ancient Tea Set","Empty Cage","Lee\u0027s Waffle"],"potions_floor_usage":[11,12,16,24,31,31,37],"damage_taken":[{"damage":0,"enemies":"Jaw Worm","floor":1,"turns":1},{"damage":0,"enemies":"Small Slimes","floor":2,"turns":1},{"damage":0,"enemies":"Lagavulin","floor":8,"turns":4},{"damage":0,"enemies":"2 Louse","floor":10,"turns":3},{"damage":13,"enemies":"Lots of Slimes","floor":11,"turns":4},{"damage":5,"enemies":"Gremlin Gang","floor":12,"turns":4},{"damage":0,"enemies":"Red Slaver","floor":14,"turns":2},{"damage":11,"enemies":"The Guardian","floor":16,"turns":9},{"damage":0,"enemies":"Shell Parasite","floor":18,"turns":6},{"damage":0,"enemies":"Chosen","floor":19,"turns":7},{"damage":13,"enemies":"Snecko","floor":24,"turns":4},{"damage":0,"enemies":"Centurion and Healer","floor":30,"turns":5},{"damage":26,"enemies":"Gremlin Leader","floor":31,"turns":5},{"damage":49,"enemies":"Automaton","floor":33,"turns":10},{"damage":9,"enemies":"3 Darklings","floor":35,"turns":2},{"damage":29,"enemies":"3 Shapes","floor":36,"turns":5},{"damage":41,"enemies":"Jaw Worm Horde","floor":37,"turns":3},{"damage":110,"enemies":"Nemesis","floor":40,"turns":8}],"seed_played":"-6483958620472788241","potions_obtained":[{"floor":1,"key":"Energy Potion"},{"floor":10,"key":"Swift Potion"},{"floor":12,"key":"Block Potion"},{"floor":18,"key":"Poison Potion"},{"floor":30,"key":"SteroidPotion"},{"floor":33,"key":"FearPotion"},{"floor":36,"key":"AttackPotion"}],"is_trial":false,"path_per_floor":["M","M","?","?","?","R","T","E","T","M","M","M","$","M","R","B",null,"M","M","T","?","$","R","M","R","T","?","$","R","M","E","R","B",null,"M","M","M","?","$","E"],"character_chosen":"DEFECT","items_purchased":["Panache","Regen Potion","Static Discharge","Fruit Juice","Lee\u0027s Waffle","Storm"],"campfire_rested":2,"item_purchase_floors":[13,13,22,22,39,39],"current_hp_per_floor":[75,75,75,50,35,57,57,67,67,67,54,49,49,49,49,53,85,85,85,85,85,85,85,77,77,77,61,61,61,61,35,62,13,90,81,52,11,11,97,0],"gold":11,"neow_bonus":"THREE_ENEMY_KILL","is_prod":false,"is_daily":false,"chose_seed":false,"campfire_upgraded":3,"win_rate":0,"timestamp":1547682284,"path_taken":["M","M","?","?","?","R","?","E","T","?","M","M","$","M","R","BOSS","M","?","?","?","$","R","M","R","T","?","?","R","?","E","R","BOSS","M","M","M","?","?","E"],"build_version":"2019-01-10","purchased_purges":1,"victory":false,"max_hp_per_floor":[75,75,75,75,75,75,75,85,85,85,85,85,85,85,85,85,85,85,85,85,85,85,85,90,90,90,90,90,90,90,90,90,90,90,90,90,90,90,97,97],"card_choices":[{"not_picked":["Loop","Streamline"],"picked":"Conserve Battery","floor":1},{"not_picked":["Lockon","Rebound"],"picked":"Conserve Battery","floor":2},{"not_picked":["Rebound","Streamline"],"picked":"Static Discharge","floor":6},{"not_picked":["Sunder","Go for the Eyes"],"picked":"White Noise","floor":8},{"not_picked":["Recycle","Skim","Leap"],"picked":"SKIP","floor":10},{"not_picked":["Scrape","Stack"],"picked":"Defragment","floor":11},{"not_picked":["Darkness","Sweeping Beam"],"picked":"Electrodynamics","floor":12},{"not_picked":["Reinforced Body","Gash","Blizzard"],"picked":"SKIP","floor":14},{"not_picked":["Multi-Cast","Seek"],"picked":"Core Surge","floor":16},{"not_picked":["Reprogram","Sweeping Beam","Doom and Gloom"],"picked":"SKIP","floor":18},{"not_picked":["Sweeping Beam","Barrage+1","Rebound+1"],"picked":"SKIP","floor":19},{"not_picked":["Chaos","Reinforced Body+1"],"picked":"Static Discharge","floor":24},{"not_picked":["Chill","Beam Cell"],"picked":"Conserve Battery","floor":30},{"not_picked":["Echo Form","Redo+1"],"picked":"Static Discharge","floor":31},{"not_picked":["Streamline","Turbo"],"picked":"Hologram","floor":32},{"not_picked":["Fission","Rainbow"],"picked":"Biased Cognition","floor":33},{"not_picked":["Ball Lightning+1","Sweeping Beam+1","Turbo+1"],"picked":"SKIP","floor":35},{"not_picked":["Hologram+1","Undo+1"],"picked":"Consume+1","floor":36},{"not_picked":["Barrage+1","Streamline+1","Go for the Eyes"],"picked":"SKIP","floor":37}],"player_experience":526110,"relics_obtained":[{"floor":7,"key":"FossilizedHelix"},{"floor":8,"key":"Pear"},{"floor":9,"key":"Bronze Scales"},{"floor":20,"key":"Omamori"},{"floor":26,"key":"Potion Belt"},{"floor":27,"key":"Necronomicon"},{"floor":31,"key":"Ancient Tea Set"}],"event_choices":[{"damage_healed":0,"gold_gain":175,"player_choice":"AGREE","damage_taken":0,"max_hp_gain":0,"max_hp_loss":0,"event_name":"Liars Game","floor":3,"gold_loss":0,"cards_obtained":["Doubt"]},{"damage_healed":0,"gold_gain":0,"player_choice":"Success","damage_taken":25,"relics_obtained":["Dream Catcher"],"max_hp_gain":0,"max_hp_loss":0,"event_name":"Scrap Ooze","floor":4,"gold_loss":0},{"damage_healed":0,"gold_gain":0,"player_choice":"Entered Light","damage_taken":15,"max_hp_gain":0,"max_hp_loss":0,"event_name":"Shining Light","floor":5,"gold_loss":0,"cards_upgraded":["Strike_B","Strike_B"]},{"damage_healed":0,"gold_gain":0,"player_choice":"Ignored","damage_taken":0,"max_hp_gain":0,"max_hp_loss":0,"event_name":"Vampires","floor":21,"gold_loss":0},{"damage_healed":0,"gold_gain":0,"player_choice":"Obtained Book","damage_taken":16,"max_hp_gain":0,"max_hp_loss":0,"event_name":"Cursed Tome","floor":27,"gold_loss":0},{"cards_removed":["Panache"],"damage_healed":0,"gold_gain":0,"player_choice":"Removed Power","damage_taken":0,"max_hp_gain":0,"max_hp_loss":0,"event_name":"Falling","floor":38,"gold_loss":0}],"is_beta":false,"boss_relics":[{"not_picked":["Philosopher\u0027s Stone","Coffee Dripper"],"picked":"FrozenCore"},{"not_picked":["Runic Dome","Orrery"],"picked":"Empty Cage"}],"items_purged_floors":[13],"is_endless":false,"potions_floor_spawned":[1,10,12,18,30,33,36],"killed_by":"Nemesis","ascension_level":0}