{"gold_per_floor":[119,69,34,48,61,92,92,104,104,133,146,146,23,38,38,117,117,131,101,119,129,143,143,172,184,231,231,37,37,51,63,63,140,140,156,171,171,189,235,235,254,254,254,254,92,112,12,25,25,25,25,25,25,25],"floor_reached":54,"playtime":4625,"items_purged":["Strike_B","Shame"],"score":1127,"play_id":"996e9451-3f4f-4bab-9253-276c1a104357","local_time":"20190101183831","is_ascension_mode":true,"campfire_choices":[{"floor":7.0,"key":"REST"},{"floor":12.0,"key":"RECALL"},{"floor":15.0,"key":"REST"},{"floor":23.0,"key":"REST"},{"floor":27.0,"key":"REST"},{"data":"Defragment","floor":29.0,"key":"SMITH"},{"floor":32.0,"key":"REST"},{"floor":40.0,"key":"REST"},{"data":"Glacier","floor":42.0,"key":"SMITH"},{"data":"Dualcast","floor":44.0,"key":"SMITH"},{"data":"Chill","floor":49.0,"key":"SMITH"},{"data":"Go for the Eyes","floor":52,"key":"SMITH"}],"neow_cost":"NONE","seed_source_timestamp":0,"circlet_count":0,"master_deck":["AscendersBane","Strike_B+1","Strike_B+1","Defend_B","Defend_B","Defend_B","Defend_B","Zap","Dualcast+1","Leap","Sunder","Conserve Battery","Rip and Tear","Chill+1","Genetic Algorithm","Doom and Gloom","Hologram","Barrage","Echo Form","Go for the Eyes+1","Reboot","Cold Snap","Coolheaded","Defragment+1","Seek","Leap","Coolheaded","Biased Cognition","Sweeping Beam","Coolheaded","Barrage+1","Self Repair+1","Glacier+1","Decay","Core Surge"],"special_seed":0,"relics":["Cracked Core","Whetstone","Letter Opener","Kunai","Cursed Key","Regal Pillow","Sozu","FossilizedHelix","Gremlin Horn"],"potions_floor_usage":[],"damage_taken":[{"damage":0.0,"enemies":"2 Louse","floor":1.0,"turns":1.0},{"damage":2.0,"enemies":"Jaw Worm","floor":4.0,"turns":3.0},{"damage":6.0,"enemies":"Cultist","floor":5.0,"turns":3.0},{"damage":25.0,"enemies":"Gremlin Nob","floor":6.0,"turns":4.0},{"damage":0.0,"enemies":"Exordium Wildlife","floor":8.0,"turns":3.0},{"damage":13.0,"enemies":"3 Sentries","floor":10.0,"turns":12.0},{"damage":16.0,"enemies":"Gremlin Gang","floor":11.0,"turns":5.0},{"damage":2.0,"enemies":"Lots of Slimes","floor":14.0,"turns":3.0},{"damage":17.0,"enemies":"The Guardian","floor":16.0,"turns":15.0},{"damage":19.0,"enemies":"2 Thieves","floor":18.0,"turns":4.0},{"damage":11.0,"enemies":"Spheric Guardian","floor":20.0,"turns":4.0},{"damage":34.0,"enemies":"Snake Plant","floor":21.0,"turns":5.0},{"damage":10.0,"enemies":"Centurion and Healer","floor":22.0,"turns":6.0},{"damage":23.0,"enemies":"Gremlin Leader","floor":24.0,"turns":9.0},{"damage":2.0,"enemies":"Snecko","floor":25.0,"turns":4.0},{"damage":2.0,"enemies":"Snake Plant","floor":30.0,"turns":6.0},{"damage":0.0,"enemies":"Shelled Parasite and Fungi","floor":31.0,"turns":5.0},{"damage":50.0,"enemies":"Automaton","floor":33.0,"turns":16.0},{"damage":13.0,"enemies":"3 Darklings","floor":35.0,"turns":6.0},{"damage":4.0,"enemies":"Orb Walker","floor":36.0,"turns":4.0},{"damage":0.0,"enemies":"4 Shapes","floor":38.0,"turns":6.0},{"damage":26.0,"enemies":"2 Orb Walkers","floor":39.0,"turns":5.0},{"damage":0.0,"enemies":"Transient","floor":41.0,"turns":5.0},{"damage":0.0,"enemies":"Sphere and 2 Shapes","floor":46.0,"turns":4.0},{"damage":9.0,"enemies":"3 Darklings","floor":48.0,"turns":5.0},{"damage":19,"enemies":"Awakened One","floor":50,"turns":23},{"damage":84,"enemies":"Shield and Spear","floor":54,"turns":6}],"seed_played":"-3814660141538415693","potions_obtained":[{"floor":4.0,"key":"Weak Potion"},{"floor":6.0,"key":"EssenceOfSteel"},{"floor":8.0,"key":"Poison Potion"},{"floor":10.0,"key":"Regen Potion"},{"floor":19.0,"key":"SkillPotion"},{"floor":19.0,"key":"Explosive Potion"},{"floor":20.0,"key":"Regen Potion"},{"floor":25.0,"key":"Dexterity Potion"},{"floor":31.0,"key":"Fire Potion"}],"is_trial":false,"path_per_floor":["M","?","?","M","M","E","R","M","T","E","M","R","$","M","R","B",null,"M","?","M","M","M","R","E","M","T","R","$","R","M","M","R","B",null,"M","M","?","M","?","R","M","R","T","R","$","M","$","M","R","B",null,"R","$","E"],"character_chosen":"DEFECT","items_purchased":["Hologram","Defragment","Seek","Leap","Core Surge"],"campfire_rested":6,"item_purchase_floors":[13,28,28,28,45],"current_hp_per_floor":[71,71,71,69,63,38,61,61,61,48,32,32,32,30,53,51,71,52,52,41,16,6,29,6,4,4,42,42,42,40,40,78,28,66,53,49,49,49,23,61,71,71,71,71,71,78,78,78,78,78,78,78,78,0],"gold":25,"neow_bonus":"TEN_PERCENT_HP_BONUS","is_prod":false,"is_daily":false,"chose_seed":false,"campfire_upgraded":5,"win_rate":0,"timestamp":1546389511,"path_taken":["M","?","?","M","M","E","R","M","T","E","M","R","?","?","R","BOSS","M","?","M","?","?","R","E","M","T","R","$","R","M","?","R","BOSS","M","M","?","M","?","R","M","R","T","R","?","?","$","M","R","BOSS","R","$","E"],"build_version":"2018-12-20","purchased_purges":2,"victory":false,"max_hp_per_floor":[78,78,78,78,78,78,78,78,78,78,78,78,78,78,78,78,78,78,78,78,78,78,78,78,78,78,78,78,78,78,78,78,78,78,78,78,78,78,78,78,78,78,78,78,78,78,78,78,78,78,78,78,78,78],"card_choices":[{"not_picked":["Darkness","Redo"],"picked":"Leap","floor":1.0},{"not_picked":["Steam Power","Coolheaded"],"picked":"Sunder","floor":4.0},{"not_picked":["Beam Cell","Aggregate"],"picked":"Conserve Battery","floor":5.0},{"not_picked":["Streamline","Go for the Eyes"],"picked":"Rip and Tear","floor":6.0},{"not_picked":["Gash","Force Field"],"picked":"Chill","floor":8.0},{"not_picked":["Undo","Melter"],"picked":"Genetic Algorithm","floor":10.0},{"not_picked":["Rebound","Melter"],"picked":"Doom and Gloom","floor":11.0},{"not_picked":["Sunder","Steam Power"],"picked":"Barrage","floor":14.0},{"not_picked":["Biased Cognition","Machine Learning"],"picked":"Echo Form","floor":16.0},{"not_picked":["Auto Shields+1","Fusion","Redo"],"picked":"SKIP","floor":18.0},{"not_picked":["Blizzard","Redo","Barrage"],"picked":"SKIP","floor":20.0},{"not_picked":["Beam Cell+1","Conserve Battery"],"picked":"Go for the Eyes","floor":21.0},{"not_picked":["Streamline","FTL"],"picked":"Reboot","floor":22.0},{"not_picked":["Stack","Hello World+1"],"picked":"Cold Snap","floor":24.0},{"not_picked":["Turbo","Conserve Battery"],"picked":"Coolheaded","floor":25.0},{"not_picked":["Stack","Hologram+1"],"picked":"Coolheaded","floor":30.0},{"not_picked":["Blizzard","Genetic Algorithm","White Noise"],"picked":"SKIP","floor":31.0},{"not_picked":["All For One","Seek"],"picked":"Biased Cognition","floor":33.0},{"not_picked":["Rebound","Go for the Eyes"],"picked":"Sweeping Beam","floor":35.0},{"not_picked":["Gash+1","Ball Lightning"],"picked":"Coolheaded","floor":36.0},{"not_picked":["Steam Power","Leap"],"picked":"Barrage+1","floor":38.0},{"not_picked":["Barrage","Sweeping Beam"],"picked":"Self Repair+1","floor":39.0},{"not_picked":["Cold Snap","Chaos"],"picked":"Glacier","floor":41.0},{"not_picked":["Reinforced Body","Gash","Aggregate"],"picked":"SKIP","floor":46.0},{"not_picked":["Ball Lightning","Force Field","Leap+1"],"picked":"SKIP","floor":48.0}],"player_experience":356860,"relics_obtained":[{"floor":6.0,"key":"Whetstone"},{"floor":9.0,"key":"Letter Opener"},{"floor":10.0,"key":"Kunai"},{"floor":24.0,"key":"Regal Pillow"},{"floor":39.0,"key":"FossilizedHelix"},{"floor":43.0,"key":"Gremlin Horn"}],"event_choices":[{"cards_removed":["Strike_B"],"damage_healed":0.0,"max_hp_gain":0.0,"max_hp_loss":0.0,"gold_gain":0.0,"event_name":"The Cleric","player_choice":"Card Removal","floor":2.0,"gold_loss":50.0,"damage_taken":0.0},{"damage_healed":0.0,"max_hp_gain":0.0,"max_hp_loss":0.0,"gold_gain":0.0,"event_name":"World of Goop","player_choice":"Left Gold","floor":3.0,"gold_loss":35.0,"damage_taken":0.0},{"damage_healed":0.0,"max_hp_gain":0.0,"max_hp_loss":0.0,"gold_gain":0.0,"event_name":"The Woman in Blue","player_choice":"Bought 2 Potions","floor":19.0,"gold_loss":0.0,"damage_taken":0.0},{"damage_healed":0.0,"max_hp_gain":0.0,"max_hp_loss":0.0,"gold_gain":0.0,"event_name":"Tomb of Lord Red Mask","player_choice":"Ignored","floor":37.0,"gold_loss":0.0,"damage_taken":0.0},{"damage_healed":0.0,"max_hp_gain":0.0,"max_hp_loss":0.0,"gold_gain":0.0,"event_name":"Mysterious Sphere","player_choice":"Fight","floor":39.0,"gold_loss":0.0,"damage_taken":0.0}],"is_beta":false,"boss_relics":[{"not_picked":["Empty Cage","Tiny House"],"picked":"Cursed Key"},{"not_picked":["Coffee Dripper","Velvet Choker"],"picked":"Sozu"}],"items_purged_floors":[13,47],"is_endless":false,"potions_floor_spawned":[4,6,8,10,20,25,31,38,46],"killed_by":"Shield and Spear","ascension_level":14}