{"gold_per_floor":[110,121,46,46,57,57,90,90,114,114,125,125,140,150,150,150],"floor_reached":16,"playtime":583,"items_purged":["Defend_B"],"score":133,"play_id":"329c246c-2f80-442f-b680-974f370ab077","local_time":"20180915220907","is_ascension_mode":true,"campfire_choices":[{"data":"Go for the Eyes","floor":6,"key":"SMITH"},{"data":"Double Energy","floor":10,"key":"SMITH"},{"floor":12,"key":"REST"},{"floor":15,"key":"REST"}],"neow_cost":"NONE","seed_source_timestamp":33871006045977,"circlet_count":0,"master_deck":["Strike_B","Strike_B","Strike_B","Defend_B","Defend_B","Defend_B","Zap","Dualcast","All For One","Go for the Eyes+1","Rebound","Double Energy+1","Static Discharge","Skim","Steam"],"relics":["Cracked Core","Boot","Thread and Needle","Vajra"],"potions_floor_usage":[7,16],"damage_taken":[{"damage":0,"enemies":"Cultist","floor":1,"turns":4},{"damage":1,"enemies":"Jaw Worm","floor":2,"turns":4},{"damage":5,"enemies":"2 Louse","floor":5,"turns":2},{"damage":16,"enemies":"Gremlin Nob","floor":7,"turns":3},{"damage":0,"enemies":"2 Fungi Beasts","floor":11,"turns":2},{"damage":9,"enemies":"Large Slime","floor":13,"turns":4},{"damage":16,"enemies":"Exordium Thugs","floor":14,"turns":4},{"damage":51,"enemies":"Slime Boss","floor":16,"turns":5}],"seed_played":"-771777202012202539","potions_obtained":[{"floor":1,"key":"SmokeBomb"},{"floor":5,"key":"Fire Potion"},{"floor":13,"key":"Dexterity Potion"}],"is_trial":false,"path_per_floor":["M","M","$","?","M","R","E","?","T","R","M","R","M","M","R"],"character_chosen":"DEFECT","items_purchased":[],"campfire_rested":2,"item_purchase_floors":[],"current_hp_per_floor":[68,67,67,60,55,55,39,32,32,32,32,54,45,29,51,0],"gold":150,"neow_bonus":"ONE_RANDOM_RARE_CARD","is_prod":false,"is_daily":false,"chose_seed":false,"campfire_upgraded":2,"win_rate":0,"timestamp":1537042147,"path_taken":["M","M","?","?","M","R","E","?","T","R","M","R","M","M","R","BOSS"],"build_version":"2018-09-06","purchased_purges":1,"victory":false,"max_hp_per_floor":[75,75,75,75,75,75,75,75,75,75,75,75,75,75,75,75],"card_choices":[{"not_picked":["Genetic Algorithm","Cold Snap","Darkness"],"picked":"SKIP","floor":1},{"not_picked":["Redo","Heatsinks"],"picked":"Go for the Eyes","floor":2},{"not_picked":["Heatsinks","Barrage"],"picked":"Rebound","floor":5},{"not_picked":["Coolheaded","Loop"],"picked":"Double Energy","floor":7},{"not_picked":["Defragment","Capacitor"],"picked":"Static Discharge","floor":11},{"not_picked":["Rebound","Redo"],"picked":"Skim","floor":13},{"not_picked":["Rip and Tear","Consume"],"picked":"Steam","floor":14}],"player_experience":202465,"relics_obtained":[{"floor":7,"key":"Thread and Needle"},{"floor":9,"key":"Vajra"}],"event_choices":[{"event_name":"Scrap Ooze","player_choice":"success","floor":4,"damage_taken":7},{"event_name":"Golden Wing","player_choice":"Card Removal","floor":8,"damage_taken":0}],"is_beta":false,"boss_relics":[],"items_purged_floors":[3],"is_endless":false,"potions_floor_spawned":[1,5,13],"killed_by":"Slime Boss","ascension_level":6}