{"path_per_floor":["M","M","M","M","M","M","M","M","T","$","R","M","M","M","R","B",null,"M","?","$","?","M","R","E","R","T","M","R","M","M"],"character_chosen":"THE_SILENT","items_purchased":["Blind","Strawberry","Predator"],"gold_per_floor":[112,126,141,154,168,188,208,226,226,58,58,77,96,110,110,214,214,229,229,48,48,59,59,87,87,87,97,97,110,122],"floor_reached":31,"campfire_rested":3,"playtime":5217,"current_hp_per_floor":[67,64,60,55,55,41,23,20,20,20,41,24,24,23,23,22,70,36,20,27,27,27,42,22,22,22,4,19,8,4],"items_purged":["Defend_G"],"gold":122,"score":283,"play_id":"38df462f-c943-4e84-a099-ec2b2c4d7458","is_prod":false,"is_daily":false,"is_ascension_mode":false,"campfire_upgraded":2,"path_taken":["M","M","M","M","M","M","M","M","T","$","R","M","?","M","R","BOSS","M","?","$","?","M","R","E","R","T","M","R","M","M","?"],"build_version":"2018-02-12-PROD1","purchased_purges":1,"victory":false,"master_deck":["Defend_G","Defend_G","Defend_G","Defend_G","Survivor","Neutralize","Heel Hook","Caltrops+1","Endless Agony+1","Heel Hook","Well Laid Plans","Dagger Throw","Backflip","Malaise","Blind","Blur","Flying Knee","Outmaneuver","Phantasmal Killer","Flying Knee+1","Predator","Bite","Bite","Bite","Bite","Bite","Noxious Fumes","Terror","Dash","Backstab","Prepared","Outmaneuver+1"],"max_hp_per_floor":[70,70,70,70,70,70,70,70,70,70,70,70,70,70,70,70,70,70,70,77,53,53,53,53,53,53,53,53,53,53],"relics":["Ring of the Snake","Pen Nib","Question Card","Nilry\u0027s Codex","Strawberry","Letter Opener","Dream Catcher"],"card_choices":[{"not_picked":["Footwork","Backflip"],"picked":"Heel Hook"},{"not_picked":["PiercingWail","Prepared"],"picked":"Caltrops"},{"not_picked":["PiercingWail","Backstab"],"picked":"Endless Agony"},{"not_picked":["All Out Attack","Prepared"],"picked":"Heel Hook"},{"not_picked":["Masterful Stab","Eviscerate"],"picked":"Well Laid Plans"},{"not_picked":["Slice","PiercingWail"],"picked":"Dagger Throw"},{"not_picked":["Deflect","Dagger Spray"],"picked":"Backflip"},{"not_picked":["Glass Knife","PiercingWail"],"picked":"Malaise"},{"not_picked":["Masterful Stab","Backflip"],"picked":"Blur"},{"not_picked":["Eviscerate","Skewer"],"picked":"Flying Knee"},{"not_picked":["Eviscerate","Deadly Poison"],"picked":"Outmaneuver"},{"not_picked":["Glass Knife","Burst"],"picked":"Phantasmal Killer"},{"not_picked":["Riddle With Holes","Poisoned Stab","Blade Dance"],"picked":"Flying Knee"},{"not_picked":["Prepared","Choke","Backflip"],"picked":"Noxious Fumes"},{"not_picked":["Caltrops","Sucker Punch","Dagger Throw"],"picked":"Terror"},{"not_picked":["Dagger Throw","Footwork","Deadly Poison"],"picked":"Dash"},{"not_picked":["Predator","Backflip","Flechettes"],"picked":"Backstab"},{"not_picked":["Caltrops","Crippling Poison","Eviscerate"],"picked":"Prepared"},{"not_picked":["Distraction","Riddle With Holes","Quick Slash"],"picked":"Outmaneuver"}],"player_experience":3233,"potions_floor_usage":[27,30,31],"damage_taken":[{"damage":3.0,"enemies":"Blue Slaver","floor":1.0,"turns":6.0},{"damage":3.0,"enemies":"2 Louse","floor":2.0,"turns":4.0},{"damage":4.0,"enemies":"Jaw Worm","floor":3.0,"turns":6.0},{"damage":5.0,"enemies":"3 Louse","floor":4.0,"turns":4.0},{"damage":0.0,"enemies":"Looter","floor":5.0,"turns":3.0},{"damage":14.0,"enemies":"Exordium Thugs","floor":6.0,"turns":6.0},{"damage":18.0,"enemies":"Gremlin Gang","floor":7.0,"turns":5.0},{"damage":3.0,"enemies":"3 Louse","floor":8.0,"turns":4.0},{"damage":17.0,"enemies":"Exordium Thugs","floor":12.0,"turns":5.0},{"damage":0.0,"enemies":"Large Slime","floor":13.0,"turns":5.0},{"damage":1.0,"enemies":"Exordium Wildlife","floor":14.0,"turns":3.0},{"damage":1.0,"enemies":"Hexaghost","floor":16.0,"turns":10.0},{"damage":34.0,"enemies":"Spheric Guardian","floor":18.0,"turns":6.0},{"damage":10.0,"enemies":"Chosen","floor":22.0,"turns":7.0},{"damage":24.0,"enemies":"Book of Stabbing","floor":24.0,"turns":6.0},{"damage":30,"enemies":"Slaver and Parasite","floor":27,"turns":6},{"damage":17,"enemies":"Snecko","floor":29,"turns":5},{"damage":10,"enemies":"Chosen and Byrds","floor":30,"turns":7},{"damage":6,"enemies":"Slaver and Parasite","floor":31,"turns":2}],"event_choices":[{"event_name":"Cursed Tome","player_choice":"Obtained Book","floor":19.0,"damage_taken":0.0},{"event_name":"Vampires","player_choice":"Became a vampire","floor":21.0,"damage_taken":0.0}],"boss_relics":[],"potions_floor_spawned":[1,2,6,13,16,22,24,27,30],"seed_played":"-9004312785863123806","killed_by":"Slaver and Parasite","ascension_level":0,"is_trial":false}