{"gold_per_floor":[17,31,45,45,45,45,88,109,135,151,76,76,97,163,163,284,284,274,297,297,297,311,311,338,358,358,358,358,369,369,388,388,388],"floor_reached":33,"playtime":1790,"items_purged":["Strike_R"],"score":377,"play_id":"af4783b4-626e-42be-ac49-4e6b36f76507","local_time":"20181009184547","is_ascension_mode":true,"campfire_choices":[{"data":"Bash","floor":6,"key":"SMITH"},{"data":"True Grit","floor":12,"key":"SMITH"},{"data":"Limit Break","floor":15,"key":"SMITH"},{"data":"Shrug It Off","floor":23,"key":"SMITH"},{"floor":28,"key":"REST"},{"floor":32,"key":"REST"}],"neow_cost":"NO_GOLD","seed_source_timestamp":19554661904459,"circlet_count":0,"master_deck":["Strike_R","Strike_R","Defend_R","Defend_R","Defend_R","Defend_R+1","Bash+1","Seeing Red","Shrug It Off+1","Clothesline+1","Headbutt","Rampage","True Grit+1","Spot Weakness","Shrug It Off","Limit Break+1","Offering","Havoc+1","Cleave+1","Armaments+1","Battle Trance+1"],"relics":["Burning Blood","Bloody Idol","Bag of Preparation","Centennial Puzzle","Tiny Chest","Velvet Choker","Dodecahedron","Pantograph","Matryoshka"],"potions_floor_usage":[7,7,18,24,24,29,33,33],"damage_taken":[{"damage":2,"enemies":"Jaw Worm","floor":1,"turns":3},{"damage":3,"enemies":"2 Louse","floor":2,"turns":3},{"damage":1,"enemies":"Cultist","floor":3,"turns":5},{"damage":24,"enemies":"3 Sentries","floor":7,"turns":12},{"damage":4,"enemies":"2 Fungi Beasts","floor":8,"turns":3},{"damage":5,"enemies":"Exordium Wildlife","floor":10,"turns":4},{"damage":4,"enemies":"3 Louse","floor":13,"turns":3},{"damage":18,"enemies":"Gremlin Nob","floor":14,"turns":3},{"damage":7,"enemies":"Hexaghost","floor":16,"turns":10},{"damage":20,"enemies":"2 Thieves","floor":18,"turns":4},{"damage":13,"enemies":"Chosen","floor":19,"turns":6},{"damage":13,"enemies":"3 Cultists","floor":22,"turns":5},{"damage":40,"enemies":"Gremlin Leader","floor":24,"turns":5},{"damage":10,"enemies":"Centurion and Healer","floor":25,"turns":7},{"damage":6,"enemies":"Chosen and Byrds","floor":29,"turns":4},{"damage":9,"enemies":"Colosseum Slavers","floor":30,"turns":5},{"damage":18,"enemies":"Shelled Parasite and Fungi","floor":31,"turns":7},{"damage":81,"enemies":"Collector","floor":33,"turns":8}],"seed_played":"3030727860618792629","potions_obtained":[{"floor":2,"key":"Regen Potion"},{"floor":3,"key":"SkillPotion"},{"floor":13,"key":"LiquidBronze"},{"floor":16,"key":"LiquidBronze"},{"floor":18,"key":"Swift Potion"},{"floor":24,"key":"AttackPotion"},{"floor":29,"key":"SpeedPotion"},{"floor":31,"key":"Dexterity Potion"}],"is_trial":false,"path_per_floor":["M","M","M","?","?","R","E","M","T","M","$","R","M","E","R","B",null,"M","M","?","T","M","R","E","M","T","?","R","M","?","M","R"],"character_chosen":"IRONCLAD","items_purchased":[],"campfire_rested":2,"item_purchase_floors":[],"current_hp_per_floor":[76,79,80,60,44,44,41,43,43,44,44,44,46,34,34,33,68,54,47,47,47,45,45,16,17,17,17,41,46,43,36,60,0],"gold":388,"neow_bonus":"TRANSFORM_TWO_CARDS","is_prod":false,"is_daily":false,"chose_seed":false,"campfire_upgraded":4,"win_rate":0,"timestamp":1539103547,"path_taken":["M","M","M","?","?","R","E","M","T","M","$","R","M","E","R","BOSS","M","M","?","?","M","R","E","M","T","?","R","?","?","M","R","BOSS"],"build_version":"2018-10-08","purchased_purges":1,"victory":false,"max_hp_per_floor":[80,80,80,80,80,80,80,80,80,80,80,80,80,80,80,80,80,80,80,80,80,80,80,80,80,80,80,80,80,80,80,80,80],"card_choices":[{"not_picked":["Headbutt","Flex"],"picked":"Shrug It Off","floor":1},{"not_picked":["Heavy Blade","Thunderclap"],"picked":"Clothesline","floor":2},{"not_picked":["Heavy Blade","Metallicize"],"picked":"Headbutt","floor":3},{"not_picked":["Clash","Warcry"],"picked":"Rampage","floor":7},{"not_picked":["Clash","Metallicize"],"picked":"True Grit","floor":8},{"not_picked":["Sentinel","True Grit"],"picked":"Spot Weakness","floor":10},{"not_picked":["Havoc","True Grit"],"picked":"Shrug It Off","floor":13},{"not_picked":["Heavy Blade","Burning Pact"],"picked":"Limit Break","floor":14},{"not_picked":["Bludgeon","Berserk"],"picked":"Offering","floor":16},{"not_picked":["Warcry","True Grit"],"picked":"Havoc+1","floor":18},{"not_picked":["Iron Wave","Sword Boomerang"],"picked":"Cleave+1","floor":19},{"not_picked":["Havoc","True Grit"],"picked":"Armaments+1","floor":22},{"not_picked":["Hemokinesis","Rupture","Double Tap"],"picked":"SKIP","floor":24},{"not_picked":["Body Slam","Anger","Clash"],"picked":"SKIP","floor":25},{"not_picked":["Dropkick","Iron Wave","Twin Strike"],"picked":"SKIP","floor":29},{"not_picked":["Dropkick+1","Limit Break"],"picked":"Battle Trance+1","floor":31}],"player_experience":201210,"relics_obtained":[{"floor":7,"key":"Bag of Preparation"},{"floor":9,"key":"Centennial Puzzle"},{"floor":14,"key":"Tiny Chest"},{"floor":21,"key":"Dodecahedron"},{"floor":24,"key":"Pantograph"},{"floor":26,"key":"Matryoshka"}],"event_choices":[{"event_name":"Golden Idol","player_choice":"Take Damage","floor":4,"damage_taken":0},{"event_name":"Shining Light","player_choice":"Entered Light","floor":5,"damage_taken":0},{"event_name":"Forgotten Altar","player_choice":"Gave Idol","floor":20,"damage_taken":0},{"event_name":"Back to Basics","player_choice":"Elegance","floor":27,"damage_taken":0},{"event_name":"Colosseum","player_choice":"Fight","floor":30,"damage_taken":0},{"event_name":"Colosseum","player_choice":"Fled From Nobs","floor":30,"damage_taken":0}],"is_beta":true,"boss_relics":[{"not_picked":["Fusion Hammer","White Beast Statue"],"picked":"Velvet Choker"}],"items_purged_floors":[11],"is_endless":false,"potions_floor_spawned":[2,3,13,16,18,24,29,30,31],"killed_by":"Collector","ascension_level":7}