{"gold_per_floor":[15,35,49,49,62,94,94,111,111,111,125,139,157,175,175,273,273,290,230],"floor_reached":19,"playtime":1039,"items_purged":[],"score":228,"play_id":"d78039c4-c033-4e89-99bd-a044dc2f50c5","local_time":"20180915100649","is_ascension_mode":true,"campfire_choices":[{"floor":7,"key":"REST"},{"floor":15,"key":"REST"}],"neow_cost":"NO_GOLD","seed_source_timestamp":70413795055631,"circlet_count":0,"master_deck":["Strike_B","Strike_B","Strike_B","Strike_B","Defend_B","Defend_B","Defend_B","Defend_B","Zap","Dualcast","Creative AI+1","Sunder+1","Coolheaded","Conserve Battery","Melter","Capacitor","Beam Cell","Ball Lightning","Multi-Cast","Electrodynamics","Doom and Gloom"],"relics":["Cracked Core","Happy Flower","Pantograph","Inserter"],"potions_floor_usage":[6,11,13,13,14],"damage_taken":[{"damage":4,"enemies":"Small Slimes","floor":1,"turns":3},{"damage":9,"enemies":"Cultist","floor":2,"turns":5},{"damage":1,"enemies":"2 Louse","floor":3,"turns":3},{"damage":4,"enemies":"Exordium Wildlife","floor":5,"turns":5},{"damage":45,"enemies":"Gremlin Nob","floor":6,"turns":5},{"damage":14,"enemies":"Lots of Slimes","floor":8,"turns":3},{"damage":0,"enemies":"2 Fungi Beasts","floor":11,"turns":2},{"damage":0,"enemies":"Exordium Wildlife","floor":12,"turns":1},{"damage":6,"enemies":"Red Slaver","floor":13,"turns":3},{"damage":0,"enemies":"Lots of Slimes","floor":14,"turns":2},{"damage":24,"enemies":"Slime Boss","floor":16,"turns":5},{"damage":41,"enemies":"Shell Parasite","floor":18,"turns":5},{"damage":30,"enemies":"2 Thieves","floor":19,"turns":2}],"seed_played":"2814142566173547412","potions_obtained":[{"floor":3,"key":"FocusPotion"},{"floor":6,"key":"LiquidBronze"},{"floor":8,"key":"EssenceOfSteel"},{"floor":11,"key":"LiquidBronze"},{"floor":13,"key":"Explosive Potion"}],"is_trial":false,"path_per_floor":["M","M","M","?","M","E","R","M","T","?","M","M","M","M","R","B",null,"M"],"character_chosen":"DEFECT","items_purchased":[],"campfire_rested":2,"item_purchase_floors":[],"current_hp_per_floor":[64,55,54,54,50,5,27,13,13,13,13,13,7,7,29,30,64,23,0],"gold":230,"neow_bonus":"THREE_RARE_CARDS","is_prod":false,"is_daily":false,"chose_seed":false,"campfire_upgraded":0,"win_rate":0,"timestamp":1536998809,"path_taken":["M","M","M","?","M","E","R","M","T","?","M","?","M","M","R","BOSS","M","M"],"build_version":"2018-09-06","purchased_purges":0,"victory":false,"max_hp_per_floor":[75,75,75,75,75,75,75,75,75,75,75,75,75,75,75,75,75,75,75],"card_choices":[{"not_picked":["Amplify","Fission"],"picked":"Creative AI","floor":0},{"not_picked":["Redo","Auto Shields"],"picked":"Sunder","floor":1},{"not_picked":["Hello World","Sweeping Beam"],"picked":"Coolheaded","floor":2},{"not_picked":["Sweeping Beam","Heatsinks"],"picked":"Conserve Battery","floor":3},{"not_picked":["Meteor Strike","Turbo","Hello World"],"picked":"SKIP","floor":5},{"not_picked":["Reinforced Body","Redo","Compile Driver"],"picked":"SKIP","floor":6},{"not_picked":["Go for the Eyes","Reinforced Body"],"picked":"Melter","floor":8},{"not_picked":["Compile Driver","Tempest"],"picked":"Capacitor","floor":11},{"not_picked":["Consume","Reinforced Body"],"picked":"Beam Cell","floor":12},{"not_picked":["Chaos","Turbo"],"picked":"Ball Lightning","floor":13},{"not_picked":["Turbo","Leap"],"picked":"Multi-Cast","floor":14},{"not_picked":["Creative AI","Reboot"],"picked":"Electrodynamics","floor":16},{"not_picked":["Barrage","Steam"],"picked":"Doom and Gloom","floor":18}],"player_experience":192597,"relics_obtained":[{"floor":6,"key":"Happy Flower"},{"floor":9,"key":"Pantograph"}],"event_choices":[{"event_name":"Upgrade Shrine","player_choice":"Upgraded","floor":4,"damage_taken":0},{"event_name":"Living Wall","player_choice":"Grow","floor":10,"damage_taken":0}],"is_beta":false,"boss_relics":[{"not_picked":["FrozenCore","Eternal Feather"],"picked":"Inserter"}],"items_purged_floors":[],"is_endless":false,"potions_floor_spawned":[3,6,8,11,13],"killed_by":"2 Thieves","ascension_level":6}