{"path_per_floor":["M","?","?","M","M","E","R","E","T","?","R","E","M","M","R","B",null,"M","?","?","?","?","E","M"],"character_chosen":"DEFECT","items_purchased":[],"gold_per_floor":[109,109,109,127,139,169,169,198,198,228,228,254,264,279,279,377,377,391,391,391,306,306,333,351,351],"floor_reached":25,"campfire_rested":2,"playtime":756,"item_purchase_floors":[],"current_hp_per_floor":[70,55,55,53,43,29,29,18,18,11,33,16,2,2,24,2,75,58,42,42,42,42,27,27,0],"items_purged":[],"gold":351,"score":263,"play_id":"0aa867c2-31b1-442a-a6fc-8baf026e404b","local_time":"20180530152132","is_prod":false,"is_daily":false,"chose_seed":false,"is_ascension_mode":true,"campfire_upgraded":1,"win_rate":0,"timestamp":1527708092,"campfire_choices":[{"data":"Double Energy","floor":7,"key":"SMITH"},{"floor":11,"key":"REST"},{"floor":15,"key":"REST"}],"path_taken":["M","?","?","?","M","E","R","E","T","?","R","E","?","M","R","BOSS","M","?","?","?","?","E","M","E"],"build_version":"2018-05-29","seed_source_timestamp":179017613668269,"purchased_purges":0,"victory":false,"master_deck":["Strike_B+1","Strike_B+1","Strike_B","Defend_B","Defend_B","Defend_B","Defend_B","Zap","Dualcast","Streamline+1","All For One+1","Double Energy","Double Energy+1","Gash","Static Discharge","Seek","Compile Driver","Beam Cell","Machine Learning","Melter+1","Static Discharge+1","Gash"],"max_hp_per_floor":[75,75,75,75,75,75,75,75,75,75,75,75,75,75,75,75,75,75,75,75,75,75,75,75,75],"relics":["Cracked Core","Mercury Hourglass","Whetstone","Matryoshka","Tiny Chest","Pen Nib","Nuclear Battery","Nilry\u0027s Codex","Letter Opener","Vajra"],"card_choices":[{"not_picked":["Rebound","Stack","Streamline"],"picked":"SKIP","floor":1},{"not_picked":["Ball Lightning","Blizzard"],"picked":"Double Energy","floor":4},{"not_picked":["Steam Power","Stack"],"picked":"Double Energy","floor":5},{"not_picked":["Hologram","Rip and Tear"],"picked":"Gash","floor":6},{"not_picked":["Stack","Turbo"],"picked":"Static Discharge","floor":8},{"not_picked":["Leap","Heatsinks"],"picked":"Seek","floor":12},{"not_picked":["Force Field","Redo"],"picked":"Compile Driver","floor":13},{"not_picked":["Conserve Battery","Chill"],"picked":"Beam Cell","floor":14},{"not_picked":["Creative AI","Seek"],"picked":"Machine Learning","floor":16},{"not_picked":["Stack+1","Hello World"],"picked":"Melter+1","floor":18},{"not_picked":["Streamline+1","Ball Lightning"],"picked":"Static Discharge+1","floor":23},{"not_picked":["Streamline","Genetic Algorithm"],"picked":"Gash","floor":24}],"player_experience":205273,"potions_floor_usage":[8,12,18,23,25],"damage_taken":[{"damage":5,"enemies":"Small Slimes","floor":1,"turns":3},{"damage":2,"enemies":"Jaw Worm","floor":4,"turns":2},{"damage":10,"enemies":"2 Louse","floor":5,"turns":2},{"damage":14,"enemies":"3 Sentries","floor":6,"turns":5},{"damage":11,"enemies":"Gremlin Nob","floor":8,"turns":3},{"damage":17,"enemies":"3 Sentries","floor":12,"turns":5},{"damage":14,"enemies":"Red Slaver","floor":13,"turns":3},{"damage":0,"enemies":"Large Slime","floor":14,"turns":3},{"damage":22,"enemies":"Hexaghost","floor":16,"turns":6},{"damage":17,"enemies":"2 Thieves","floor":18,"turns":3},{"damage":15,"enemies":"Book of Stabbing","floor":23,"turns":3},{"damage":0,"enemies":"Chosen","floor":24,"turns":1},{"damage":27,"enemies":"Slavers","floor":25,"turns":1}],"relics_obtained":[{"floor":6,"key":"Mercury Hourglass"},{"floor":8,"key":"Whetstone"},{"floor":9,"key":"Matryoshka"},{"floor":12,"key":"Pen Nib"},{"floor":19,"key":"Nilry\u0027s Codex"},{"floor":23,"key":"Vajra"}],"event_choices":[{"event_name":"Shining Light","player_choice":"Entered Light","floor":2,"damage_taken":0},{"event_name":"Match and Keep!","player_choice":"2 cards matched","floor":3,"damage_taken":0},{"event_name":"Match and Keep!","player_choice":"2 cards matched","floor":3,"damage_taken":0},{"event_name":"Scrap Ooze","player_choice":"success","floor":10,"damage_taken":7},{"event_name":"Cursed Tome","player_choice":"Obtained Book","floor":19,"damage_taken":0},{"event_name":"Drug Dealer","player_choice":"Ignored","floor":20,"damage_taken":0},{"event_name":"Addict","player_choice":"Obtained Relic","floor":21,"damage_taken":0},{"event_name":"Purifier","player_choice":"One Purge","floor":22,"damage_taken":0}],"boss_relics":[{"not_picked":["Calling Bell","Ectoplasm"],"picked":"Nuclear Battery"}],"items_purged_floors":[],"potions_floor_spawned":[6,8,13,14,16,18,24],"seed_played":"5655643660109385752","killed_by":"Slavers","ascension_level":2,"potions_obtained":[{"floor":6,"key":"AttackPotion"},{"floor":8,"key":"SteroidPotion"},{"floor":13,"key":"Weak Potion"},{"floor":14,"key":"Swift Potion"},{"floor":16,"key":"Energy Potion"},{"floor":18,"key":"Dexterity Potion"},{"floor":24,"key":"GamblersBrew"}],"is_trial":false}