{"gold_per_floor":[117,192,207,222,76,111,111,146,146,146,161,161,187,204,204,302,302,312,327,237,63,73,73,100,100,100,116,142,116,135,170,170,270,270,280,280,300,300,311,311,323,323],"floor_reached":42,"playtime":4413,"items_purged":["Strike_R","Strike_R"],"score":742,"play_id":"1ec03f74-3a16-4faf-b2d6-8f0c6ae43a92","local_time":"20181229232417","is_ascension_mode":true,"campfire_choices":[{"floor":7,"key":"REST"},{"floor":10,"key":"REST"},{"data":"Inflame","floor":15,"key":"SMITH"},{"floor":23,"key":"RECALL"},{"floor":25,"key":"REST"},{"floor":32,"key":"REST"},{"floor":40,"key":"REST"}],"neow_cost":"PERCENT_DAMAGE","seed_source_timestamp":728482578749318,"circlet_count":0,"master_deck":["AscendersBane","Strike_R+1","Strike_R","Strike_R+1","Defend_R","Defend_R","Defend_R","Defend_R","Bash","Shrug It Off","Shrug It Off","True Grit","Feel No Pain","Offering","Feel No Pain","Armaments+1","Inflame+1","Disarm","Fiend Fire","Cleave","True Grit","Metallicize","Limit Break","Clothesline","Demon Form","Pommel Strike","Burning Pact","Flame Barrier","Seeing Red","Corruption+1","Uppercut","Shrug It Off+1","True Grit","Limit Break","Body Slam","Pommel Strike+1"],"relics":["Burning Blood","Bird Faced Urn","Whetstone","StoneCalendar","Mummified Hand","Omamori","Fusion Hammer","Boot","Ancient Tea Set","Art of War","Champion Belt","Orrery"],"potions_floor_usage":[6,8,16,24,42,42],"damage_taken":[{"damage":13,"enemies":"2 Louse","floor":1,"turns":3},{"damage":2,"enemies":"Small Slimes","floor":3,"turns":4},{"damage":0,"enemies":"Cultist","floor":4,"turns":3},{"damage":18,"enemies":"3 Sentries","floor":6,"turns":24},{"damage":51,"enemies":"Lagavulin","floor":8,"turns":9},{"damage":12,"enemies":"Exordium Thugs","floor":11,"turns":7},{"damage":11,"enemies":"3 Sentries","floor":13,"turns":8},{"damage":0,"enemies":"Blue Slaver","floor":14,"turns":5},{"damage":31,"enemies":"The Guardian","floor":16,"turns":16},{"damage":4,"enemies":"Chosen","floor":18,"turns":6},{"damage":26,"enemies":"Spheric Guardian","floor":19,"turns":7},{"damage":6,"enemies":"Chosen and Byrds","floor":22,"turns":7},{"damage":13,"enemies":"Gremlin Leader","floor":24,"turns":8},{"damage":17,"enemies":"Centurion and Healer","floor":27,"turns":5},{"damage":25,"enemies":"Book of Stabbing","floor":28,"turns":7},{"damage":6,"enemies":"Snecko","floor":30,"turns":6},{"damage":35,"enemies":"Slavers","floor":31,"turns":6},{"damage":55,"enemies":"Automaton","floor":33,"turns":8},{"damage":2,"enemies":"Orb Walker","floor":35,"turns":5},{"damage":18,"enemies":"3 Darklings","floor":37,"turns":6},{"damage":9,"enemies":"Transient","floor":39,"turns":5},{"damage":14,"enemies":"4 Shapes","floor":41,"turns":7},{"damage":92,"enemies":"Reptomancer","floor":42,"turns":4}],"seed_played":"-8333265773868580591","potions_obtained":[{"floor":1,"key":"SkillPotion"},{"floor":3,"key":"SneckoOil"},{"floor":6,"key":"BloodPotion"},{"floor":13,"key":"Swift Potion"},{"floor":16,"key":"Explosive Potion"},{"floor":22,"key":"Swift Potion"},{"floor":24,"key":"BloodPotion"},{"floor":27,"key":"SteroidPotion"}],"is_trial":false,"path_per_floor":["M","?","M","M","$","E","R","E","T","R","M","?","E","M","R","B",null,"M","M","?","$","M","R","E","R","T","M","E","$","M","E","R","B",null,"M","?","M","$","M","R","M","E"],"character_chosen":"IRONCLAD","items_purchased":["Feel No Pain","Metallicize","Pommel Strike"],"campfire_rested":5,"item_purchase_floors":[5,21,29],"current_hp_per_floor":[44,33,37,43,43,33,57,22,22,46,44,64,63,75,75,56,74,80,64,64,64,72,72,73,77,77,72,61,61,71,52,75,32,66,77,77,73,73,77,77,77,0],"gold":323,"neow_bonus":"ONE_RARE_RELIC","is_prod":false,"is_daily":false,"chose_seed":false,"campfire_upgraded":1,"win_rate":0,"timestamp":1546147457,"path_taken":["M","?","M","M","$","E","R","E","T","R","M","?","E","M","R","BOSS","M","M","?","$","M","R","E","R","T","?","E","$","M","E","R","BOSS","M","?","M","$","M","R","M","E"],"build_version":"2018-12-20","purchased_purges":2,"victory":false,"max_hp_per_floor":[80,80,80,80,80,80,80,80,80,80,80,80,80,80,80,80,80,80,80,77,77,77,77,77,77,77,77,77,77,77,77,77,77,77,77,77,77,77,77,77,77,77],"card_choices":[{"not_picked":["Combust","Pommel Strike"],"picked":"Shrug It Off","floor":1},{"not_picked":["Sever Soul","Rage"],"picked":"Shrug It Off","floor":3},{"not_picked":["Thunderclap","Body Slam"],"picked":"True Grit","floor":4},{"not_picked":["Rampage","Twin Strike"],"picked":"Offering","floor":6},{"not_picked":["Infernal Blade","Shrug It Off"],"picked":"Feel No Pain","floor":8},{"not_picked":["Iron Wave","Battle Trance"],"picked":"Armaments","floor":11},{"not_picked":["Perfected Strike","Shrug It Off"],"picked":"Inflame","floor":13},{"not_picked":["Body Slam","Cleave"],"picked":"Disarm","floor":14},{"not_picked":["Exhume","Feed"],"picked":"Fiend Fire","floor":16},{"not_picked":["Warcry","Thunderclap+1"],"picked":"Cleave","floor":18},{"not_picked":["Wild Strike","Dropkick"],"picked":"True Grit","floor":19},{"not_picked":["Anger","Entrench+1"],"picked":"Limit Break","floor":22},{"not_picked":["Thunderclap","Anger"],"picked":"Clothesline","floor":24},{"not_picked":["Havoc","Infernal Blade","Perfected Strike"],"picked":"SKIP","floor":27},{"not_picked":["Pummel+1","Dual Wield"],"picked":"Demon Form","floor":28},{"not_picked":["Pummel","Headbutt+1"],"picked":"Burning Pact","floor":30},{"not_picked":["Burning Pact","Clothesline+1"],"picked":"Flame Barrier","floor":31},{"not_picked":["Headbutt","True Grit"],"picked":"Seeing Red","floor":34},{"not_picked":["Anger+1","Twin Strike"],"picked":"Corruption+1","floor":34},{"not_picked":["Sword Boomerang","Clothesline"],"picked":"Uppercut","floor":34},{"not_picked":["Rampage","Bloodletting+1"],"picked":"Shrug It Off+1","floor":34},{"not_picked":["Perfected Strike","Sword Boomerang"],"picked":"True Grit","floor":34},{"not_picked":["Cleave+1","Sword Boomerang","Blood for Blood+1"],"picked":"SKIP","floor":35},{"not_picked":["Flex","Headbutt"],"picked":"Limit Break","floor":37},{"not_picked":["Armaments+1","Reckless Charge"],"picked":"Body Slam","floor":39},{"not_picked":["Flex","Searing Blow"],"picked":"Pommel Strike+1","floor":41}],"player_experience":342263,"relics_obtained":[{"floor":6,"key":"Whetstone"},{"floor":8,"key":"StoneCalendar"},{"floor":9,"key":"Mummified Hand"},{"floor":13,"key":"Omamori"},{"floor":24,"key":"Boot"},{"floor":26,"key":"Ancient Tea Set"},{"floor":28,"key":"Art of War"},{"floor":31,"key":"Champion Belt"}],"event_choices":[{"damage_healed":0,"gold_gain":75,"player_choice":"Gather Gold","damage_taken":11,"max_hp_gain":0,"max_hp_loss":0,"event_name":"World of Goop","floor":2,"gold_loss":0},{"damage_healed":20,"gold_gain":0,"player_choice":"Healed and dodged fight","damage_taken":0,"max_hp_gain":0,"max_hp_loss":0,"event_name":"Mushrooms","floor":12,"gold_loss":0,"cards_obtained":["Parasite"]},{"cards_removed":["Parasite"],"damage_healed":0,"gold_gain":0,"player_choice":"Upgrade and Remove","damage_taken":0,"max_hp_gain":0,"max_hp_loss":0,"event_name":"Designer","floor":20,"gold_loss":90,"cards_upgraded":["Armaments"]},{"damage_healed":19,"gold_gain":0,"player_choice":"Writhe","damage_taken":0,"max_hp_gain":0,"max_hp_loss":0,"event_name":"Winding Halls","floor":36,"gold_loss":0,"cards_obtained":["Writhe"]}],"is_beta":false,"boss_relics":[{"not_picked":["White Beast Statue","Lizard Tail"],"picked":"Fusion Hammer"},{"not_picked":["Pandora\u0027s Box","Mark of Pain"],"picked":"Orrery"}],"items_purged_floors":[5,21],"is_endless":false,"potions_floor_spawned":[1,3,6,13,16,22,24,27,35],"killed_by":"Reptomancer","ascension_level":10}