{"gold_per_floor":[111,122,122,138,210,210,227,227,227,74,74,89,89,123,123,194,194,205,405,355,35,35,35,50,50,50,50,50,66,66,81,81,153,153,172,172,172,62,62,62,89,114,126,149,161,20,20,39,39,39],"floor_reached":51,"playtime":3735,"items_purged":["Defend_B","Defend_B","Strike_B+1"],"score":1046,"play_id":"ea1d397e-c8f3-4600-8fc0-2437102be883","local_time":"20180922084300","is_ascension_mode":true,"campfire_choices":[{"data":"Defragment","floor":6,"key":"SMITH"},{"data":"Defragment","floor":8,"key":"SMITH"},{"data":"Glacier","floor":11,"key":"SMITH"},{"floor":13,"key":"REST"},{"floor":15,"key":"REST"},{"data":"Buffer","floor":23,"key":"SMITH"},{"data":"Capacitor","floor":25,"key":"SMITH"},{"floor":30,"key":"REST"},{"floor":32,"key":"REST"},{"floor":40,"key":"REST"},{"floor":47,"key":"REST"},{"data":"Capacitor","floor":49,"key":"SMITH"}],"neow_cost":"NONE","seed_source_timestamp":587142450469239,"circlet_count":0,"master_deck":["Zap+1","Dualcast","AscendersBane","Melter","Defragment+1","Defragment+1","Glacier+1","Cold Snap","Ball Lightning","Buffer+1","Electrodynamics+1","Buffer+1","Auto Shields+1","Capacitor+1","Consume+1","Madness","Madness","Capacitor+1","Reinforced Body+1","Mayhem"],"relics":["Cracked Core","Letter Opener","Art of War","Juzu Bracelet","Astrolabe","Membership Card","Whetstone","Mummified Hand","Nuclear Battery","Turnip","Anchor","Sundial","MawBank","Dodecahedron"],"potions_floor_usage":[14,16,33,44,50],"damage_taken":[{"damage":6,"enemies":"Cultist","floor":1,"turns":3},{"damage":2,"enemies":"Jaw Worm","floor":2,"turns":3},{"damage":0,"enemies":"2 Louse","floor":4,"turns":1},{"damage":0,"enemies":"2 Fungi Beasts","floor":7,"turns":2},{"damage":28,"enemies":"Exordium Wildlife","floor":12,"turns":4},{"damage":4,"enemies":"Lagavulin","floor":14,"turns":5},{"damage":24,"enemies":"Hexaghost","floor":16,"turns":15},{"damage":5,"enemies":"3 Byrds","floor":18,"turns":2},{"damage":0,"enemies":"2 Thieves","floor":24,"turns":4},{"damage":14,"enemies":"Centurion and Healer","floor":29,"turns":4},{"damage":29,"enemies":"Shelled Parasite and Fungi","floor":31,"turns":4},{"damage":3,"enemies":"Automaton","floor":33,"turns":10},{"damage":0,"enemies":"Orb Walker","floor":35,"turns":4},{"damage":0,"enemies":"Mind Bloom Boss Battle","floor":37,"turns":6},{"damage":4,"enemies":"2 Orb Walkers","floor":41,"turns":5},{"damage":10,"enemies":"3 Shapes","floor":44,"turns":4},{"damage":0,"enemies":"Transient","floor":48,"turns":5},{"damage":8,"enemies":"Awakened One","floor":50,"turns":12}],"seed_played":"5810868404896037112","potions_obtained":[{"floor":1,"key":"Fire Potion"},{"floor":2,"key":"Weak Potion"},{"floor":14,"key":"SkillPotion"},{"floor":18,"key":"FairyPotion"},{"floor":37,"key":"Fire Potion"},{"floor":48,"key":"EssenceOfSteel"}],"is_trial":false,"path_per_floor":["M","M","?","M","T","R","M","R","T","$","R","M","R","E","R","B",null,"M","?","?","$","?","R","M","R","T","?","?","M","R","M","R","B",null,"M","?","?","$","?","R","E","T","T","M","?","$","R","M","R","B"],"character_chosen":"DEFECT","items_purchased":["Glacier","Membership Card","Whetstone","Capacitor","Anchor","Mayhem"],"campfire_rested":6,"item_purchase_floors":[10,21,21,38,38,46],"current_hp_per_floor":[62,60,60,60,60,60,60,60,60,60,60,32,54,50,72,48,68,63,63,63,63,63,63,63,63,63,63,49,35,59,30,54,51,73,73,63,63,63,63,80,76,76,76,66,66,66,80,80,80,72],"gold":39,"neow_bonus":"UPGRADE_CARD","is_prod":false,"is_daily":false,"chose_seed":false,"campfire_upgraded":6,"win_rate":0,"timestamp":1537598580,"path_taken":["M","?","?","M","?","R","?","R","T","$","R","?","R","E","R","BOSS","M","?","?","$","?","R","M","R","T","?","?","M","R","M","R","BOSS","M","?","?","?","?","R","E","?","T","M","?","$","R","M","R","BOSS"],"build_version":"2018-09-20","purchased_purges":3,"victory":true,"max_hp_per_floor":[75,75,75,75,75,75,75,75,75,75,75,75,75,75,75,75,75,75,75,75,75,75,75,75,75,75,75,80,80,80,80,80,80,80,80,80,80,80,80,80,80,80,80,80,80,80,80,80,80,80],"card_choices":[{"not_picked":["Undo","Barrage"],"picked":"Melter","floor":1},{"not_picked":["FTL","Redo"],"picked":"Defragment","floor":2},{"not_picked":["Rip and Tear","Tempest"],"picked":"Defragment","floor":4},{"not_picked":["Barrage","Rebound","Turbo"],"picked":"SKIP","floor":7},{"not_picked":["Storm","Rebound"],"picked":"Cold Snap","floor":12},{"not_picked":["Reprogram","Compile Driver"],"picked":"Ball Lightning","floor":14},{"not_picked":["Biased Cognition","Seek"],"picked":"Buffer","floor":16},{"not_picked":["Static Discharge+1","Coolheaded"],"picked":"Capacitor","floor":18},{"not_picked":["Reinforced Body","Lockon","Recycle"],"picked":"SKIP","floor":24},{"not_picked":["Steam","Barrage","Hologram"],"picked":"SKIP","floor":29},{"not_picked":["Stack","Go for the Eyes","Streamline"],"picked":"SKIP","floor":31},{"not_picked":["Coolheaded","Conserve Battery+1","Hello World+1"],"picked":"SKIP","floor":35},{"not_picked":["Rebound+1","Conserve Battery+1","Reprogram"],"picked":"SKIP","floor":41},{"not_picked":["Stack","Rainbow"],"picked":"Reinforced Body+1","floor":44},{"not_picked":["Streamline","Cold Snap","Rebound"],"picked":"SKIP","floor":48}],"player_experience":522149,"relics_obtained":[{"floor":5,"key":"Letter Opener"},{"floor":9,"key":"Art of War"},{"floor":14,"key":"Juzu Bracelet"},{"floor":26,"key":"Mummified Hand"},{"floor":37,"key":"Turnip"},{"floor":41,"key":"Sundial"},{"floor":42,"key":"MawBank"},{"floor":43,"key":"Dodecahedron"}],"event_choices":[{"event_name":"Liars Game","player_choice":"disagreed","floor":3,"damage_taken":0},{"event_name":"Wheel of Change","player_choice":"Gold","floor":19,"damage_taken":0},{"event_name":"The Joust","player_choice":"Bet on Murderer","floor":20,"damage_taken":0},{"event_name":"Purifier","player_choice":"One Purge","floor":22,"damage_taken":0},{"event_name":"The Library","player_choice":"Read","floor":27,"damage_taken":0},{"event_name":"Forgotten Altar","player_choice":"Shed Blood","floor":28,"damage_taken":0},{"event_name":"Winding Halls","player_choice":"Embrace Madness","floor":36,"damage_taken":0},{"event_name":"MindBloom","player_choice":"Fight","floor":37,"damage_taken":0},{"event_name":"Accursed Blacksmith","player_choice":"Forge","floor":39,"damage_taken":0},{"event_name":"Falling","player_choice":"Removed Attack","floor":45,"damage_taken":0}],"is_beta":false,"boss_relics":[{"not_picked":["Tiny House","White Beast Statue"],"picked":"Astrolabe"},{"not_picked":["Velvet Choker","Sozu"],"picked":"Nuclear Battery"}],"items_purged_floors":[10,21,46],"is_endless":false,"potions_floor_spawned":[1,2,14,18,24,37,41,48],"ascension_level":13}