{"gold_per_floor":[109,184,204,52,52,52,64,64,90,104,104,118,145,159,159,236,236,249,261,86,86,86,86,86,86],"floor_reached":25,"playtime":2817,"items_purged":["Defend_B","Strike_B"],"score":315,"play_id":"c6f8fe16-b2b2-4e19-a5bc-171fb89969d9","local_time":"20180920130013","is_ascension_mode":true,"campfire_choices":[{"floor":6,"key":"REST"},{"data":"Dualcast","floor":11,"key":"SMITH"},{"floor":15,"key":"REST"},{"floor":23,"key":"REST"}],"neow_cost":"NONE","seed_source_timestamp":430700303109564,"circlet_count":0,"master_deck":["Strike_B","Strike_B","Strike_B","Defend_B","Defend_B","Defend_B","Zap","Dualcast+1","AscendersBane","Melter","Leap","Conserve Battery","Capacitor","Glacier","Defragment","Leap","Doom and Gloom","Tempest","Multi-Cast","Consume","Defragment","Auto Shields","Conserve Battery","Loop"],"relics":["Cracked Core","Vajra","Orichalcum","Odd Mushroom","Orrery"],"potions_floor_usage":[12,13,14,24,24],"damage_taken":[{"damage":18,"enemies":"Small Slimes","floor":1,"turns":4},{"damage":0,"enemies":"2 Louse","floor":3,"turns":2},{"damage":1,"enemies":"Cultist","floor":7,"turns":3},{"damage":2,"enemies":"Large Slime","floor":10,"turns":7},{"damage":2,"enemies":"Blue Slaver","floor":12,"turns":3},{"damage":22,"enemies":"The Mushroom Lair","floor":13,"turns":5},{"damage":1,"enemies":"Gremlin Gang","floor":14,"turns":5},{"damage":32,"enemies":"Slime Boss","floor":16,"turns":7},{"damage":0,"enemies":"Spheric Guardian","floor":18,"turns":1},{"damage":5,"enemies":"Chosen","floor":19,"turns":7},{"damage":8,"enemies":"Colosseum Slavers","floor":24,"turns":8},{"damage":65,"enemies":"Slavers","floor":25,"turns":4}],"seed_played":"-4466164019087674899","potions_obtained":[{"floor":3,"key":"Regen Potion"},{"floor":7,"key":"SteroidPotion"},{"floor":12,"key":"Regen Potion"},{"floor":16,"key":"SpeedPotion"},{"floor":19,"key":"Block Potion"}],"is_trial":false,"path_per_floor":["M","?","M","$","?","R","M","?","T","M","R","M","?","M","R","B",null,"M","M","$","?","?","R","?"],"character_chosen":"DEFECT","items_purchased":["Capacitor","Loop"],"campfire_rested":3,"item_purchase_floors":[4,20],"current_hp_per_floor":[50,39,39,39,39,61,60,53,53,51,51,58,48,47,69,37,66,66,61,61,61,47,71,63,0],"gold":86,"neow_bonus":"THREE_CARDS","is_prod":false,"is_daily":false,"chose_seed":false,"campfire_upgraded":1,"win_rate":0,"timestamp":1537441213,"path_taken":["M","?","M","?","?","R","M","?","T","M","R","M","?","M","R","BOSS","M","M","$","?","?","R","?","E"],"build_version":"2018-09-06","purchased_purges":2,"victory":false,"max_hp_per_floor":[75,75,75,75,75,75,75,75,75,75,75,75,75,75,75,75,75,75,75,75,75,80,80,80,80],"card_choices":[{"not_picked":["Stack","Beam Cell"],"picked":"Melter","floor":0},{"not_picked":["Beam Cell","Blizzard"],"picked":"Leap","floor":1},{"not_picked":["Melter","Compile Driver"],"picked":"Conserve Battery","floor":3},{"not_picked":["Sweeping Beam","Beam Cell"],"picked":"Glacier","floor":7},{"not_picked":["Darkness","Fusion"],"picked":"Defragment","floor":10},{"not_picked":["Hologram","Turbo"],"picked":"Leap","floor":12},{"not_picked":["Heatsinks","Self Repair"],"picked":"Doom and Gloom","floor":13},{"not_picked":["Skim","Stack"],"picked":"Tempest","floor":14},{"not_picked":["All For One","Fission"],"picked":"Multi-Cast","floor":16},{"not_picked":["Tempest","Leap"],"picked":"Consume","floor":17},{"not_picked":["Streamline","Rebound"],"picked":"Defragment","floor":17},{"not_picked":["Streamline","Sweeping Beam"],"picked":"Auto Shields","floor":17},{"not_picked":["Rebound","Steam","Glacier"],"picked":"SKIP","floor":18},{"not_picked":["Gash","Coolheaded"],"picked":"Conserve Battery","floor":19}],"player_experience":456439,"relics_obtained":[{"floor":9,"key":"Orichalcum"},{"floor":13,"key":"Odd Mushroom"}],"event_choices":[{"event_name":"World of Goop","player_choice":"Gather Gold","floor":2,"damage_taken":0},{"event_name":"Liars Game","player_choice":"disagreed","floor":5,"damage_taken":0},{"event_name":"Scrap Ooze","player_choice":"success","floor":8,"damage_taken":7},{"event_name":"Mushrooms","player_choice":"Fought Mushrooms","floor":13,"damage_taken":0},{"event_name":"Vampires","player_choice":"Ignored","floor":21,"damage_taken":0},{"event_name":"Forgotten Altar","player_choice":"Shed Blood","floor":22,"damage_taken":0},{"event_name":"Colosseum","player_choice":"Fight","floor":24,"damage_taken":0},{"event_name":"Colosseum","player_choice":"Fled From Nobs","floor":24,"damage_taken":0}],"is_beta":false,"boss_relics":[{"not_picked":["Calling Bell","Runic Dome"],"picked":"Orrery"}],"items_purged_floors":[4,20],"is_endless":false,"potions_floor_spawned":[3,7,12,16,19,24],"killed_by":"Slavers","ascension_level":13}