{"gold_per_floor":[112,131,146,163,110,110,144,154,224,224,14,24,39,39,39,111,111,130,112,11,24,42,42,59,59],"floor_reached":25,"playtime":1715,"items_purged":["Strike_G"],"score":376,"play_id":"e832f603-151c-4d68-b7d6-75bdd31b37b6","local_time":"20190215163245","is_ascension_mode":true,"campfire_choices":[{"data":"Poisoned Stab","floor":6,"key":"SMITH"},{"floor":10,"key":"REST"},{"data":"Envenom","floor":15,"key":"SMITH"},{"floor":23,"key":"REST"}],"neow_cost":"NONE","seed_source_timestamp":253427052137425,"circlet_count":0,"master_deck":["AscendersBane","Defend_G","Defend_G","Defend_G","Defend_G","Defend_G","Strike_G","Strike_G","Survivor","Neutralize","Poisoned Stab+1","PiercingWail","Flechettes","Deflect","After Image","Blade Dance","Caltrops","Envenom+1","Neutralize","Malaise","Escape Plan","Predator+1","Blade Dance","Wraith Form v2","Dagger Spray","Backflip"],"relics":["Ring of the Snake","Centennial Puzzle","Letter Opener","Mango","Blue Candle","Empty Cage"],"potions_floor_usage":[7,7,21,22,25],"damage_taken":[{"damage":0,"enemies":"2 Louse","floor":1,"turns":3},{"damage":1,"enemies":"Cultist","floor":2,"turns":5},{"damage":1,"enemies":"Small Slimes","floor":3,"turns":5},{"damage":5,"enemies":"Red Slaver","floor":4,"turns":6},{"damage":8,"enemies":"Gremlin Nob","floor":7,"turns":3},{"damage":29,"enemies":"Gremlin Gang","floor":8,"turns":7},{"damage":4,"enemies":"3 Louse","floor":12,"turns":4},{"damage":14,"enemies":"Red Slaver","floor":13,"turns":6},{"damage":17,"enemies":"Hexaghost","floor":16,"turns":11},{"damage":1,"enemies":"Chosen","floor":18,"turns":6},{"damage":14,"enemies":"2 Thieves","floor":19,"turns":4},{"damage":9,"enemies":"Chosen and Byrds","floor":21,"turns":6},{"damage":28,"enemies":"3 Cultists","floor":22,"turns":8},{"damage":33,"enemies":"Centurion and Healer","floor":24,"turns":11},{"damage":5,"enemies":"Book of Stabbing","floor":25,"turns":3}],"seed_played":"6634737820167331232","potions_obtained":[{"floor":1,"key":"Explosive Potion"},{"floor":4,"key":"AttackPotion"},{"floor":12,"key":"FearPotion"},{"floor":13,"key":"Block Potion"},{"floor":18,"key":"Poison Potion"},{"floor":24,"key":"Energy Potion"}],"is_trial":false,"path_per_floor":["M","M","M","M","?","R","E","M","T","R","$","M","M","?","R","B",null,"M","M","$","M","M","R","M","E"],"character_chosen":"THE_SILENT","items_purchased":["After Image","Blade Dance","Blade Dance"],"campfire_rested":2,"item_purchase_floors":[11,11,20],"current_hp_per_floor":[59,58,57,52,52,52,58,29,29,53,53,49,35,35,35,18,65,64,50,50,41,13,37,4,0],"gold":59,"neow_bonus":"RANDOM_COMMON_RELIC","is_prod":false,"is_daily":false,"chose_seed":false,"campfire_upgraded":2,"win_rate":0,"timestamp":1550277165,"path_taken":["M","M","M","M","?","R","E","?","T","R","$","M","M","?","R","BOSS","M","?","?","?","?","R","M","E"],"build_version":"2019-01-23","purchased_purges":1,"victory":false,"max_hp_per_floor":[66,66,66,66,66,66,80,80,80,80,80,80,80,80,80,80,80,80,80,80,80,80,80,80,80],"card_choices":[{"not_picked":["Reflex","Blur"],"picked":"Poisoned Stab","floor":1},{"not_picked":["Masterful Stab","Prepared","Distraction"],"picked":"SKIP","floor":2},{"not_picked":["Masterful Stab","Prepared","Distraction"],"picked":"SKIP","floor":2},{"not_picked":["Concentrate","Dodge and Roll"],"picked":"PiercingWail","floor":3},{"not_picked":["PiercingWail","Dodge and Roll"],"picked":"Flechettes","floor":4},{"not_picked":["Sucker Punch","Acrobatics","Distraction"],"picked":"SKIP","floor":7},{"not_picked":["Concentrate","Bane"],"picked":"Deflect","floor":8},{"not_picked":["Expertise","Slice"],"picked":"Caltrops","floor":12},{"not_picked":["Bouncing Flask","Acrobatics"],"picked":"Envenom","floor":13},{"not_picked":["Bullet Time","Envenom"],"picked":"Malaise","floor":16},{"not_picked":["Concentrate","Underhanded Strike"],"picked":"Escape Plan","floor":18},{"not_picked":["Prepared","Underhanded Strike"],"picked":"Predator+1","floor":19},{"not_picked":["Quick Slash","Slice"],"picked":"Wraith Form v2","floor":21},{"not_picked":["Cloak And Dagger","Quick Slash"],"picked":"Dagger Spray","floor":22},{"not_picked":["Blur","Bouncing Flask"],"picked":"Backflip","floor":24}],"player_experience":637561,"relics_obtained":[{"floor":7,"key":"Mango"},{"floor":9,"key":"Blue Candle"}],"event_choices":[{"damage_healed":0,"gold_gain":0,"player_choice":"Paid Gold","damage_taken":0,"relics_obtained":["Letter Opener"],"max_hp_gain":0,"max_hp_loss":0,"event_name":"WeMeetAgain","floor":5,"gold_loss":53},{"damage_healed":0,"gold_gain":0,"player_choice":"1 cards matched","damage_taken":0,"max_hp_gain":0,"max_hp_loss":0,"event_name":"Match and Keep!","floor":14,"gold_loss":0,"cards_obtained":["Neutralize"]}],"is_beta":false,"boss_relics":[{"not_picked":["WristBlade","Black Star"],"picked":"Empty Cage"}],"items_purged_floors":[20],"is_endless":false,"potions_floor_spawned":[1,4,12,13,18,19,24],"killed_by":"Book of Stabbing","ascension_level":16}