{"gold_per_floor":[115,128,94,104,104,104,132,155,155,176,176,200,224,114,114,204,204,219,242,262,262,262],"floor_reached":22,"playtime":1296,"items_purged":["Strike_B"],"score":306,"play_id":"b0685036-73f1-4345-bb00-cbb25671a47c","local_time":"20180922112753","is_ascension_mode":true,"campfire_choices":[{"data":"Sunder","floor":6,"key":"SMITH"},{"floor":11,"key":"REST"},{"data":"Defragment","floor":15,"key":"SMITH"}],"neow_cost":"NONE","seed_source_timestamp":599488543076479,"circlet_count":0,"master_deck":["Strike_B","Strike_B+1","Strike_B+1","Defend_B","Defend_B","Defend_B","Defend_B","Zap","Dualcast","AscendersBane","Sunder+1","Auto Shields","Self Repair","Capacitor","Ball Lightning","Defragment+1","Capacitor","Coolheaded","Coolheaded"],"relics":["Cracked Core","Whetstone","Golden Idol","Odd Mushroom","StoneCalendar","Velvet Choker"],"potions_floor_usage":[7,12,16,20],"damage_taken":[{"damage":0,"enemies":"2 Louse","floor":1,"turns":2},{"damage":7,"enemies":"Small Slimes","floor":2,"turns":3},{"damage":7,"enemies":"Jaw Worm","floor":4,"turns":3},{"damage":2,"enemies":"The Mushroom Lair","floor":7,"turns":4},{"damage":6,"enemies":"Exordium Wildlife","floor":8,"turns":4},{"damage":4,"enemies":"Large Slime","floor":10,"turns":5},{"damage":5,"enemies":"3 Louse","floor":12,"turns":3},{"damage":13,"enemies":"Exordium Thugs","floor":13,"turns":4},{"damage":37,"enemies":"The Guardian","floor":16,"turns":9},{"damage":22,"enemies":"Shell Parasite","floor":18,"turns":6},{"damage":12,"enemies":"Chosen","floor":19,"turns":4},{"damage":26,"enemies":"Shelled Parasite and Fungi","floor":20,"turns":7},{"damage":18,"enemies":"Colosseum Slavers","floor":21,"turns":5},{"damage":6,"enemies":"Snake Plant","floor":22,"turns":1}],"seed_played":"-4710437432649972813","potions_obtained":[{"floor":4,"key":"AttackPotion"},{"floor":8,"key":"SpeedPotion"},{"floor":13,"key":"Block Potion"},{"floor":16,"key":"FocusPotion"}],"is_trial":false,"path_per_floor":["M","M","?","M","?","R","?","M","T","M","R","M","M","$","R","B",null,"M","M","M","?"],"character_chosen":"DEFECT","items_purchased":["Capacitor"],"campfire_rested":1,"item_purchase_floors":[14],"current_hp_per_floor":[64,57,57,50,33,33,31,32,32,35,56,58,52,52,52,22,59,44,39,20,2,0],"gold":262,"neow_bonus":"RANDOM_COMMON_RELIC","is_prod":false,"is_daily":false,"chose_seed":false,"campfire_upgraded":2,"win_rate":0,"timestamp":1537608473,"path_taken":["M","M","?","M","?","R","?","M","T","?","R","?","M","$","R","BOSS","M","M","M","?","M"],"build_version":"2018-09-20","purchased_purges":1,"victory":false,"max_hp_per_floor":[71,71,71,71,71,71,71,71,71,71,71,71,71,71,71,71,71,71,71,71,71,71],"card_choices":[{"not_picked":["Go for the Eyes","Turbo"],"picked":"Sunder","floor":1},{"not_picked":["Static Discharge","Stack"],"picked":"Auto Shields","floor":2},{"not_picked":["Leap","Undo","Steam"],"picked":"SKIP","floor":4},{"not_picked":["Hologram","Leap"],"picked":"Self Repair","floor":7},{"not_picked":["Stack","Reprogram"],"picked":"Capacitor","floor":8},{"not_picked":["Steam","Force Field"],"picked":"Ball Lightning","floor":10},{"not_picked":["Conserve Battery","Streamline","Sweeping Beam"],"picked":"SKIP","floor":12},{"not_picked":["Darkness","Self Repair"],"picked":"Defragment","floor":13},{"not_picked":["Darkness+1","Genetic Algorithm+1"],"picked":"Coolheaded","floor":18},{"not_picked":["Rebound","Gash"],"picked":"Coolheaded","floor":19},{"not_picked":["Sweeping Beam","Stack","Redo"],"picked":"SKIP","floor":20}],"player_experience":534262,"relics_obtained":[{"floor":7,"key":"Odd Mushroom"},{"floor":9,"key":"StoneCalendar"}],"event_choices":[{"event_name":"World of Goop","player_choice":"Left","floor":3,"damage_taken":0},{"event_name":"Golden Idol","player_choice":"Take Damage","floor":5,"damage_taken":0},{"event_name":"Mushrooms","player_choice":"Fought Mushrooms","floor":7,"damage_taken":0},{"event_name":"Colosseum","player_choice":"Fight","floor":21,"damage_taken":0},{"event_name":"Colosseum","player_choice":"Fled From Nobs","floor":21,"damage_taken":0}],"is_beta":false,"boss_relics":[{"not_picked":["Coffee Dripper","White Beast Statue"],"picked":"Velvet Choker"}],"items_purged_floors":[14],"is_endless":false,"potions_floor_spawned":[4,8,13,16,21],"killed_by":"Snake Plant","ascension_level":14}