{"gold_per_floor":[114,134,151,171,171,171,171,191,237,237,264,278,298,60,60,164,164,179,179,193,193,207,239,239,267,337,337],"floor_reached":27,"playtime":2520,"items_purged":[],"score":255,"play_id":"a36cecaa-08e0-4e6a-81c8-281250daf86b","local_time":"20190325194357","is_ascension_mode":false,"campfire_choices":[{"data":"Infinite Blades","floor":6.0,"key":"SMITH"},{"data":"Dagger Spray","floor":10.0,"key":"SMITH"},{"floor":15,"key":"REST"},{"floor":24,"key":"REST"}],"neow_cost":"TEN_PERCENT_HP_LOSS","seed_source_timestamp":27145024012400,"circlet_count":0,"master_deck":["Defend_G","Defend_G","Defend_G","Defend_G","Defend_G","Strike_G","Strike_G","Strike_G","Strike_G","Strike_G","Survivor","Neutralize","Malaise","Infinite Blades+1","Dagger Spray+1","Noxious Fumes+1","Adrenaline","Prepared","Blur","Leg Sweep","Flying Knee","Die Die Die","Blade Dance","Infinite Blades","Envenom","Crippling Poison","Normality","Prepared","Calculated Gamble","Deflect+1","Writhe","Footwork","Dagger Spray+1"],"special_seed":0,"relics":["Ring of the Snake","Ornamental Fan","Anchor","Blood Vial","HoveringKite","Centennial Puzzle","Frozen Egg 2","Oddly Smooth Stone","Darkstone Periapt"],"potions_floor_usage":[16,16],"damage_taken":[{"damage":4.0,"enemies":"Jaw Worm","floor":1.0,"turns":7.0},{"damage":0.0,"enemies":"2 Louse","floor":2.0,"turns":4.0},{"damage":0.0,"enemies":"Small Slimes","floor":3.0,"turns":3.0},{"damage":3.0,"enemies":"Red Slaver","floor":4.0,"turns":5.0},{"damage":0.0,"enemies":"Looter","floor":8.0,"turns":4.0},{"damage":18.0,"enemies":"3 Sentries","floor":11.0,"turns":5.0},{"damage":2.0,"enemies":"Blue Slaver","floor":12.0,"turns":4.0},{"damage":0.0,"enemies":"Lots of Slimes","floor":13.0,"turns":2.0},{"damage":36,"enemies":"Slime Boss","floor":16,"turns":9},{"damage":10,"enemies":"2 Thieves","floor":18,"turns":4},{"damage":1,"enemies":"Chosen","floor":20,"turns":5},{"damage":26,"enemies":"Snake Plant","floor":22,"turns":8},{"damage":22,"enemies":"Gremlin Leader","floor":23,"turns":6},{"damage":20,"enemies":"Book of Stabbing","floor":25,"turns":9},{"damage":15,"enemies":"Cultist and Chosen","floor":27,"turns":6}],"seed_played":"-5615624440140419223","potions_obtained":[{"floor":1.0,"key":"Dexterity Potion"},{"floor":3.0,"key":"Fire Potion"},{"floor":18,"key":"Strength Potion"},{"floor":20,"key":"PowerPotion"},{"floor":25,"key":"SkillPotion"}],"is_trial":false,"path_per_floor":["M","M","M","M","?","R","?","M","T","R","E","M","M","$","R","B",null,"M","?","M","?","M","E","R","E","T","M"],"character_chosen":"THE_SILENT","items_purchased":["Die Die Die","Blade Dance","Infinite Blades"],"campfire_rested":2,"item_purchase_floors":[14,14,14],"current_hp_per_floor":[59,59,59,56,56,56,38,38,38,38,20,20,22,22,40,6,63,53,53,54,54,30,10,28,10,10,0],"gold":337,"neow_bonus":"THREE_RARE_CARDS","is_prod":false,"is_daily":false,"chose_seed":false,"campfire_upgraded":2,"win_rate":0.0,"timestamp":1553557437,"path_taken":["M","M","M","M","?","R","?","M","T","R","E","M","?","$","R","BOSS","M","?","?","?","M","E","R","E","T","M"],"build_version":"2019-01-23","purchased_purges":0,"victory":false,"max_hp_per_floor":[63,63,63,63,63,63,63,63,63,63,63,63,63,63,63,63,63,63,63,63,63,63,63,63,63,63,63],"card_choices":[{"not_picked":["Burst","Night Terror"],"picked":"Malaise","floor":0.0},{"not_picked":["Acrobatics","Underhanded Strike"],"picked":"Infinite Blades","floor":1.0},{"not_picked":["Bouncing Flask","PiercingWail"],"picked":"Dagger Spray","floor":2.0},{"not_picked":["Bouncing Flask","Prepared"],"picked":"Noxious Fumes","floor":3.0},{"not_picked":["Backflip","PiercingWail"],"picked":"Adrenaline","floor":4.0},{"not_picked":["Dash","Sucker Punch"],"picked":"Prepared","floor":8.0},{"not_picked":["Dodge and Roll","PiercingWail"],"picked":"Blur","floor":11.0},{"not_picked":["Slice","Dagger Throw"],"picked":"Leg Sweep","floor":12.0},{"not_picked":["Dagger Throw","Reflex"],"picked":"Flying Knee","floor":13},{"not_picked":["Wraith Form v2","Adrenaline"],"picked":"Envenom","floor":16},{"not_picked":["Endless Agony+1","Blade Dance"],"picked":"Crippling Poison","floor":18},{"not_picked":["Sucker Punch","Flying Knee"],"picked":"Deflect+1","floor":20},{"not_picked":["Acrobatics","Poisoned Stab"],"picked":"Footwork","floor":22},{"not_picked":["Leg Sweep","Quick Slash+1"],"picked":"Dagger Spray+1","floor":23},{"not_picked":["Blade Dance","Flechettes","Calculated Gamble"],"picked":"SKIP","floor":25}],"player_experience":22423,"relics_obtained":[{"floor":9.0,"key":"Anchor"},{"floor":11.0,"key":"Blood Vial"},{"floor":23,"key":"Frozen Egg 2"},{"floor":25,"key":"Oddly Smooth Stone"},{"floor":26,"key":"Darkstone Periapt"}],"event_choices":[{"damage_healed":0.0,"max_hp_gain":0.0,"max_hp_loss":0.0,"gold_gain":0.0,"event_name":"Living Wall","player_choice":"Grow","floor":5.0,"gold_loss":0.0,"damage_taken":0.0,"cards_upgraded":["Noxious Fumes"]},{"damage_healed":0.0,"max_hp_gain":0.0,"max_hp_loss":0.0,"gold_gain":0.0,"event_name":"Scrap Ooze","player_choice":"Success","floor":7.0,"gold_loss":0.0,"damage_taken":18.0,"relics_obtained":["Ornamental Fan"]},{"damage_healed":0,"gold_gain":0,"player_choice":"3 cards matched","damage_taken":0,"max_hp_gain":0,"max_hp_loss":0,"event_name":"Match and Keep!","floor":19,"gold_loss":0,"cards_obtained":["Normality","Prepared","Calculated Gamble"]},{"damage_healed":0,"gold_gain":0,"player_choice":"Opened","damage_taken":0,"relics_obtained":["Centennial Puzzle"],"max_hp_gain":0,"max_hp_loss":0,"event_name":"The Mausoleum","floor":21,"gold_loss":0,"cards_obtained":["Writhe"]}],"is_beta":false,"boss_relics":[{"not_picked":["White Beast Statue","Eternal Feather"],"picked":"HoveringKite"}],"items_purged_floors":[],"is_endless":false,"potions_floor_spawned":[1,3,18,20,25],"killed_by":"Cultist and Chosen","ascension_level":0}