{"gold_per_floor":[115,115,130,130,148,148,1,1,1,34,47,47,90,114,114,238,238,253,269,194,210,210,210,34,34,34,55,96,120,120,120],"floor_reached":31,"playtime":1664,"items_purged":["Regret"],"score":348,"play_id":"b6a260e7-5741-4f0b-905b-b34b150598c8","local_time":"20180914231648","is_ascension_mode":true,"campfire_choices":[{"floor":6,"key":"REST"},{"data":"Static Discharge","floor":8,"key":"SMITH"},{"floor":12,"key":"REST"},{"data":"Biased Cognition","floor":15,"key":"SMITH"},{"floor":23,"key":"REST"},{"floor":25,"key":"REST"}],"neow_cost":"CURSE","seed_source_timestamp":30787738501999,"circlet_count":0,"master_deck":["Strike_B","Strike_B","Strike_B","Strike_B","Defend_B","Defend_B","Defend_B+1","Defend_B","Zap","Dualcast","Electrodynamics+1","Sweeping Beam","Beam Cell","Static Discharge+1","Biased Cognition+1","Beam Cell","Auto Shields+1","Machine Learning","Conserve Battery+1","Conserve Battery+1","Buffer","Chrysalis+1","Capacitor","Conserve Battery+1","Ball Lightning","Thunder Strike"],"relics":["Cracked Core","Golden Idol","Toxic Egg 2","Centennial Puzzle","Blue Candle","Fusion Hammer","Potion Belt","Bottled Tornado","Dream Catcher"],"potions_floor_usage":[16,16,27,28],"damage_taken":[{"damage":8,"enemies":"Small Slimes","floor":1,"turns":2},{"damage":9,"enemies":"Jaw Worm","floor":3,"turns":3},{"damage":0,"enemies":"Cultist","floor":5,"turns":2},{"damage":10,"enemies":"3 Sentries","floor":10,"turns":2},{"damage":8,"enemies":"3 Louse","floor":11,"turns":2},{"damage":0,"enemies":"Gremlin Nob","floor":13,"turns":3},{"damage":2,"enemies":"Exordium Wildlife","floor":14,"turns":4},{"damage":30,"enemies":"Hexaghost","floor":16,"turns":9},{"damage":0,"enemies":"Chosen","floor":18,"turns":3},{"damage":7,"enemies":"Shell Parasite","floor":19,"turns":3},{"damage":15,"enemies":"Snake Plant","floor":21,"turns":3},{"damage":20,"enemies":"Shelled Parasite and Fungi","floor":27,"turns":4},{"damage":30,"enemies":"Book of Stabbing","floor":28,"turns":5},{"damage":14,"enemies":"Centurion and Healer","floor":29,"turns":5},{"damage":11,"enemies":"3 Cultists","floor":31,"turns":2}],"seed_played":"6967955302541110418","potions_obtained":[{"floor":5,"key":"Weak Potion"},{"floor":11,"key":"Regen Potion"},{"floor":13,"key":"Weak Potion"},{"floor":18,"key":"Strength Potion"},{"floor":29,"key":"Energy Potion"}],"is_trial":false,"path_per_floor":["M","?","M","?","M","R","$","R","T","E","M","R","E","M","R","B",null,"M","M","?","M","?","R","$","R","T","M","E","M","?"],"character_chosen":"DEFECT","items_purchased":["Static Discharge","Chrysalis+1"],"campfire_rested":4,"item_purchase_floors":[7,24],"current_hp_per_floor":[67,67,58,43,43,65,65,65,65,55,47,69,69,67,67,52,75,75,68,68,53,53,75,75,75,75,55,25,11,11,0],"gold":120,"neow_bonus":"THREE_RARE_CARDS","is_prod":false,"is_daily":false,"chose_seed":false,"campfire_upgraded":2,"win_rate":0,"timestamp":1536959808,"path_taken":["M","?","M","?","M","R","$","R","T","E","M","R","E","M","R","BOSS","M","M","?","M","?","R","$","R","T","M","E","M","?","?"],"build_version":"2018-09-06","purchased_purges":1,"victory":false,"max_hp_per_floor":[75,75,75,75,75,75,75,75,75,75,75,75,75,75,75,75,75,75,75,75,75,75,75,75,75,75,75,75,75,75,75],"card_choices":[{"not_picked":["Buffer","Multi-Cast"],"picked":"Electrodynamics","floor":0},{"not_picked":["Steam","Streamline"],"picked":"Sweeping Beam","floor":1},{"not_picked":["Stack","Coolheaded"],"picked":"Beam Cell","floor":3},{"not_picked":["Compile Driver","Reinforced Body","Barrage"],"picked":"SKIP","floor":5},{"not_picked":["Sunder","Coolheaded+1"],"picked":"Biased Cognition","floor":10},{"not_picked":["Streamline","Blizzard"],"picked":"Beam Cell","floor":11},{"not_picked":["FTL","Rebound"],"picked":"Auto Shields+1","floor":13},{"not_picked":["Stack+1","Reinforced Body+1","Scrape"],"picked":"SKIP","floor":14},{"not_picked":["Core Surge","All For One"],"picked":"Machine Learning","floor":16},{"not_picked":["Force Field+1","Cold Snap"],"picked":"Conserve Battery+1","floor":18},{"not_picked":["Gash","Redo+1"],"picked":"Conserve Battery+1","floor":19},{"not_picked":["Loop","Cold Snap"],"picked":"Buffer","floor":21},{"not_picked":["Beam Cell","Hologram+1"],"picked":"Capacitor","floor":27},{"not_picked":["Ball Lightning","Rip and Tear","Machine Learning"],"picked":"SKIP","floor":28},{"not_picked":["Reinforced Body+1","Compile Driver"],"picked":"Conserve Battery+1","floor":29}],"player_experience":156482,"relics_obtained":[{"floor":9,"key":"Toxic Egg 2"},{"floor":10,"key":"Centennial Puzzle"},{"floor":13,"key":"Blue Candle"},{"floor":26,"key":"Bottled Tornado"},{"floor":28,"key":"Dream Catcher"}],"event_choices":[{"event_name":"Golden Idol","player_choice":"Take Wound","floor":2,"damage_taken":0},{"event_name":"Shining Light","player_choice":"Entered Light","floor":4,"damage_taken":0},{"event_name":"Beggar","player_choice":"Gave Gold","floor":20,"damage_taken":0},{"event_name":"The Mausoleum","player_choice":"Yes","floor":22,"damage_taken":0},{"event_name":"Match and Keep!","player_choice":"2 cards matched","floor":30,"damage_taken":0}],"is_beta":false,"boss_relics":[{"not_picked":["Runic Pyramid","Philosopher\u0027s Stone"],"picked":"Fusion Hammer"}],"items_purged_floors":[7],"is_endless":false,"potions_floor_spawned":[5,11,13,14,18,29],"killed_by":"3 Cultists","ascension_level":4}