{"gold_per_floor":[116,41,51,71,40,40,51,77,104,104,104,104,168,95,95,170,170,180,99,99],"floor_reached":20,"playtime":1005,"items_purged":["Defend_B"],"score":281,"play_id":"cb60312b-e0a6-4d1b-9da9-2d4183fc857c","local_time":"20180920164003","is_ascension_mode":true,"campfire_choices":[{"data":"Static Discharge","floor":6,"key":"SMITH"},{"data":"Dualcast","floor":11,"key":"SMITH"},{"floor":15,"key":"REST"}],"neow_cost":"NONE","seed_source_timestamp":445709020834846,"circlet_count":0,"master_deck":["Strike_B","Strike_B","Strike_B+1","Strike_B","Defend_B","Defend_B","Defend_B","Zap+1","Dualcast+1","AscendersBane","Static Discharge+1","White Noise","Ball Lightning+1","Melter","Ball Lightning","Defragment","Sweeping Beam","Creative AI","Consume","Glacier"],"relics":["Cracked Core","Whetstone","Strawberry","Dream Catcher","Inserter"],"potions_floor_usage":[8,13,13,20,20],"damage_taken":[{"damage":1,"enemies":"2 Louse","floor":1,"turns":3},{"damage":12,"enemies":"Small Slimes","floor":3,"turns":3},{"damage":1,"enemies":"Cultist","floor":4,"turns":4},{"damage":9,"enemies":"2 Fungi Beasts","floor":7,"turns":3},{"damage":37,"enemies":"Gremlin Nob","floor":8,"turns":4},{"damage":16,"enemies":"Lagavulin Event","floor":13,"turns":4},{"damage":48,"enemies":"The Guardian","floor":16,"turns":5},{"damage":36,"enemies":"3 Byrds","floor":18,"turns":4},{"damage":37,"enemies":"Colosseum Slavers","floor":20,"turns":2}],"seed_played":"-2786573340396076909","potions_obtained":[{"floor":1,"key":"Regen Potion"},{"floor":4,"key":"LiquidBronze"},{"floor":8,"key":"EssenceOfSteel"},{"floor":16,"key":"SpeedPotion"},{"floor":18,"key":"Dexterity Potion"}],"is_trial":false,"path_per_floor":["M","$","M","M","?","R","M","E","T","?","R","?","?","$","R","B",null,"M","$"],"character_chosen":"DEFECT","items_purchased":["Defragment","Glacier"],"campfire_rested":1,"item_purchase_floors":[14,19],"current_hp_per_floor":[74,74,62,61,61,61,52,27,34,63,63,63,47,47,73,25,73,37,37,0],"gold":99,"neow_bonus":"TEN_PERCENT_HP_BONUS","is_prod":false,"is_daily":false,"chose_seed":false,"campfire_upgraded":2,"win_rate":0,"timestamp":1537454403,"path_taken":["M","$","M","M","?","R","?","E","T","?","R","?","?","$","R","BOSS","M","$","?"],"build_version":"2018-09-06","purchased_purges":1,"victory":false,"max_hp_per_floor":[82,82,82,82,82,82,82,82,89,89,89,89,89,89,89,89,89,89,89,89],"card_choices":[{"not_picked":["Turbo","Leap"],"picked":"Static Discharge","floor":1},{"not_picked":["Auto Shields","Fusion"],"picked":"White Noise","floor":3},{"not_picked":["Beam Cell","Heatsinks","Coolheaded"],"picked":"SKIP","floor":4},{"not_picked":["Stack","Blizzard"],"picked":"Ball Lightning","floor":7},{"not_picked":["Rip and Tear","Sweeping Beam"],"picked":"Melter","floor":8},{"not_picked":["Lockon","Hologram"],"picked":"Ball Lightning","floor":13},{"not_picked":["Rebound","Stack"],"picked":"Sweeping Beam","floor":15},{"not_picked":["Meteor Strike","All For One"],"picked":"Creative AI","floor":16},{"not_picked":["Gash","Stack"],"picked":"Consume","floor":18}],"player_experience":470346,"relics_obtained":[{"floor":8,"key":"Whetstone"},{"floor":9,"key":"Strawberry"},{"floor":13,"key":"Dream Catcher"}],"event_choices":[{"event_name":"World of Goop","player_choice":"Left","floor":5,"damage_taken":0},{"event_name":"Big Fish","player_choice":"Banana","floor":10,"damage_taken":0},{"event_name":"Upgrade Shrine","player_choice":"Upgraded","floor":12,"damage_taken":0},{"event_name":"Dead Adventurer","player_choice":"Searched \u00273\u0027 times","floor":13,"damage_taken":0},{"event_name":"Colosseum","player_choice":"Fight","floor":20,"damage_taken":0}],"is_beta":false,"boss_relics":[{"not_picked":["Velvet Choker","Cursed Key"],"picked":"Inserter"}],"items_purged_floors":[2],"is_endless":false,"potions_floor_spawned":[1,4,8,16,18],"killed_by":"Colosseum Slavers","ascension_level":13}