{"path_per_floor":["M","?","M","M","M","R","E","R","T","E","?","R","M","E","R","B",null,"M","$","M","?","M","E","R","E","T","M","M","R","E","$","R","B",null,"M","$","?","M","M","R","E","R","T","$","R","M","R","E","R","B"],"character_chosen":"THE_SILENT","items_purchased":["Ornamental Fan","Infinite Blades"],"gold_per_floor":[11,11,31,49,61,61,86,86,110,136,136,136,156,189,189,286,286,286,43,43,43,43,43,43,43,43,43,43,43,43,4,4,4,4,4,4,4,4,4,4,4,4,4,4,4,4,4,4,4,4],"floor_reached":51,"campfire_rested":3,"playtime":4937,"current_hp_per_floor":[69,69,69,69,60,60,57,57,57,57,32,53,53,53,53,45,70,68,68,68,68,63,53,53,38,52,51,51,51,45,45,70,54,84,84,84,84,68,68,68,63,63,63,63,63,62,84,84,84,74],"items_purged":[],"gold":4,"score":716,"play_id":"c4bb406e-b611-492d-acb5-ed1a94d2840c","local_time":"20180303224334","is_prod":false,"is_daily":false,"is_ascension_mode":true,"campfire_upgraded":9,"timestamp":1520145814,"path_taken":["M","?","M","M","M","R","E","R","T","E","?","R","M","E","R","BOSS","M","$","M","?","M","E","R","E","T","M","M","R","E","?","R","BOSS","M","$","?","M","M","R","E","R","T","$","R","M","R","E","R","BOSS"],"build_version":"2018-03-01-PROD1","purchased_purges":0,"victory":true,"master_deck":["Defend_G","Defend_G","Defend_G","Defend_G","Defend_G+1","Strike_G+1","Strike_G","Strike_G+1","Survivor","Neutralize+1","Expertise+1","Backflip+1","Heel Hook","Accuracy+1","Dash+1","Storm of Steel+1","Noxious Fumes+1","Prepared+1","Storm of Steel+1","Cloak And Dagger+1","PiercingWail","Dodge and Roll","Terror+1","PiercingWail+1","Leg Sweep+1","Wraith Form+1","Prepared+1","Infinite Blades+1","Envenom+1","Noxious Fumes+1","After Image+1","Malaise+1","Tools of the Trade+1","Deflect+1","Tools of the Trade+1"],"max_hp_per_floor":[70,70,70,70,70,70,70,70,70,70,70,70,70,70,70,70,70,70,70,70,70,70,70,70,70,84,84,84,84,84,84,84,84,84,84,84,84,84,84,84,84,84,84,84,84,84,84,84,84,84],"relics":["Ring of the Snake","Whetstone","Prayer Wheel","Frozen Egg 2","Vajra","War Paint","Ectoplasm","Ornamental Fan","Tiny Chest","Bronze Scales","Mango","Bottled Flame","Lizard Tail","Kunai","Snake Skull","Pen Nib"],"card_choices":[{"not_picked":["Dagger Spray","Poisoned Stab"],"picked":"Expertise"},{"not_picked":["Dagger Spray","Sucker Punch"],"picked":"Backflip"},{"not_picked":["Flying Knee","Dodge and Roll"],"picked":"Heel Hook"},{"not_picked":["Finisher","Catalyst"],"picked":"Accuracy"},{"not_picked":["All Out Attack","Heel Hook"],"picked":"Dash"},{"not_picked":["Finisher","Crippling Poison"],"picked":"Storm of Steel"},{"not_picked":["Acrobatics","Dodge and Roll"],"picked":"Noxious Fumes"},{"not_picked":["Riddle With Holes","Eviscerate"],"picked":"Prepared"},{"not_picked":["Adrenaline","Die Die Die"],"picked":"Storm of Steel"},{"not_picked":["Slice","Dodge and Roll"],"picked":"Cloak And Dagger"},{"not_picked":["Blade Dance","Distraction"],"picked":"PiercingWail"},{"not_picked":["PiercingWail","Reflex"],"picked":"Dodge and Roll"},{"not_picked":["Bane","Masterful Stab"],"picked":"Terror"},{"not_picked":["Prepared","Dagger Throw"],"picked":"PiercingWail"},{"not_picked":["Eviscerate","Bane"],"picked":"Leg Sweep"},{"not_picked":["Prepared","Escape Plan"],"picked":"Wraith Form"},{"not_picked":["Endless Agony","Flying Knee"],"picked":"Prepared"},{"not_picked":["Doppelganger","Tools of the Trade"],"picked":"Envenom"},{"not_picked":["Acrobatics","Deadly Poison"],"picked":"Noxious Fumes"},{"not_picked":["Poisoned Stab","Acrobatics"],"picked":"After Image"},{"not_picked":["Poisoned Stab","Infinite Blades"],"picked":"Malaise"},{"not_picked":["Dodge and Roll","Infinite Blades"],"picked":"Tools of the Trade"},{"not_picked":["Sucker Punch","Dagger Throw"],"picked":"Deflect"},{"not_picked":["Slice","Dagger Throw"],"picked":"Tools of the Trade"}],"player_experience":73667,"potions_floor_usage":[16,18,23,25,50,50,50],"damage_taken":[{"damage":1.0,"enemies":"Cultist","floor":1.0,"turns":5.0},{"damage":0.0,"enemies":"2 Louse","floor":3.0,"turns":2.0},{"damage":0.0,"enemies":"Small Slimes","floor":4.0,"turns":5.0},{"damage":9.0,"enemies":"Looter","floor":5.0,"turns":4.0},{"damage":18.0,"enemies":"Lagavulin","floor":7.0,"turns":11.0},{"damage":0,"enemies":"3 Sentries","floor":10,"turns":10},{"damage":0,"enemies":"Large Slime","floor":13,"turns":3},{"damage":0,"enemies":"Lagavulin","floor":14,"turns":6},{"damage":8,"enemies":"Slime Boss","floor":16,"turns":6},{"damage":2,"enemies":"Spheric Guardian","floor":18,"turns":4},{"damage":0,"enemies":"Shell Parasite","floor":20,"turns":4},{"damage":5,"enemies":"Cultist and Chosen","floor":22,"turns":6},{"damage":10,"enemies":"Slavers","floor":23,"turns":5},{"damage":15,"enemies":"Gremlin Leader","floor":25,"turns":7},{"damage":1,"enemies":"Centurion and Healer","floor":27,"turns":6},{"damage":0,"enemies":"Snecko","floor":28,"turns":3},{"damage":6,"enemies":"Book of Stabbing","floor":30,"turns":5},{"damage":16,"enemies":"Collector","floor":33,"turns":8},{"damage":0,"enemies":"Orb Walker","floor":35,"turns":4},{"damage":16,"enemies":"3 Darklings","floor":38,"turns":6},{"damage":0,"enemies":"4 Shapes","floor":39,"turns":7},{"damage":5,"enemies":"Giant Head","floor":41,"turns":9},{"damage":1,"enemies":"Maw","floor":46,"turns":6},{"damage":0,"enemies":"Nemesis","floor":48,"turns":7},{"damage":10,"enemies":"Donu and Deca","floor":50,"turns":9}],"event_choices":[{"event_name":"The Lab","player_choice":"Got Potions","floor":2.0,"damage_taken":0.0},{"event_name":"Scrap Ooze","player_choice":"success","floor":11,"damage_taken":25},{"event_name":"Vampires","player_choice":"Ignored","floor":21,"damage_taken":0},{"event_name":"Accursed Blacksmith","player_choice":"Ignore","floor":37,"damage_taken":0}],"boss_relics":[{"not_picked":["Runic Pyramid","Astrolabe"],"picked":"Ectoplasm"},{"not_picked":["Calling Bell","Eternal Feather"],"picked":"Lizard Tail"}],"potions_floor_spawned":[3,5,10,14,16,22,23,27,28,35,39],"seed_played":"3999306616895705209","ascension_level":1,"is_trial":false}