{"gold_per_floor":[110,110,14,25,43,43,70,70,116,146,146,172,187,200,200,301,301,321,321,411,411,423,423,450,450,450,450,470,120,120,135,135,230,230,241,259,559,28,28,54,54,54,54,73,73,89,89,101,101,101],"floor_reached":51,"playtime":3055,"items_purged":["Writhe"],"score":857,"play_id":"6f52b3bf-6a35-4c28-90fd-9d6ebbe8bdde","local_time":"20180904094425","is_ascension_mode":true,"campfire_choices":[{"data":"Combust","floor":6,"key":"SMITH"},{"data":"Demon Form","floor":8,"key":"SMITH"},{"data":"Rampage","floor":11,"key":"SMITH"},{"data":"Heavy Blade","floor":15,"key":"SMITH"},{"floor":23,"key":"REST"},{"floor":25,"key":"REST"},{"floor":27,"key":"REST"},{"floor":32,"key":"REST"},{"floor":41,"key":"REST"},{"data":"Anger","floor":45,"key":"SMITH"},{"data":"Dual Wield","floor":49,"key":"SMITH"}],"neow_cost":"NONE","seed_source_timestamp":323087642824332,"circlet_count":0,"master_deck":["Strike_R","Strike_R","Strike_R","Strike_R","Strike_R+1","Defend_R","Defend_R","Defend_R+1","Defend_R","Bash+1","Bludgeon","Shrug It Off+1","Shrug It Off","Combust+1","Anger+1","Demon Form+1","Anger","Rampage+1","Pommel Strike","Heavy Blade+1","Shrug It Off","Cleave","Shrug It Off","Iron Wave+1","Rage+1","Mayhem+1","Anger+1","Reaper","Fire Breathing+1","Rupture+1","Rupture+1","Violence+1","Metallicize+1","Dual Wield+1","Anger+1","Rage+1"],"relics":["Burning Blood","Bronze Scales","Magic Flower","Whetstone","Orichalcum","Mercury Hourglass","Sozu","Frozen Egg 2","Gremlin Horn","War Paint","Bag of Marbles","MutagenicStrength","Runic Cube","Old Coin","Sling","Blood Vial","Kunai"],"potions_floor_usage":[7,12,18],"damage_taken":[{"damage":0,"enemies":"Small Slimes","floor":1,"turns":3},{"damage":1,"enemies":"2 Louse","floor":4,"turns":2},{"damage":2,"enemies":"Cultist","floor":5,"turns":3},{"damage":8,"enemies":"3 Sentries","floor":7,"turns":4},{"damage":15,"enemies":"Lagavulin","floor":10,"turns":5},{"damage":0,"enemies":"Gremlin Nob","floor":12,"turns":3},{"damage":1,"enemies":"Exordium Thugs","floor":13,"turns":3},{"damage":5,"enemies":"Looter","floor":14,"turns":2},{"damage":6,"enemies":"Slime Boss","floor":16,"turns":5},{"damage":3,"enemies":"Spheric Guardian","floor":18,"turns":3},{"damage":27,"enemies":"Shell Parasite","floor":22,"turns":4},{"damage":45,"enemies":"Book of Stabbing","floor":24,"turns":5},{"damage":17,"enemies":"Snake Plant","floor":28,"turns":4},{"damage":10,"enemies":"Chosen and Byrds","floor":31,"turns":3},{"damage":53,"enemies":"Automaton","floor":33,"turns":7},{"damage":31,"enemies":"3 Darklings","floor":35,"turns":5},{"damage":10,"enemies":"Orb Walker","floor":36,"turns":3},{"damage":44,"enemies":"Giant Head","floor":40,"turns":7},{"damage":24,"enemies":"Maw","floor":44,"turns":6},{"damage":32,"enemies":"Transient","floor":46,"turns":5},{"damage":12,"enemies":"3 Darklings","floor":48,"turns":4},{"damage":67,"enemies":"Time Eater","floor":50,"turns":9}],"seed_played":"-156436951740152844","potions_obtained":[{"floor":1,"key":"Dexterity Potion"},{"floor":10,"key":"SteroidPotion"},{"floor":16,"key":"Strength Potion"}],"is_trial":false,"path_per_floor":["M","?","$","M","M","R","E","R","T","E","R","E","M","M","R","B",null,"M","?","?","?","M","R","E","R","T","R","M","$","?","M","R","B",null,"M","M","?","$","?","E","R","?","T","M","R","M","?","M","R","B"],"character_chosen":"IRONCLAD","items_purchased":["Shrug It Off","Combust","Mayhem+1","Bag of Marbles","Rupture+1","Violence","Sling"],"campfire_rested":5,"item_purchase_floors":[3,3,29,29,38,38,38],"current_hp_per_floor":[80,68,68,73,77,77,75,75,75,69,69,78,80,80,80,80,80,80,80,64,49,31,56,20,45,45,70,62,62,62,61,85,41,85,75,79,79,79,79,58,84,84,84,77,77,63,63,84,84,65],"gold":101,"neow_bonus":"ONE_RANDOM_RARE_CARD","is_prod":false,"is_daily":false,"chose_seed":false,"campfire_upgraded":6,"win_rate":0,"timestamp":1536047065,"path_taken":["M","?","?","M","M","R","E","R","T","E","R","E","M","M","R","BOSS","M","?","?","?","M","R","E","R","T","R","?","$","?","M","R","BOSS","M","M","?","$","?","E","R","?","T","M","R","?","?","M","R","BOSS"],"build_version":"2018-08-30","purchased_purges":1,"victory":true,"max_hp_per_floor":[80,80,80,80,80,80,80,80,80,80,80,80,80,80,80,80,80,80,80,80,85,85,85,85,85,85,85,85,85,85,85,85,85,85,85,88,88,88,88,88,88,88,88,88,88,88,88,88,88,88],"card_choices":[{"not_picked":["Entrench","Anger"],"picked":"Shrug It Off","floor":1},{"not_picked":["Perfected Strike","Clothesline"],"picked":"Anger","floor":4},{"not_picked":["Clash","Warcry"],"picked":"Demon Form","floor":5},{"not_picked":["Dual Wield","Ghostly Armor"],"picked":"Anger","floor":7},{"not_picked":["Inflame","Warcry"],"picked":"Rampage","floor":10},{"not_picked":["Bludgeon","Inflame"],"picked":"Pommel Strike","floor":12},{"not_picked":["Clothesline","Iron Wave"],"picked":"Heavy Blade","floor":13},{"not_picked":["Twin Strike","Iron Wave"],"picked":"Shrug It Off","floor":14},{"not_picked":["Impervious","Bludgeon"],"picked":"Feed","floor":16},{"not_picked":["Twin Strike","Evolve"],"picked":"Cleave","floor":18},{"not_picked":["True Grit","Warcry"],"picked":"Shrug It Off","floor":22},{"not_picked":["Body Slam","Perfected Strike"],"picked":"Iron Wave+1","floor":24},{"not_picked":["Reckless Charge","Headbutt"],"picked":"Rage+1","floor":28},{"not_picked":["Sword Boomerang+1","Perfected Strike"],"picked":"Anger+1","floor":31},{"not_picked":["Brutality+1","Immolate"],"picked":"Reaper","floor":33},{"not_picked":["Seeing Red","Whirlwind+1"],"picked":"Fire Breathing+1","floor":35},{"not_picked":["Warcry","Wild Strike+1"],"picked":"Rupture+1","floor":36},{"not_picked":["Infernal Blade","Iron Wave+1"],"picked":"Metallicize+1","floor":40},{"not_picked":["Clash+1","Twin Strike+1","Burning Pact"],"picked":"SKIP","floor":44},{"not_picked":["Armaments","Iron Wave+1"],"picked":"Dual Wield","floor":46},{"not_picked":["True Grit","Dual Wield+1"],"picked":"Rage+1","floor":48}],"player_experience":91722,"relics_obtained":[{"floor":7,"key":"Magic Flower"},{"floor":9,"key":"Whetstone"},{"floor":10,"key":"Orichalcum"},{"floor":12,"key":"Mercury Hourglass"},{"floor":24,"key":"Gremlin Horn"},{"floor":26,"key":"War Paint"},{"floor":40,"key":"Blood Vial"},{"floor":43,"key":"Kunai"}],"event_choices":[{"event_name":"Scrap Ooze","player_choice":"success","floor":2,"damage_taken":12},{"event_name":"The Mausoleum","player_choice":"Yes","floor":19,"damage_taken":0},{"event_name":"Knowing Skull","player_choice":"GOLD ","floor":20,"damage_taken":0},{"event_name":"Forgotten Altar","player_choice":"Shed Blood","floor":21,"damage_taken":0},{"event_name":"Drug Dealer","player_choice":"Inject Mutagens","floor":30,"damage_taken":0},{"event_name":"WeMeetAgain","player_choice":"Card","floor":37,"damage_taken":0},{"event_name":"SensoryStone","player_choice":"Memory 1","floor":39,"damage_taken":0},{"event_name":"Accursed Blacksmith","player_choice":"Forge","floor":42,"damage_taken":0},{"event_name":"Duplicator","player_choice":"One dupe","floor":47,"damage_taken":0}],"is_beta":false,"boss_relics":[{"not_picked":["Pandora\u0027s Box","Calling Bell"],"picked":"Sozu"},{"not_picked":["Snecko Eye","Eternal Feather"],"picked":"Runic Cube"}],"items_purged_floors":[38],"is_endless":false,"potions_floor_spawned":[1,10,16,24,28,35],"ascension_level":2}