{"gold_per_floor":[365,384,42,52,86,86,134,149,149,166,166,191,232,232,232,359,359,374,5,5,5,23,23,123,140,186,186,223,223,240,252,252,352,352,371,11,27,64,103,132,132,167,204,214,226,226,276,315,315,340],"floor_reached":50,"playtime":6944,"items_purged":["hubris:Strike_Merchant","Slimebound:Split"],"score":518,"play_id":"da7d46cc-e6c5-4d6b-895d-a9e8fe815f45","local_time":"20190321185437","is_ascension_mode":false,"campfire_choices":[{"data":"Slimebound:Grow","floor":6,"key":"SMITH"},{"data":"Slimebound:LeadByExample","floor":11,"key":"SMITH"},{"data":"BettingIsNotGood","floor":15,"key":"SMITH"},{"data":"Slimebound:Equalize","floor":23,"key":"SMITH"},{"data":"Slimebound:PrepareCrush","floor":27,"key":"SMITH"},{"data":"Slimebound:DivideAndConquer","floor":32,"key":"SMITH"},{"floor":41,"key":"RECALL"},{"data":"Slimebound:Dissolve","floor":46,"key":"SMITH"},{"data":"Slimebound:MinionMaster","floor":49,"key":"SMITH"}],"neow_cost":"BASIC_CARDS","seed_source_timestamp":88950131750871,"circlet_count":0,"master_deck":["Slimebound:Strike_Slimebound","Slimebound:Strike_Slimebound","Slimebound:Strike_Slimebound","Slimebound:Defend_Slimebound","Slimebound:Defend_Slimebound","Slimebound:Defend_Slimebound","Slimebound:Defend_Slimebound","Slimebound:CorrosiveSpit","BettingIsNotGood+1","Slimebound:Defend_Slimebound","Slimebound:LeadByExample+1","Slimebound:DivideAndConquer+1","Slimebound:Grow+1","Slimebound:Repurpose","Slimebound:Equalize+1","Slimebound:Dissolve+1","Slimebound:PrepareCrush+1","Slimebound:ComboTackle","Slimebound:SplitMire+1","Ghostly+1","Ghostly+1","Ghostly+1","Ghostly+1","Ghostly+1","Slimebound:OozeBath+1","Slimebound:AcidGelatin+1","Slimebound:WasteNot+1","hubris:Ssssneak+1","Slimebound:MinionMaster+1"],"relics":["Slimebound:AbsorbEndCombat","HushsDoor","KeepersGift","Art of War","Toy Ornithopter","Pen Nib","hubris:Metronome","hubris:GrandSneckoEye","Membership Card","Toxic Egg 2","Orichalcum","Slimebound:StudyCardRelic","Omamori","Smiling Mask","ChewingGum","NineVolt","TheBean","Meat on the Bone","PreservedInsect","rat:KircheisShard","SpikesRelics:ToyHorsey","PunchingBag"],"potions_floor_usage":[7,7,10,12,13,33,38,38,42,42,42,42,47,50],"damage_taken":[{"damage":6,"enemies":"Cultist","floor":1,"turns":3},{"damage":18,"enemies":"2 Louse","floor":2,"turns":4},{"damage":6,"enemies":"Small Slimes","floor":4,"turns":3},{"damage":11,"enemies":"2 Fungi Beasts","floor":5,"turns":5},{"damage":53,"enemies":"Gremlin Nob","floor":7,"turns":5},{"damage":6,"enemies":"Red Slaver","floor":8,"turns":3},{"damage":12,"enemies":"Looter","floor":10,"turns":4},{"damage":14,"enemies":"Large Slime","floor":12,"turns":4},{"damage":30,"enemies":"3 Sentries","floor":13,"turns":9},{"damage":33,"enemies":"Monstro","floor":16,"turns":7},{"damage":14,"enemies":"Chosen","floor":18,"turns":4},{"damage":11,"enemies":"Shell Parasite","floor":22,"turns":2},{"damage":22,"enemies":"Shell Parasite","floor":24,"turns":6},{"damage":15,"enemies":"Snecko","floor":25,"turns":3},{"damage":6,"enemies":"Snake Plant","floor":28,"turns":2},{"damage":8,"enemies":"Snake Plant","floor":30,"turns":4},{"damage":10,"enemies":"Chosen and Byrds","floor":31,"turns":6},{"damage":26,"enemies":"Automaton","floor":33,"turns":6},{"damage":8,"enemies":"Orb Walker","floor":35,"turns":4},{"damage":14,"enemies":"3 Darklings","floor":37,"turns":7},{"damage":32,"enemies":"4 Shapes","floor":38,"turns":5},{"damage":19,"enemies":"Maw","floor":39,"turns":8},{"damage":13,"enemies":"Reptomancer","floor":40,"turns":7},{"damage":8,"enemies":"Nightmare","floor":42,"turns":5},{"damage":7,"enemies":"Jaw Worm Horde","floor":43,"turns":3},{"damage":6,"enemies":"Jaw Worm Horde","floor":44,"turns":3},{"damage":13,"enemies":"Spire Growth","floor":45,"turns":4},{"damage":19,"enemies":"2 Orb Walkers","floor":47,"turns":4},{"damage":22,"enemies":"4 Shapes","floor":48,"turns":5},{"damage":73,"enemies":"hubris:GrandSnecko","floor":50,"turns":8}],"seed_played":"6452672790233143215","potions_obtained":[{"floor":2,"key":"Fire Potion"},{"floor":4,"key":"Slimebound:SlimedPotion"},{"floor":7,"key":"GamblersBrew"},{"floor":10,"key":"AttackPotion"},{"floor":12,"key":"Milkshake"},{"floor":22,"key":"Slimebound:ThreeZeroPotion"},{"floor":24,"key":"infinitespire:BlackPotion"},{"floor":30,"key":"Poison Potion"},{"floor":35,"key":"FearPotion"},{"floor":40,"key":"EntropicBrew"},{"floor":42,"key":"Toxic Potion"},{"floor":45,"key":"AttackPotion"}],"is_trial":false,"path_per_floor":["M","M","$","M","M","R","E","M","T","M","R","M","E","?","R","B",null,"M","$","?","?","M","R","?","M","T","R","MIM","?","M","M","R","B",null,"M","$","M","M","M","E","R","NM","MIM","M","M","R","?","M","R","B"],"character_chosen":"SLIMEBOUND","items_purchased":["Art of War","Toy Ornithopter","Membership Card","Toxic Egg 2","hubris:Ssssneak+1","NineVolt","TheBean","Meat on the Bone"],"campfire_rested":0,"item_purchase_floors":[3,3,19,19,34,36,36,36],"current_hp_per_floor":[70,58,58,58,53,53,19,16,16,15,15,12,13,34,34,61,70,70,70,55,55,53,53,69,67,67,67,70,35,35,35,35,35,33,33,33,33,33,33,33,33,33,33,33,33,33,33,33,33,0],"gold":340,"neow_bonus":"TWO_FIFTY_GOLD","is_prod":false,"is_daily":false,"chose_seed":false,"campfire_upgraded":8,"win_rate":0,"timestamp":1553208877,"path_taken":["M","M","$","M","M","R","E","M","T","?","R","M","E","?","R","BOSS","M","$","?","?","M","R","?","M","T","R","?","?","M","M","R","BOSS","M","$","M","?","M","E","R","NM","MIM","M","?","R","?","M","R","BOSS"],"build_version":"2019-01-23","purchased_purges":2,"victory":false,"max_hp_per_floor":[70,70,70,70,70,70,70,70,70,70,70,70,70,70,70,70,70,70,70,70,70,70,70,70,70,70,70,70,35,35,35,35,35,33,33,33,33,33,33,33,33,33,33,33,33,33,33,33,33,33],"card_choices":[{"not_picked":[],"picked":"BettingIsNotGood","floor":0},{"not_picked":["Slimebound:LivingWall","Slimebound:GoopTackle","Slimebound:RainOfGoop"],"picked":"SKIP","floor":1},{"not_picked":["Slimebound:Replication","Slimebound:SplitLeeching"],"picked":"Slimebound:LeadByExample","floor":2},{"not_picked":["Slimebound:VenomTackle","Slimebound:SplitBruiser"],"picked":"Slimebound:DivideAndConquer","floor":4},{"not_picked":["Slimebound:LeechEnergy","Slimebound:SplitAcid"],"picked":"Slimebound:Grow","floor":5},{"not_picked":["Slimebound:WasteNot","Slimebound:ProtectTheBoss","Slimebound:RollThrough"],"picked":"SKIP","floor":7},{"not_picked":["Slimebound:SplitBruiser","Slimebound:SlimeSpikes","Slimebound:FinishingTackle"],"picked":"SKIP","floor":8},{"not_picked":["Slimebound:PressTheAttack","Slimebound:Replication"],"picked":"Slimebound:Repurpose","floor":10},{"not_picked":["Slimebound:ComboTackle","Slimebound:SplitMire"],"picked":"Slimebound:Equalize","floor":12},{"not_picked":["Slimebound:ComboTackle","Slimebound:SoulSicken"],"picked":"Slimebound:Dissolve","floor":13},{"not_picked":["Slimebound:OozeBath","Slimebound:MassFeed"],"picked":"Slimebound:PrepareCrush","floor":16},{"not_picked":["Slimebound:AcidGelatin","Slimebound:SplitAcid","Slimebound:PressTheAttack"],"picked":"SKIP","floor":18},{"not_picked":["Slimebound:SplitMire+1","Slimebound:Dissolve+1","Slimebound:LevelUp"],"picked":"SKIP","floor":22},{"not_picked":["Slimebound:SplitAcid+1","Slimebound:ViciousTackle"],"picked":"Slimebound:SplitMire+1","floor":24},{"not_picked":["Slimebound:ComboTackle+1","Slimebound:PoisonLick+1","Slimebound:SplitMire+1"],"picked":"SKIP","floor":25},{"not_picked":["Slimebound:RollThrough+1","Slimebound:ComboTackle+1"],"picked":"Slimebound:OozeBath+1","floor":30},{"not_picked":["Slimebound:ComboTackle","Slimebound:Lick+1"],"picked":"Slimebound:AcidGelatin+1","floor":31},{"not_picked":["Slimebound:MassFeed","Slimebound:PrepareCrush+1"],"picked":"Slimebound:WasteNot+1","floor":33},{"not_picked":["Slimebound:LivingWall+1","Slimebound:PoisonLick+1","Slimebound:HauntingLick+1"],"picked":"SKIP","floor":35},{"not_picked":["Slimebound:LeadByExample","Slimebound:RainOfGoop+1","Slimebound:ViciousTackle"],"picked":"SKIP","floor":37},{"not_picked":["Slimebound:GoopTackle","Slimebound:LeechingTouch","Slimebound:SamplingLick+1"],"picked":"SKIP","floor":38},{"not_picked":["Slimebound:LeechEnergy","Slimebound:GoopTackle","Slimebound:SamplingLick+1"],"picked":"SKIP","floor":39},{"not_picked":["Slimebound:DivideAndConquer+1","Slimebound:SlimeSpikes+1","Slimebound:SplitLeeching+1"],"picked":"SKIP","floor":40},{"not_picked":["Slimebound:DuplicatedForm","Slimebound:ProtectTheBoss+1","Slimebound:HauntingLick+1"],"picked":"SKIP","floor":42},{"not_picked":["Slimebound:PoisonLick+1","Slimebound:SamplingLick+1","Slimebound:QuickStudy+1"],"picked":"SKIP","floor":44},{"not_picked":["Slimebound:FirmFortitude","Slimebound:SplitAcid+1","Slimebound:SamplingLick+1"],"picked":"SKIP","floor":45},{"not_picked":["Slimebound:ViciousTackle","Slimebound:SplitMire+1"],"picked":"Slimebound:MinionMaster","floor":48}],"player_experience":794066,"relics_obtained":[{"floor":7,"key":"Pen Nib"},{"floor":13,"key":"hubris:Metronome"},{"floor":24,"key":"Slimebound:StudyCardRelic"},{"floor":26,"key":"Omamori"},{"floor":28,"key":"Smiling Mask"},{"floor":40,"key":"PreservedInsect"},{"floor":42,"key":"rat:KircheisShard"},{"floor":43,"key":"SpikesRelics:ToyHorsey"},{"floor":47,"key":"PunchingBag"}],"event_choices":[{"damage_healed":0,"gold_gain":0,"cards_transformed":["Slimebound:Tackle"],"player_choice":"Transformed","damage_taken":0,"max_hp_gain":0,"max_hp_loss":0,"event_name":"Transmorgrifier","floor":21,"gold_loss":0,"cards_obtained":["Slimebound:ComboTackle"]},{"damage_healed":0,"gold_gain":0,"player_choice":"Became a Ghost","damage_taken":0,"max_hp_gain":0,"max_hp_loss":35,"event_name":"Ghosts","floor":29,"gold_loss":0,"cards_obtained":["Ghostly","Ghostly","Ghostly","Ghostly","Ghostly"]},{"damage_healed":0,"gold_gain":0,"player_choice":"Fight","damage_taken":0,"max_hp_gain":0,"max_hp_loss":0,"event_name":"Mysterious Sphere","floor":47,"gold_loss":0}],"is_beta":false,"boss_relics":[{"not_picked":["Snecko Eye","Fusion Hammer"],"picked":"hubris:GrandSneckoEye"},{"not_picked":[]},{"not_picked":["Busted Crown","MagicMushroom"],"picked":"ChewingGum"},{"not_picked":[]}],"items_purged_floors":[19,36],"is_endless":false,"potions_floor_spawned":[2,4,7,10,12,22,24,30,35,40,42,45],"killed_by":"hubris:GrandSnecko","ascension_level":0}