{"path_per_floor":["M","?","M","M","M","R","M","?","T","M","M","R","E","$","R","B",null,"M","M","M","M","M","E","R","?","T","M","E","R","$","M","R","B",null,"M","$","M","M","M","R","E","M","T","M","R","?","M","M","R","B"],"character_chosen":"IRONCLAD","items_purchased":["Vajra","Inflame","Clothesline","Uppercut"],"gold_per_floor":[116,116,130,146,158,158,173,173,221,231,242,242,270,24,24,121,121,132,145,160,171,181,211,211,134,134,149,177,177,102,116,116,220,220,232,62,79,97,107,107,136,152,227,241,241,241,252,267,267,267],"floor_reached":51,"campfire_rested":1,"playtime":1703,"current_hp_per_floor":[80,85,85,85,83,83,75,68,68,74,72,72,52,52,52,38,85,82,85,70,76,64,53,53,53,53,41,22,47,47,35,35,35,85,78,78,84,70,63,63,56,53,53,47,47,47,50,45,45,10],"items_purged":["Strike_R","Flex"],"gold":267,"score":804,"play_id":"75737d1e-ae20-49ce-80ea-c9ff87f9857f","local_time":"20180427122519","is_prod":false,"is_daily":false,"chose_seed":false,"is_ascension_mode":false,"campfire_upgraded":8,"timestamp":1524824719,"path_taken":["M","?","M","M","M","R","M","?","T","?","M","R","E","$","R","BOSS","M","M","M","M","M","E","R","?","T","M","E","R","$","M","R","BOSS","M","$","M","M","M","R","E","M","T","?","R","?","M","M","R","BOSS"],"build_version":"2018-04-26v2","seed_source_timestamp":3126607955077,"purchased_purges":2,"victory":true,"master_deck":["Strike_R","Strike_R","Strike_R","Defend_R","Defend_R","Defend_R","Defend_R","Bash","Cleave","Thunderclap","Shockwave+1","Pommel Strike","Infernal Blade+1","Dropkick","Dropkick","Inflame+1","Clothesline","Demon Form+1","Iron Wave","Dropkick+1","Iron Wave+1","Whirlwind+1","Power Through","J.A.X.","Twin Strike","Clash+1","Berserk+1","Feed","Clothesline","Uppercut","Headbutt+1","Dropkick","Flame Barrier","Searing Blow+3","Perfected Strike+1"],"max_hp_per_floor":[80,85,85,85,85,85,85,85,85,85,85,85,85,85,85,85,85,85,85,85,85,85,85,85,85,85,85,85,85,85,85,85,85,85,85,85,85,85,85,85,95,98,98,101,101,101,101,101,101,104],"relics":["Burning Blood","Bag of Marbles","Pantograph","Vajra","Philosopher\u0027s Stone","Lantern","Orichalcum","Ornamental Fan","Snecko Eye","Pear","Dodecahedron"],"card_choices":[{"not_picked":["Headbutt","Dual Wield"],"picked":"Cleave","floor":1},{"not_picked":["Sever Soul","Pommel Strike"],"picked":"Flex","floor":3},{"not_picked":["Perfected Strike","Cleave"],"picked":"Thunderclap","floor":4},{"not_picked":["True Grit","Clothesline"],"picked":"Shockwave","floor":5},{"not_picked":["Pummel","Double Tap"],"picked":"Pommel Strike","floor":7},{"not_picked":["Body Slam","Carnage"],"picked":"Infernal Blade","floor":10},{"not_picked":["Pommel Strike","Clash"],"picked":"Dropkick","floor":11},{"not_picked":["Anger","Juggernaut"],"picked":"Dropkick","floor":13},{"not_picked":["Juggernaut","Dark Embrace"],"picked":"Demon Form","floor":16},{"not_picked":["Rupture","Thunderclap"],"picked":"Iron Wave","floor":18},{"not_picked":["Flame Barrier","Clothesline"],"picked":"Dropkick","floor":19},{"not_picked":["Cleave","True Grit"],"picked":"Iron Wave","floor":20},{"not_picked":["Reckless Charge","Cleave"],"picked":"Whirlwind","floor":21},{"not_picked":["Anger","Sever Soul"],"picked":"Power Through","floor":22},{"not_picked":["Thunderclap","Sever Soul"],"picked":"Flex","floor":23},{"not_picked":["Body Slam","Cleave"],"picked":"Twin Strike","floor":27},{"not_picked":["Rage","Clothesline"],"picked":"Clash","floor":28},{"not_picked":["Anger","Armaments"],"picked":"Berserk","floor":31},{"not_picked":["Fiend Fire","Impervious"],"picked":"Feed","floor":33},{"not_picked":["Body Slam","Thunderclap"],"picked":"Clothesline","floor":35},{"not_picked":["Bloodletting","Flex"],"picked":"Headbutt","floor":38},{"not_picked":["Shrug It Off","Armaments"],"picked":"Dropkick","floor":39},{"not_picked":["Barricade","True Grit"],"picked":"Flame Barrier","floor":41},{"not_picked":["Combust","Ghostly Armor"],"picked":"Searing Blow","floor":44},{"not_picked":["Sword Boomerang","Corruption"],"picked":"Perfected Strike","floor":48}],"player_experience":0,"potions_floor_usage":[23,23,28,33,33,50,50,50],"damage_taken":[{"damage":0,"enemies":"Small Slimes","floor":1,"turns":3},{"damage":3,"enemies":"2 Louse","floor":3,"turns":2},{"damage":6,"enemies":"Cultist","floor":4,"turns":3},{"damage":8,"enemies":"3 Louse","floor":5,"turns":3},{"damage":14,"enemies":"Exordium Wildlife","floor":7,"turns":5},{"damage":0,"enemies":"2 Fungi Beasts","floor":10,"turns":2},{"damage":8,"enemies":"Red Slaver","floor":11,"turns":3},{"damage":26,"enemies":"Lagavulin","floor":13,"turns":4},{"damage":45,"enemies":"The Guardian","floor":16,"turns":8},{"damage":9,"enemies":"Spheric Guardian","floor":18,"turns":3},{"damage":2,"enemies":"2 Thieves","floor":19,"turns":2},{"damage":21,"enemies":"Snake Plant","floor":20,"turns":4},{"damage":0,"enemies":"Centurion and Healer","floor":21,"turns":5},{"damage":18,"enemies":"Slaver and Parasite","floor":22,"turns":4},{"damage":17,"enemies":"Slavers","floor":23,"turns":5},{"damage":18,"enemies":"Sentry and Sphere","floor":27,"turns":4},{"damage":25,"enemies":"Book of Stabbing","floor":28,"turns":4},{"damage":18,"enemies":"Snake Plant","floor":31,"turns":3},{"damage":31,"enemies":"Champ","floor":33,"turns":7},{"damage":13,"enemies":"Orb Walker","floor":35,"turns":2},{"damage":0,"enemies":"3 Shapes","floor":37,"turns":2},{"damage":20,"enemies":"Spire Growth","floor":38,"turns":4},{"damage":13,"enemies":"Sphere and 2 Shapes","floor":39,"turns":3},{"damage":23,"enemies":"Giant Head","floor":41,"turns":6},{"damage":12,"enemies":"4 Shapes","floor":42,"turns":3},{"damage":15,"enemies":"Spire Growth","floor":44,"turns":3},{"damage":3,"enemies":"Sphere and 2 Shapes","floor":47,"turns":3},{"damage":11,"enemies":"Maw","floor":48,"turns":5},{"damage":69,"enemies":"Awakened One","floor":50,"turns":8}],"event_choices":[{"event_name":"Big Fish","player_choice":"Donut","floor":2,"damage_taken":0},{"event_name":"Golden Wing","player_choice":"Card Removal","floor":8,"damage_taken":0},{"event_name":"Drug Dealer","player_choice":"Got JAXXED","floor":25,"damage_taken":0},{"event_name":"Purifier","player_choice":"One Purge","floor":46,"damage_taken":0}],"boss_relics":[{"not_picked":["Runic Cube","Eternal Feather"],"picked":"Philosopher\u0027s Stone"},{"not_picked":["Cursed Key","Runic Dome"],"picked":"Snecko Eye"}],"potions_floor_spawned":[4,7,16,18,23,28,31,33,37,38,42,44,48],"seed_played":"2403469109801900252","ascension_level":0,"is_trial":false}