{"path_per_floor":["M","M","M","$","M","R","M","M","T","R","M","M","R","M","R","B",null,"M","?","$","M","?","R","E","R","T","R","M","M","R","M","R","B",null,"M","M","M","M","?","E","R"],"character_chosen":"IRONCLAD","items_purchased":["True Grit","Jack Of All Trades"],"gold_per_floor":[115,133,151,23,42,42,62,81,81,81,96,109,109,125,125,221,221,241,241,41,52,52,52,83,83,83,83,93,111,111,128,128,228,228,244,263,275,286,286,317,317,317],"floor_reached":42,"campfire_rested":4,"playtime":4249,"current_hp_per_floor":[41,42,41,41,33,57,59,60,60,60,66,65,65,71,71,69,80,78,62,62,59,59,59,56,56,70,70,28,25,58,51,85,83,114,109,113,104,85,85,12,48,61],"items_purged":["Strike_R","Strike_R"],"gold":317,"score":568,"play_id":"37da8eee-cc61-4728-a32f-20e068a022c7","local_time":"20180323215839","is_prod":false,"is_daily":false,"is_ascension_mode":true,"campfire_upgraded":6,"timestamp":1521867519,"path_taken":["M","M","M","$","?","R","M","M","T","R","M","M","R","M","R","BOSS","M","?","$","M","?","R","E","R","T","R","M","M","R","M","R","BOSS","M","M","M","M","?","E","R","M"],"build_version":"2018-03-22v2","purchased_purges":2,"victory":false,"master_deck":["Strike_R","Strike_R","Defend_R","Defend_R","Defend_R","Defend_R","Bash","Demon Form+1","Iron Wave","Shrug It Off","Infernal Blade+1","True Grit+1","Anger","Shockwave","Heavy Blade","Disarm","Battle Trance","Pommel Strike","Feed+1","Feel No Pain","Jack Of All Trades+1","Bloodletting+1","True Grit+1","Reaper","Immolate","Offering","Entrench+1"],"max_hp_per_floor":[80,80,80,80,80,80,80,80,80,80,80,80,80,80,80,80,80,83,88,88,88,88,88,88,88,102,102,106,110,110,114,114,114,114,114,114,118,118,118,122,122,122],"relics":["Burning Blood","Bottled Lightning","White Beast Statue","Orichalcum","Mango","Cursed Key","Juzu Bracelet"],"card_choices":[{"not_picked":["Barricade","Brutality"],"picked":"Demon Form","floor":0.0},{"not_picked":["Clash","Wild Strike"],"picked":"Iron Wave","floor":1.0},{"not_picked":["Uppercut","Pommel Strike"],"picked":"Shrug It Off","floor":2.0},{"not_picked":["Wild Strike","Shockwave"],"picked":"Infernal Blade","floor":3.0},{"not_picked":["Ghostly Armor","Fire Breathing"],"picked":"Anger","floor":5.0},{"not_picked":["Body Slam","Cleave"],"picked":"Shockwave","floor":7.0},{"not_picked":["Pommel Strike","Wild Strike"],"picked":"Heavy Blade","floor":8.0},{"not_picked":["Havoc","Heavy Blade"],"picked":"Disarm","floor":11.0},{"not_picked":["Corruption","Disarm"],"picked":"Battle Trance","floor":12.0},{"not_picked":["Burning Pact","Searing Blow"],"picked":"Pommel Strike","floor":14.0},{"not_picked":["Dark Embrace","Impervious"],"picked":"Feed","floor":16.0},{"not_picked":["Iron Wave","Rampage"],"picked":"Feel No Pain","floor":18.0},{"not_picked":["True Grit","Infernal Blade"],"picked":"Bloodletting","floor":21.0},{"not_picked":["Spot Weakness","Carnage"],"picked":"True Grit","floor":29.0},{"not_picked":["Heavy Blade","Intimidate"],"picked":"Reaper","floor":31.0},{"not_picked":["Impervious","Bludgeon"],"picked":"Immolate","floor":33},{"not_picked":["Shrug It Off","Twin Strike"],"picked":"Offering","floor":36},{"not_picked":["Thunderclap","Iron Wave"],"picked":"Entrench","floor":37}],"player_experience":108319,"potions_floor_usage":[33,33,38,40,40],"damage_taken":[{"damage":5.0,"enemies":"Cultist","floor":1.0,"turns":5.0},{"damage":5.0,"enemies":"Small Slimes","floor":2.0,"turns":5.0},{"damage":7.0,"enemies":"Jaw Worm","floor":3.0,"turns":5.0},{"damage":14.0,"enemies":"Exordium Thugs","floor":5.0,"turns":6.0},{"damage":4.0,"enemies":"3 Louse","floor":7.0,"turns":5.0},{"damage":5.0,"enemies":"Large Slime","floor":8.0,"turns":7.0},{"damage":0.0,"enemies":"Looter","floor":11.0,"turns":3.0},{"damage":7.0,"enemies":"2 Fungi Beasts","floor":12.0,"turns":3.0},{"damage":0.0,"enemies":"Blue Slaver","floor":14.0,"turns":5.0},{"damage":8.0,"enemies":"The Guardian","floor":16.0,"turns":7.0},{"damage":11.0,"enemies":"Shell Parasite","floor":18.0,"turns":12.0},{"damage":9.0,"enemies":"Chosen","floor":21.0,"turns":5.0},{"damage":9.0,"enemies":"Book of Stabbing","floor":24.0,"turns":5.0},{"damage":52.0,"enemies":"Sentry and Sphere","floor":28.0,"turns":9.0},{"damage":13.0,"enemies":"Chosen and Byrds","floor":29.0,"turns":9.0},{"damage":17.0,"enemies":"Cultist and Chosen","floor":31.0,"turns":8.0},{"damage":38,"enemies":"Champ","floor":33,"turns":13},{"damage":60,"enemies":"3 Darklings","floor":35,"turns":10},{"damage":19,"enemies":"Orb Walker","floor":36,"turns":5},{"damage":60,"enemies":"Sphere and 2 Shapes","floor":37,"turns":18},{"damage":25,"enemies":"Maw","floor":38,"turns":10},{"damage":83,"enemies":"2 Orb Walkers","floor":40,"turns":6},{"damage":55,"enemies":"4 Shapes","floor":42,"turns":19}],"event_choices":[{"event_name":"Forgotten Altar","player_choice":"Shed Blood","floor":19.0,"damage_taken":0.0},{"event_name":"The Lab","player_choice":"Got Potions","floor":22.0,"damage_taken":0.0}],"boss_relics":[{"not_picked":["Eternal Feather","Astrolabe"],"picked":"Cursed Key"}],"potions_floor_spawned":[3,5,11,14,18,21,24,28,29,31,33,35,36,37,38,40],"seed_played":"-8474544904666259087","killed_by":"4 Shapes","ascension_level":2,"is_trial":false}