{"gold_per_floor":[110,110,128,128,105,135,155,155,181,181,200,220,220,220,220,311,311,332,332,356,371,421,421,437,487,487,511,112,162],"floor_reached":29,"playtime":1123,"items_purged":["Strike_B"],"score":371,"play_id":"dbc93f22-d297-4ecb-a5a0-80183478123c","local_time":"20180920184554","is_ascension_mode":true,"campfire_choices":[{"floor":8,"key":"REST"},{"data":"Dualcast","floor":10,"key":"SMITH"},{"floor":13,"key":"REST"},{"floor":15,"key":"REST"},{"floor":23,"key":"REST"}],"neow_cost":"NONE","seed_source_timestamp":453140766632920,"circlet_count":0,"master_deck":["Strike_B","Strike_B","Defend_B","Defend_B","Defend_B","Defend_B","Zap","Dualcast+1","AscendersBane","Defragment","Ball Lightning","Cold Snap","Sunder","Cold Snap","Seek","Melter","Ball Lightning+1","Hologram+1","Compile Driver","Hologram","BootSequence"],"relics":["Cracked Core","DataDisk","Bottled Flame","Smiling Mask","Golden Idol","Sozu","SsserpentHead","Singing Bowl","Tiny Chest","Dream Catcher"],"potions_floor_usage":[6,6,12],"damage_taken":[{"damage":0,"enemies":"Cultist","floor":1,"turns":4},{"damage":8,"enemies":"Small Slimes","floor":3,"turns":3},{"damage":15,"enemies":"Lagavulin","floor":6,"turns":5},{"damage":7,"enemies":"2 Louse","floor":7,"turns":2},{"damage":7,"enemies":"2 Fungi Beasts","floor":11,"turns":2},{"damage":11,"enemies":"Large Slime","floor":12,"turns":4},{"damage":32,"enemies":"The Guardian","floor":16,"turns":10},{"damage":20,"enemies":"Shell Parasite","floor":18,"turns":5},{"damage":6,"enemies":"Chosen","floor":20,"turns":3},{"damage":7,"enemies":"Sentry and Sphere","floor":21,"turns":3},{"damage":26,"enemies":"Snake Plant","floor":24,"turns":3},{"damage":30,"enemies":"Shelled Parasite and Fungi","floor":27,"turns":4},{"damage":9,"enemies":"Colosseum Slavers","floor":29,"turns":2}],"seed_played":"6944655296382170044","potions_obtained":[{"floor":1,"key":"SkillPotion"},{"floor":3,"key":"Energy Potion"},{"floor":11,"key":"GamblersBrew"}],"is_trial":false,"path_per_floor":["M","?","M","?","?","E","M","R","T","R","M","M","R","?","R","B",null,"M","?","M","M","?","R","M","?","T","M","$"],"character_chosen":"DEFECT","items_purchased":["BootSequence","Tiny Chest","Dream Catcher"],"campfire_rested":4,"item_purchase_floors":[28,28,28],"current_hp_per_floor":[75,68,60,60,60,45,38,62,62,62,55,44,68,48,72,40,72,52,52,46,39,39,63,37,37,37,9,9,0],"gold":162,"neow_bonus":"TEN_PERCENT_HP_BONUS","is_prod":false,"is_daily":false,"chose_seed":false,"campfire_upgraded":1,"win_rate":0,"timestamp":1537461954,"path_taken":["M","?","M","?","?","E","M","R","T","R","M","M","R","?","R","BOSS","M","?","M","M","?","R","M","?","T","M","$","?"],"build_version":"2018-09-06","purchased_purges":1,"victory":false,"max_hp_per_floor":[82,82,82,82,82,82,82,82,82,82,82,82,82,82,82,82,82,82,82,82,82,82,82,82,82,82,84,84,84],"card_choices":[{"not_picked":["Go for the Eyes","Genetic Algorithm"],"picked":"Defragment","floor":1},{"not_picked":["Beam Cell","Go for the Eyes"],"picked":"Ball Lightning","floor":3},{"not_picked":["Conserve Battery","Leap"],"picked":"Cold Snap","floor":6},{"not_picked":["Stack","All For One"],"picked":"Sunder","floor":7},{"not_picked":["Streamline","Compile Driver"],"picked":"Cold Snap","floor":11},{"not_picked":["Redo","Sunder","Gash"],"picked":"SKIP","floor":12},{"not_picked":["Amplify","Core Surge"],"picked":"Seek","floor":16},{"not_picked":["Go for the Eyes","Beam Cell+1"],"picked":"Melter","floor":18},{"not_picked":["Cold Snap","Force Field"],"picked":"Ball Lightning+1","floor":20},{"not_picked":["Conserve Battery","Force Field"],"picked":"Hologram+1","floor":21},{"not_picked":["Sweeping Beam","Genetic Algorithm"],"picked":"Compile Driver","floor":24},{"not_picked":["Force Field","Darkness","Beam Cell"],"picked":"Singing Bowl","floor":27}],"player_experience":477644,"relics_obtained":[{"floor":6,"key":"Bottled Flame"},{"floor":9,"key":"Smiling Mask"},{"floor":26,"key":"Singing Bowl"}],"event_choices":[{"event_name":"Scrap Ooze","player_choice":"success","floor":2,"damage_taken":7},{"event_name":"Liars Game","player_choice":"disagreed","floor":4,"damage_taken":0},{"event_name":"World of Goop","player_choice":"Left","floor":5,"damage_taken":0},{"event_name":"Golden Idol","player_choice":"Take Damage","floor":14,"damage_taken":0},{"event_name":"FaceTrader","player_choice":"Trade","floor":19,"damage_taken":0},{"event_name":"Vampires","player_choice":"Ignored","floor":22,"damage_taken":0},{"event_name":"Transmorgrifier","player_choice":"Transform","floor":25,"damage_taken":0},{"event_name":"Colosseum","player_choice":"Fight","floor":29,"damage_taken":0}],"is_beta":false,"boss_relics":[{"not_picked":["Calling Bell","Black Star"],"picked":"Sozu"}],"items_purged_floors":[28],"is_endless":false,"potions_floor_spawned":[1,3,11,21,24],"killed_by":"Colosseum Slavers","ascension_level":13}