{"gold_per_floor":[110,122,397,416,436,465,477,477],"floor_reached":8,"playtime":693,"items_purged":[],"score":60,"play_id":"76350cd4-92df-4253-8bfc-3e396f42f7bc","local_time":"20190216123412","is_ascension_mode":false,"campfire_choices":[],"neow_cost":"NONE","seed_source_timestamp":3408833027361,"circlet_count":0,"master_deck":["Defend_G","Defend_G","Defend_G","Defend_G","Defend_G","Strike_G","Strike_G","Strike_G","Strike_G","Strike_G","Survivor","Neutralize","Bane","Caltrops","Regret","PiercingWail","Flying Knee","Crippling Poison"],"relics":["Ring of the Snake","Strawberry"],"potions_floor_usage":[6,6,7],"damage_taken":[{"damage":4,"enemies":"Cultist","floor":1,"turns":4},{"damage":7,"enemies":"Jaw Worm","floor":2,"turns":4},{"damage":0,"enemies":"2 Louse","floor":4,"turns":2},{"damage":5,"enemies":"Blue Slaver","floor":5,"turns":5},{"damage":50,"enemies":"Lagavulin","floor":6,"turns":8},{"damage":9,"enemies":"Gremlin Gang","floor":7,"turns":6},{"damage":24,"enemies":"3 Sentries","floor":8,"turns":6}],"seed_played":"-5633062669530987707","potions_obtained":[{"floor":2,"key":"SkillPotion"},{"floor":5,"key":"FearPotion"},{"floor":6,"key":"Regen Potion"}],"is_trial":false,"path_per_floor":["M","M","?","M","M","E","M","E"],"character_chosen":"THE_SILENT","items_purchased":[],"campfire_rested":0,"item_purchase_floors":[],"current_hp_per_floor":[73,66,66,66,61,18,24,0],"gold":477,"neow_bonus":"TEN_PERCENT_HP_BONUS","is_prod":false,"is_daily":false,"chose_seed":false,"campfire_upgraded":0,"win_rate":0,"timestamp":1550338452,"path_taken":["M","M","?","?","?","E","M","E"],"build_version":"2019-01-23","purchased_purges":0,"victory":false,"max_hp_per_floor":[77,77,77,77,77,84,84,84],"card_choices":[{"not_picked":["Dagger Spray","Cloak And Dagger"],"picked":"Bane","floor":1},{"not_picked":["Riddle With Holes","Dodge and Roll"],"picked":"Caltrops","floor":2},{"not_picked":["Dagger Throw","Cloak And Dagger"],"picked":"PiercingWail","floor":4},{"not_picked":["Concentrate","Slice"],"picked":"Flying Knee","floor":5},{"not_picked":["Well Laid Plans","Sucker Punch"],"picked":"Crippling Poison","floor":6},{"not_picked":["Dash","Accuracy","Deadly Poison"],"picked":"SKIP","floor":7}],"player_experience":688545,"relics_obtained":[{"floor":6,"key":"Strawberry"}],"event_choices":[{"damage_healed":0,"gold_gain":275,"player_choice":"Desecrate","damage_taken":0,"max_hp_gain":0,"max_hp_loss":0,"event_name":"Golden Shrine","floor":3,"gold_loss":0,"cards_obtained":["Regret"]}],"is_beta":false,"boss_relics":[],"items_purged_floors":[],"is_endless":false,"potions_floor_spawned":[2,5,6],"killed_by":"3 Sentries","ascension_level":0}