{"gold_per_floor":[118,118,118,70,94,94,133,133,187,206,231,231,231,252,252,376,376,391,77,77,38,53,53,71,71,96,108,133,165,201,247,259,390,402,434,470,482,445,445,445,116,151,178,178,178],"floor_reached":45,"playtime":2272,"items_purged":[],"score":489,"play_id":"236b1e04-05ba-4650-a640-01cb39cc26bb","local_time":"20180911083717","is_ascension_mode":false,"campfire_choices":[{"data":"Neutralize","floor":6,"key":"SMITH"},{"floor":8,"key":"REST"},{"floor":13,"key":"REST"},{"data":"Poisoned Stab","floor":15,"key":"SMITH"},{"data":"Noxious Fumes","floor":23,"key":"SMITH"},{"floor":25,"key":"REST"},{"data":"Crippling Poison","floor":27,"key":"SMITH"},{"floor":32,"key":"REST"},{"data":"Bouncing Flask","floor":40,"key":"SMITH"}],"neow_cost":"NONE","seed_source_timestamp":8650418028379,"circlet_count":0,"master_deck":["Defend_G","Defend_G","Defend_G","Defend_G","Defend_G","Strike_G","Strike_G","Strike_G","Strike_G","Survivor","Neutralize+1","Slice","Regret","Acrobatics","Backstab","Catalyst","Underhanded Strike","Poisoned Stab+1","Prepared","A Thousand Cuts","Tactician","Crippling Poison+1","Choke","RitualDagger","Noxious Fumes+1","Backflip","All Out Attack+1","Endless Agony+1","Poisoned Stab","Deadly Poison","Envenom","Bouncing Flask+1","Secret Technique","Dagger Throw","Bane","Dagger Throw+1"],"relics":["Eternal Feather","Lantern","Golden Idol","Snake Skull","Tiny Chest","Lizard Tail","Lee\u0027s Waffle","MawBank","Red Mask","HoveringKite","Omamori","StoneCalendar","Gremlin Horn","Pen Nib"],"potions_floor_usage":[5,7,16,16,31,33,33],"damage_taken":[{"damage":2,"enemies":"2 Louse","floor":1,"turns":4},{"damage":1,"enemies":"Small Slimes","floor":5,"turns":3},{"damage":47,"enemies":"Lagavulin","floor":7,"turns":9},{"damage":0,"enemies":"Jaw Worm","floor":10,"turns":3},{"damage":4,"enemies":"Blue Slaver","floor":11,"turns":4},{"damage":7,"enemies":"Exordium Wildlife","floor":14,"turns":4},{"damage":68,"enemies":"Slime Boss","floor":16,"turns":12},{"damage":32,"enemies":"Shell Parasite","floor":18,"turns":6},{"damage":10,"enemies":"Chosen","floor":22,"turns":6},{"damage":46,"enemies":"Shelled Parasite and Fungi","floor":24,"turns":6},{"damage":37,"enemies":"Snake Plant","floor":28,"turns":5},{"damage":14,"enemies":"Centurion and Healer","floor":29,"turns":4},{"damage":22,"enemies":"Snecko","floor":30,"turns":4},{"damage":27,"enemies":"Masked Bandits","floor":31,"turns":5},{"damage":38,"enemies":"Automaton","floor":33,"turns":8},{"damage":42,"enemies":"3 Shapes","floor":35,"turns":6},{"damage":31,"enemies":"Nemesis","floor":42,"turns":5},{"damage":22,"enemies":"3 Darklings","floor":45,"turns":2}],"seed_played":"-6424881340529483322","potions_obtained":[{"floor":1,"key":"EntropicBrew"},{"floor":7,"key":"SteroidPotion"},{"floor":14,"key":"AttackPotion"},{"floor":22,"key":"LiquidBronze"},{"floor":29,"key":"Weak Potion"},{"floor":30,"key":"GamblersBrew"},{"floor":42,"key":"Energy Potion"}],"is_trial":false,"path_per_floor":["M","?","?","$","M","R","E","R","T","M","M","?","R","M","R","B",null,"M","$","?","$","M","R","M","R","T","R","M","M","M","?","R","B",null,"M","T","?","$","?","R","$","E","T","$"],"character_chosen":"THE_SILENT","items_purchased":["Acrobatics","Crippling Poison","Lee\u0027s Waffle","Choke","Noxious Fumes","Dagger Throw","StoneCalendar","Bane"],"campfire_rested":4,"item_purchase_floors":[4,19,19,19,21,38,41,41],"current_hp_per_floor":[68,68,51,51,50,59,12,42,42,42,38,38,68,61,70,2,70,38,77,71,71,61,76,30,68,68,77,40,26,4,20,61,23,77,35,35,35,35,35,53,53,22,22,22,0],"gold":178,"neow_bonus":"BOSS_RELIC","is_prod":false,"is_daily":false,"chose_seed":false,"campfire_upgraded":5,"win_rate":0,"timestamp":1536651437,"path_taken":["M","?","?","?","?","R","E","R","T","M","M","?","R","?","R","BOSS","M","$","?","?","M","R","M","R","T","R","?","M","M","?","R","BOSS","M","?","?","$","?","R","$","E","T","?","?"],"build_version":"2018-09-06","purchased_purges":0,"victory":false,"max_hp_per_floor":[70,70,70,70,70,70,70,70,70,70,70,70,70,70,70,70,70,70,77,77,77,77,77,77,77,77,77,77,77,77,77,77,77,77,77,77,77,77,77,77,77,77,77,77,77],"card_choices":[{"not_picked":["Reflex","PiercingWail"],"picked":"Slice","floor":1},{"not_picked":["Dodge and Roll","Escape Plan"],"picked":"Backstab","floor":5},{"not_picked":["Sucker Punch","Setup"],"picked":"Catalyst","floor":7},{"not_picked":["Cloak And Dagger","Sucker Punch"],"picked":"Underhanded Strike","floor":10},{"not_picked":["Flechettes","PiercingWail"],"picked":"Poisoned Stab","floor":11},{"not_picked":["Outmaneuver","Eviscerate"],"picked":"Prepared","floor":14},{"not_picked":["Adrenaline","Phantasmal Killer"],"picked":"A Thousand Cuts","floor":16},{"not_picked":["Flying Knee+1","Deflect"],"picked":"Tactician","floor":18},{"not_picked":["Blade Dance","Quick Slash+1"],"picked":"Backflip","floor":22},{"not_picked":["Slice","Endless Agony"],"picked":"All Out Attack+1","floor":24},{"not_picked":["Backflip","Masterful Stab"],"picked":"Endless Agony+1","floor":28},{"not_picked":["Dodge and Roll","Backstab"],"picked":"Poisoned Stab","floor":29},{"not_picked":["Heel Hook","Quick Slash+1","Accuracy"],"picked":"SKIP","floor":30},{"not_picked":["Wraith Form v2","All Out Attack"],"picked":"Deadly Poison","floor":31},{"not_picked":["Grand Finale","Storm of Steel"],"picked":"Envenom","floor":33},{"not_picked":["Underhanded Strike+1","Deadly Poison+1"],"picked":"Bouncing Flask","floor":35},{"not_picked":["Panacea","Impatience"],"picked":"Secret Technique","floor":37},{"not_picked":["Infinite Blades","Concentrate+1"],"picked":"Dagger Throw+1","floor":42}],"player_experience":143907,"relics_obtained":[{"floor":7,"key":"Snake Skull"},{"floor":9,"key":"Tiny Chest"},{"floor":26,"key":"MawBank"},{"floor":31,"key":"Red Mask"},{"floor":36,"key":"Omamori"},{"floor":42,"key":"Gremlin Horn"},{"floor":43,"key":"Pen Nib"}],"event_choices":[{"event_name":"Big Fish","player_choice":"Box","floor":2,"damage_taken":0},{"event_name":"Golden Idol","player_choice":"Take Damage","floor":3,"damage_taken":0},{"event_name":"Liars Game","player_choice":"disagreed","floor":12,"damage_taken":0},{"event_name":"Nest","player_choice":"Joined the Cult","floor":20,"damage_taken":0},{"event_name":"Masked Bandits","player_choice":"Fought Bandits","floor":31,"damage_taken":0},{"event_name":"SensoryStone","player_choice":"Memory 1","floor":37,"damage_taken":0},{"event_name":"Falling","player_choice":"Removed Attack","floor":39,"damage_taken":0}],"is_beta":false,"boss_relics":[{"not_picked":["Tiny House","Runic Dome"],"picked":"Lizard Tail"},{"not_picked":["Coffee Dripper","Astrolabe"],"picked":"HoveringKite"}],"items_purged_floors":[],"is_endless":false,"potions_floor_spawned":[1,7,14,22,29,30,42],"killed_by":"3 Darklings","ascension_level":0}