{"gold_per_floor":[111,111,111,36,49,92,108,108,180,224,224,237,276,291,291,414,414,428,428,98,98,98,98,129,145,145,145,169,94,110,110,110,234,234,247,322,346,362,378,416,416,432,500,104,118,118,118,132,132,132],"floor_reached":51,"playtime":4890,"items_purged":["Regret","Strike_G","Parasite"],"score":880,"play_id":"63a00752-5c6c-4a76-88ee-88b1d1964c93","local_time":"20181122223124","is_ascension_mode":true,"campfire_choices":[{"data":"Dagger Throw","floor":8.0,"key":"SMITH"},{"floor":15.0,"key":"REST"},{"data":"Apotheosis","floor":23.0,"key":"SMITH"},{"data":"Backstab","floor":27.0,"key":"SMITH"},{"data":"Neutralize","floor":32.0,"key":"SMITH"},{"data":"Corpse Explosion","floor":41,"key":"SMITH"},{"data":"Malaise","floor":46,"key":"SMITH"},{"floor":49,"key":"REST"}],"neow_cost":"NONE","seed_source_timestamp":0,"circlet_count":0,"master_deck":["Defend_G","Defend_G","Defend_G","Defend_G","Defend_G","Survivor+1","Neutralize+1","Crippling Poison","Backflip","Dagger Throw+1","Corpse Explosion+1","Slice","Backflip","PiercingWail","Malaise+1","Bane","Backstab+1","Apotheosis+1","Bite","Bite","Bite","Bite","Bite","Blade Dance","Die Die Die","Night Terror","Blade Dance+1","Bane+1","Blade Dance+1","Slice+1","Infinite Blades","Good Instincts","Dodge and Roll","Enlightenment","Dagger Throw+1"],"special_seed":0,"relics":["Ring of the Snake","NeowsBlessing","Centennial Puzzle","Golden Idol","Ornamental Fan","Shuriken","Oddly Smooth Stone","Snake Skull","Runic Pyramid","MutagenicStrength","Bottled Flame","StoneCalendar","Turnip","HoveringKite","Bottled Lightning","Mummified Hand"],"potions_floor_usage":[40,42,50,50],"damage_taken":[{"damage":0.0,"enemies":"Jaw Worm","floor":1.0,"turns":1.0},{"damage":0.0,"enemies":"Small Slimes","floor":5.0,"turns":1.0},{"damage":0.0,"enemies":"Gremlin Nob","floor":6.0,"turns":1.0},{"damage":3.0,"enemies":"2 Louse","floor":7.0,"turns":2.0},{"damage":21.0,"enemies":"3 Sentries","floor":10.0,"turns":8.0},{"damage":3.0,"enemies":"Exordium Wildlife","floor":12.0,"turns":2.0},{"damage":10.0,"enemies":"Lagavulin","floor":13.0,"turns":6.0},{"damage":7.0,"enemies":"Looter","floor":14.0,"turns":3.0},{"damage":14.0,"enemies":"Hexaghost","floor":16.0,"turns":11.0},{"damage":4.0,"enemies":"3 Byrds","floor":18.0,"turns":3.0},{"damage":30.0,"enemies":"Gremlin Leader","floor":24.0,"turns":8.0},{"damage":18.0,"enemies":"Shell Parasite","floor":25.0,"turns":6.0},{"damage":13.0,"enemies":"Centurion and Healer","floor":28.0,"turns":6.0},{"damage":11.0,"enemies":"Snake Plant","floor":30.0,"turns":4.0},{"damage":60.0,"enemies":"Champ","floor":33.0,"turns":14.0},{"damage":17.0,"enemies":"3 Darklings","floor":35.0,"turns":3.0},{"damage":4.0,"enemies":"Orb Walker","floor":37.0,"turns":3.0},{"damage":0.0,"enemies":"3 Darklings","floor":38.0,"turns":1.0},{"damage":15.0,"enemies":"Spire Growth","floor":39.0,"turns":4.0},{"damage":19,"enemies":"Reptomancer","floor":40,"turns":6},{"damage":37,"enemies":"Writhing Mass","floor":42,"turns":7},{"damage":0,"enemies":"Sphere and 2 Shapes","floor":45,"turns":1},{"damage":0,"enemies":"3 Darklings","floor":48,"turns":4},{"damage":51,"enemies":"Awakened One","floor":50,"turns":11}],"seed_played":"-1689419876635626758","potions_obtained":[{"floor":1.0,"key":"Ancient Potion"},{"floor":12.0,"key":"EssenceOfSteel"},{"floor":14.0,"key":"Energy Potion"},{"floor":16.0,"key":"Ancient Potion"},{"floor":18.0,"key":"PowerPotion"},{"floor":25.0,"key":"SneckoOil"},{"floor":35.0,"key":"Ancient Potion"},{"floor":37.0,"key":"PowerPotion"},{"floor":48,"key":"PowerPotion"}],"is_trial":false,"path_per_floor":["M","?","?","$","M","E","M","R","T","E","?","M","E","M","R","B",null,"M","?","$","?","?","R","E","M","T","R","M","?","M","T","R","B",null,"M","?","M","M","M","E","R","M","T","$","M","R","?","M","R","B",null],"character_chosen":"THE_SILENT","items_purchased":["Backstab","Apotheosis","PowerPotion","PowerPotion","Infinite Blades","Good Instincts"],"campfire_rested":2,"item_purchase_floors":[20,20,44,44,44,44],"current_hp_per_floor":[70,70,65,65,65,65,62,62,62,41,28,25,15,8,27,13,65,61,61,61,61,45,45,33,36,36,36,41,41,41,41,41,27,45,34,30,34,36,33,29,29,16,16,16,16,16,16,16,28,10],"gold":132,"neow_bonus":"THREE_ENEMY_KILL","is_prod":false,"is_daily":false,"chose_seed":false,"campfire_upgraded":6,"win_rate":0,"timestamp":1542947484,"path_taken":["M","?","?","$","M","E","M","R","T","E","?","M","E","M","R","BOSS","M","?","$","?","?","R","E","M","T","R","?","?","M","?","R","BOSS","M","?","?","M","M","E","R","M","T","$","M","R","?","M","R","BOSS"],"build_version":"2018-11-15","purchased_purges":3,"victory":true,"max_hp_per_floor":[70,70,65,65,65,65,65,65,65,65,65,65,65,65,65,65,65,65,65,65,65,45,45,45,45,45,45,45,45,45,45,45,45,45,45,45,45,45,45,45,45,45,45,42,42,42,42,42,42,42],"card_choices":[{"not_picked":["Concentrate","Poisoned Stab"],"picked":"Crippling Poison","floor":1.0},{"not_picked":["Flying Knee","Blade Dance","Crippling Poison"],"picked":"SKIP","floor":5.0},{"not_picked":["All Out Attack","Sucker Punch"],"picked":"Backflip","floor":6.0},{"not_picked":["Outmaneuver","Concentrate"],"picked":"Dagger Throw","floor":7.0},{"not_picked":["Wraith Form v2","Prepared"],"picked":"Corpse Explosion","floor":10.0},{"not_picked":["Bane","Masterful Stab"],"picked":"Slice","floor":12.0},{"not_picked":["Acrobatics","Sucker Punch"],"picked":"Backflip","floor":13.0},{"not_picked":["Deadly Poison","Deflect"],"picked":"PiercingWail","floor":14.0},{"not_picked":["Doppelganger","Venomology"],"picked":"Malaise","floor":16.0},{"not_picked":["Flying Knee+1","Crippling Poison"],"picked":"Bane","floor":18.0},{"not_picked":["Glass Knife","Deflect","Catalyst"],"picked":"SKIP","floor":24.0},{"not_picked":["Deadly Poison+1","Underhanded Strike"],"picked":"Blade Dance","floor":25.0},{"not_picked":["Acrobatics","Dagger Spray"],"picked":"Well Laid Plans+1","floor":28.0},{"not_picked":["Tactician","Setup"],"picked":"Die Die Die","floor":30.0},{"not_picked":["Malaise","Burst"],"picked":"Night Terror","floor":33.0},{"not_picked":["Prepared+1","Bane"],"picked":"Blade Dance+1","floor":35.0},{"not_picked":["Outmaneuver+1","Sucker Punch"],"picked":"Bane+1","floor":37.0},{"not_picked":["Prepared","Dodge and Roll+1"],"picked":"Blade Dance+1","floor":38.0},{"not_picked":["Prepared+1","Finisher"],"picked":"Slice+1","floor":39.0},{"not_picked":["Caltrops","Dagger Spray+1","Distraction+1"],"picked":"SKIP","floor":40},{"not_picked":["Riddle With Holes+1","Reflex+1","Acrobatics+1"],"picked":"SKIP","floor":42},{"not_picked":["Terror+1","Underhanded Strike"],"picked":"Dodge and Roll","floor":45},{"not_picked":["Discovery","HandOfGreed"],"picked":"Enlightenment","floor":47},{"not_picked":["Flying Knee","Skewer"],"picked":"Dagger Throw+1","floor":48}],"player_experience":211329,"relics_obtained":[{"floor":6.0,"key":"Ornamental Fan"},{"floor":9.0,"key":"Shuriken"},{"floor":10.0,"key":"Oddly Smooth Stone"},{"floor":13.0,"key":"Snake Skull"},{"floor":24.0,"key":"Bottled Flame"},{"floor":26.0,"key":"StoneCalendar"},{"floor":31.0,"key":"Turnip"},{"floor":40,"key":"Bottled Lightning"},{"floor":43,"key":"Mummified Hand"}],"event_choices":[{"damage_healed":0.0,"max_hp_gain":0.0,"max_hp_loss":0.0,"gold_gain":0.0,"event_name":"Big Fish","player_choice":"Box","floor":2.0,"gold_loss":0.0,"damage_taken":0.0,"relics_obtained":["Centennial Puzzle"],"cards_obtained":["Regret"]},{"damage_healed":0.0,"max_hp_gain":0.0,"max_hp_loss":5.0,"gold_gain":0.0,"event_name":"Golden Idol","player_choice":"Lose Max HP","floor":3.0,"gold_loss":0.0,"damage_taken":0.0,"relics_obtained":["Golden Idol"]},{"damage_healed":0.0,"max_hp_gain":0.0,"max_hp_loss":0.0,"gold_gain":0.0,"event_name":"Shining Light","player_choice":"Entered Light","floor":11.0,"gold_loss":0.0,"damage_taken":13.0,"cards_upgraded":["Survivor","Strike_G"]},{"damage_healed":0.0,"max_hp_gain":0.0,"max_hp_loss":0.0,"gold_gain":0.0,"event_name":"Drug Dealer","player_choice":"Inject Mutagens","floor":19.0,"gold_loss":0.0,"damage_taken":0.0,"relics_obtained":["MutagenicStrength"]},{"damage_healed":0.0,"max_hp_gain":0.0,"max_hp_loss":0.0,"gold_gain":0.0,"event_name":"The Mausoleum","player_choice":"Ignored","floor":21.0,"gold_loss":0.0,"damage_taken":0.0},{"damage_healed":0.0,"max_hp_gain":0.0,"max_hp_loss":20.0,"gold_gain":0.0,"event_name":"Vampires","player_choice":"Became a vampire","floor":22.0,"gold_loss":0.0,"damage_taken":0.0,"cards_obtained":["Bite","Bite","Bite","Bite","Bite"]},{"cards_removed":["Well Laid Plans"],"damage_healed":0.0,"max_hp_gain":0.0,"max_hp_loss":0.0,"gold_gain":0.0,"event_name":"Beggar","player_choice":"Gave Gold","floor":29.0,"gold_loss":75.0,"damage_taken":0.0},{"damage_healed":0.0,"max_hp_gain":0.0,"max_hp_loss":0.0,"gold_gain":75.0,"event_name":"FaceTrader","player_choice":"Touch","floor":36.0,"gold_loss":0.0,"damage_taken":4.0},{"damage_healed":0,"gold_gain":0,"player_choice":"Memory 1","damage_taken":0,"max_hp_gain":0,"max_hp_loss":0,"event_name":"SensoryStone","floor":47,"gold_loss":0}],"is_beta":false,"boss_relics":[{"not_picked":["Pandora\u0027s Box","Eternal Feather"],"picked":"Runic Pyramid"},{"not_picked":["Ring of the Serpent","Snecko Eye"],"picked":"HoveringKite"}],"items_purged_floors":[4,20,44],"is_endless":false,"potions_floor_spawned":[1,12,14,16,18,25,30,35,37,48],"ascension_level":4}