{"path_per_floor":["M","?","$","M","M","R","?","?","T","M","M","M","M","M","R"],"character_chosen":"IRONCLAD","items_purchased":["Finesse","Dexterity Potion"],"gold_per_floor":[118,293,72,86,103,103,103,103,103,114,129,145,159,178,178,178],"floor_reached":16,"campfire_rested":0,"playtime":1297,"current_hp_per_floor":[41,41,41,42,45,45,38,38,38,38,32,35,39,41,41,0],"items_purged":["Doubt"],"gold":178,"score":96,"play_id":"b3e1f0c8-20aa-4cc9-99b9-36aef63b345d","local_time":"20180324083852","is_prod":false,"is_daily":false,"is_ascension_mode":false,"campfire_upgraded":2,"timestamp":1521877132,"path_taken":["M","?","$","M","M","R","?","?","T","M","M","M","M","?","R","BOSS"],"build_version":"2018-03-22v2","purchased_purges":1,"victory":false,"master_deck":["Strike_R","Strike_R","Strike_R","Defend_R","Defend_R","Defend_R+1","Bash","Entrench+1","Finesse","Shockwave+1","Flame Barrier","Regret","Body Slam","Ghostly Armor","Iron Wave","Armaments+1","Iron Wave"],"max_hp_per_floor":[80,80,80,80,80,80,80,80,80,80,80,80,80,80,80,80],"relics":["Burning Blood","Bronze Scales","War Paint"],"card_choices":[{"not_picked":["Evolve","Seeing Red"],"picked":"Entrench","floor":1},{"not_picked":["Sword Boomerang","Armaments"],"picked":"Shockwave","floor":4},{"not_picked":["Thunderclap","Rupture"],"picked":"Flame Barrier","floor":5},{"not_picked":["Shrug It Off","Iron Wave"],"picked":"Body Slam","floor":10},{"not_picked":["Sword Boomerang","Twin Strike"],"picked":"Ghostly Armor","floor":11},{"not_picked":["Carnage","Spot Weakness"],"picked":"Iron Wave","floor":12},{"not_picked":["Hemokinesis","Anger"],"picked":"Armaments","floor":13},{"not_picked":["Clothesline","Dual Wield"],"picked":"Iron Wave","floor":14}],"player_experience":59950,"potions_floor_usage":[5,12,16,16,16],"damage_taken":[{"damage":5,"enemies":"Jaw Worm","floor":1,"turns":6},{"damage":5,"enemies":"Small Slimes","floor":4,"turns":6},{"damage":3,"enemies":"2 Louse","floor":5,"turns":4},{"damage":6,"enemies":"Exordium Wildlife","floor":10,"turns":6},{"damage":12,"enemies":"Blue Slaver","floor":11,"turns":4},{"damage":3,"enemies":"3 Louse","floor":12,"turns":3},{"damage":2,"enemies":"Looter","floor":13,"turns":3},{"damage":4,"enemies":"Red Slaver","floor":14,"turns":3},{"damage":49,"enemies":"Slime Boss","floor":16,"turns":13}],"event_choices":[{"event_name":"Liars Game","player_choice":"agreed","floor":2,"damage_taken":0},{"event_name":"Golden Wing","player_choice":"Card Removal","floor":7,"damage_taken":0},{"event_name":"Big Fish","player_choice":"Box","floor":8,"damage_taken":0}],"boss_relics":[],"potions_floor_spawned":[1,4,11,12],"seed_played":"5698342079286359333","killed_by":"Slime Boss","ascension_level":0,"is_trial":false}