{"path_per_floor":["M","$","?","M","T","E","$","R","T","E","M","M","R","M","R","B",null,"M","?","?","?","M","$","R","$","T","M","M","R","E","M","R","B",null,"M","?","M","$","M","R","M","M","T","R","M","M","?","M","R"],"character_chosen":"THE_SILENT","items_purchased":["Endless Agony","All Out Attack","Infinite Blades","Bandage Up","Poisoned Stab","Infinite Blades","Acrobatics"],"gold_per_floor":[362,173,173,184,207,240,21,21,48,73,83,94,94,114,114,211,211,231,231,231,131,142,42,42,42,42,52,72,72,102,122,122,219,219,230,230,242,30,43,43,60,73,73,73,91,91,91,111,111],"floor_reached":50,"campfire_rested":1,"playtime":6319,"current_hp_per_floor":[70,70,70,68,68,46,46,46,46,44,44,48,48,50,50,34,77,77,77,77,77,65,65,65,65,65,58,59,59,51,45,45,43,77,75,75,75,75,47,47,46,39,39,39,40,29,29,19,42],"items_purged":["Clumsy","Writhe","Strike_G"],"gold":111,"play_id":"655a6626-978b-43e8-9dfe-62219a5ed1e6","is_prod":false,"is_daily":false,"campfire_rituals":0,"campfire_upgraded":8,"is_hardmode":false,"path_taken":["M","$","?","M","?","E","$","R","T","E","?","M","R","M","R","BOSS","M","?","?","?","M","$","R","?","T","M","M","R","E","M","R","BOSS","M","?","M","$","M","R","M","M","T","R","M","M","?","M","R","BOSS"],"build_version":"2018-01-18-PROD4","purchased_purges":5,"victory":false,"master_deck":["Defend_G","Defend_G","Defend_G","Defend_G","Defend_G","Strike_G","Strike_G","Strike_G","Strike_G","Survivor","Neutralize","Dagger Throw","Endless Agony","All Out Attack","Poisoned Stab","Flying Knee","Infinite Blades","Bandage Up","Poisoned Stab","Finisher","Prepared","Poisoned Stab","Infinite Blades","After Image","Dodge and Roll","Neutralize","Endless Agony","J.A.X.","Outmaneuver","Slice","Blade Dance","Flying Knee","After Image","Deadly Poison","Infinite Blades","Acrobatics","Quick Slash","Envenom","Quick Slash","Terror","PiercingWail"],"max_hp_per_floor":[70,70,70,70,70,70,70,70,70,77,77,77,77,77,77,77,77,77,77,77,77,77,77,77,77,77,77,77,77,77,77,77,77,77,77,77,77,77,77,77,77,77,77,77,77,77,77,77,77],"relics":["Ring of the Snake","Molten Egg","Meat on the Bone","Bronze Scales","Strawberry","Sozu","Ornamental Fan","Ginger","Frozen Egg","The Specimen","Juzu Bracelet"],"campfire_meditates":0,"card_choices":[{"not_picked":["Catalyst","Quick Slash"],"picked":"Dagger Throw"},{"not_picked":["PiercingWail","Distraction"],"picked":"Poisoned Stab"},{"not_picked":["Dash","Tactician"],"picked":"Flying Knee"},{"not_picked":["Underhanded Strike","Backstab"],"picked":"Finisher"},{"not_picked":["Backstab","Escape Plan"],"picked":"Prepared"},{"not_picked":["Flying Knee","Prepared"],"picked":"Poisoned Stab"},{"not_picked":["Bane","Doppelganger"],"picked":"Infinite Blades"},{"not_picked":["Night Terror","Die Die Die"],"picked":"After Image"},{"not_picked":["Outmaneuver","PiercingWail"],"picked":"Dodge and Roll"},{"not_picked":["Acrobatics","Underhanded Strike"],"picked":"Outmaneuver"},{"not_picked":["Catalyst","Flying Knee"],"picked":"Slice"},{"not_picked":["Outmaneuver","Distraction"],"picked":"Blade Dance"},{"not_picked":["Terror","Slice"],"picked":"Flying Knee"},{"not_picked":["Bullet Time","Die Die Die"],"picked":"After Image"},{"not_picked":["Sucker Punch","Flying Knee"],"picked":"Deadly Poison"},{"not_picked":["Flying Knee","PiercingWail"],"picked":"Quick Slash"},{"not_picked":["Underhanded Strike","PiercingWail"],"picked":"Envenom"},{"not_picked":["Poisoned Stab","Flechettes"],"picked":"Quick Slash"},{"not_picked":["Poisoned Stab","Reflex"],"picked":"Terror"},{"not_picked":["Masterful Stab","Deflect"],"picked":"PiercingWail"}],"player_experience":72954,"potions_floor_usage":[],"damage_taken":[{"damage":0.0,"enemies":"Small Slimes","floor":1.0,"turns":4.0},{"damage":2.0,"enemies":"Blue Slaver","floor":4.0,"turns":5.0},{"damage":22.0,"enemies":"Gremlin Nob","floor":6.0,"turns":5.0},{"damage":13.0,"enemies":"Lagavulin","floor":10.0,"turns":6.0},{"damage":0.0,"enemies":"Cultist","floor":11.0,"turns":3.0},{"damage":0.0,"enemies":"Lots of Slimes","floor":12.0,"turns":1.0},{"damage":2.0,"enemies":"Large Slime","floor":14.0,"turns":4.0},{"damage":32.0,"enemies":"Hexaghost","floor":16.0,"turns":8.0},{"damage":0.0,"enemies":"3 Byrds","floor":18.0,"turns":4.0},{"damage":12.0,"enemies":"Chosen","floor":22.0,"turns":5.0},{"damage":11.0,"enemies":"Snecko","floor":27.0,"turns":5.0},{"damage":3.0,"enemies":"Sentry and Sphere","floor":28.0,"turns":3.0},{"damage":12.0,"enemies":"Book of Stabbing","floor":30.0,"turns":5.0},{"damage":10.0,"enemies":"Chosen and Byrds","floor":31.0,"turns":4.0},{"damage":18.0,"enemies":"Collector","floor":33.0,"turns":10.0},{"damage":6.0,"enemies":"3 Darklings","floor":35.0,"turns":5.0},{"damage":0,"enemies":"Orb Walker","floor":37,"turns":3},{"damage":32,"enemies":"4 Shapes","floor":39,"turns":4},{"damage":17,"enemies":"Sphere and 2 Shapes","floor":41,"turns":5},{"damage":7,"enemies":"3 Darklings","floor":42,"turns":5},{"damage":3,"enemies":"Maw","floor":45,"turns":7},{"damage":23,"enemies":"Sphere and 2 Shapes","floor":46,"turns":5},{"damage":26,"enemies":"3 Darklings","floor":48,"turns":6},{"damage":49,"enemies":"Awakened One","floor":50,"turns":5}],"event_choices":[{"event_name":"Accursed Blacksmith","player_choice":"Forge","floor":3.0,"damage_taken":0.0},{"event_name":"Match and Keep!","player_choice":"2 cards matched","floor":19.0,"damage_taken":0.0},{"event_name":"The Mausoleum","player_choice":"Yes","floor":20.0,"damage_taken":0.0},{"event_name":"Drug Dealer","player_choice":"Got JAXXED","floor":21.0,"damage_taken":0.0},{"event_name":"Mysterious Sphere","player_choice":"Ignore","floor":36,"damage_taken":0},{"event_name":"Upgrade Shrine","player_choice":"Upgraded","floor":47,"damage_taken":0}],"boss_relics":[],"potions_floor_spawned":[1,6,11,16,18,28,33,37,41,45,48],"seed_played":"-2925674814950626115","killed_by":"Awakened One","is_trial":false}