{"path_per_floor":["M","M","M","M","?","R","M","R","T","E","$","R","M","M","R"],"character_chosen":"IRONCLAD","items_purchased":["Whetstone"],"gold_per_floor":[115,128,144,155,155,155,172,172,199,230,5,5,17,31,31,31],"floor_reached":16,"campfire_rested":1,"playtime":1082,"item_purchase_floors":[11],"current_hp_per_floor":[76,79,80,73,73,73,60,60,60,11,11,50,56,61,61,0],"items_purged":["Injury"],"gold":31,"score":104,"play_id":"6b88ef9c-507a-4338-9d0d-b231dbf3e68d","local_time":"20180520041043","is_prod":false,"is_daily":false,"chose_seed":false,"is_ascension_mode":false,"campfire_upgraded":3,"timestamp":1526782243,"campfire_choices":[{"data":"Heavy Blade","floor":6,"key":"SMITH"},{"data":"Bash","floor":8,"key":"SMITH"},{"floor":12,"key":"REST"},{"data":"Warcry","floor":15,"key":"SMITH"}],"path_taken":["M","M","M","M","?","R","M","R","T","E","$","R","M","M","R","BOSS"],"build_version":"2018-05-18","seed_source_timestamp":46879061184000,"purchased_purges":1,"victory":false,"master_deck":["Strike_R+1","Strike_R","Strike_R","Strike_R+1","Strike_R","Defend_R","Defend_R","Defend_R","Defend_R","Bash+1","Warcry+1","Limit Break+1","Heavy Blade+1"],"max_hp_per_floor":[80,80,80,80,80,80,80,80,80,80,80,80,80,80,80,80],"relics":["Burning Blood","Regal Pillow","Happy Flower","Whetstone"],"card_choices":[{"not_picked":["Perfected Strike","Shockwave"],"picked":"Warcry","floor":1},{"not_picked":["True Grit","Warcry","Clothesline"],"picked":"SKIP","floor":2},{"not_picked":["Headbutt","Twin Strike"],"picked":"Limit Break","floor":3},{"not_picked":["Clothesline","Iron Wave"],"picked":"Heavy Blade","floor":4},{"not_picked":["Blood for Blood","Thunderclap","Cleave"],"picked":"SKIP","floor":7},{"not_picked":["Clash","Burning Pact","Bloodletting"],"picked":"SKIP","floor":10},{"not_picked":["Armaments","Impervious","True Grit"],"picked":"SKIP","floor":13},{"not_picked":["Combust","True Grit","Carnage"],"picked":"SKIP","floor":14}],"player_experience":117438,"potions_floor_usage":[7,14,14,14,14],"damage_taken":[{"damage":10,"enemies":"Jaw Worm","floor":1,"turns":6},{"damage":3,"enemies":"Cultist","floor":2,"turns":6},{"damage":0,"enemies":"Small Slimes","floor":3,"turns":3},{"damage":13,"enemies":"Blue Slaver","floor":4,"turns":6},{"damage":19,"enemies":"Exordium Thugs","floor":7,"turns":5},{"damage":55,"enemies":"Lagavulin","floor":10,"turns":8},{"damage":0,"enemies":"Large Slime","floor":13,"turns":5},{"damage":1,"enemies":"3 Louse","floor":14,"turns":2},{"damage":63,"enemies":"The Guardian","floor":16,"turns":9}],"relics_obtained":[{"floor":9,"key":"Regal Pillow"},{"floor":10,"key":"Happy Flower"}],"event_choices":[{"event_name":"Accursed Blacksmith","player_choice":"Forge","floor":5,"damage_taken":0}],"boss_relics":[],"items_purged_floors":[11],"potions_floor_spawned":[4,13],"seed_played":"-1477001604519113449","killed_by":"The Guardian","ascension_level":0,"potions_obtained":[{"floor":4,"key":"AttackPotion"},{"floor":13,"key":"EntropicBrew"}],"is_trial":false}