{"gold_per_floor":[111,122,140,153,170,199,199,199,199,159,170,199,212,212,212,212],"floor_reached":16,"playtime":1744,"items_purged":[],"score":120,"play_id":"ecb24426-4dcb-4e05-8882-4532d7025d94","local_time":"20180902212043","is_ascension_mode":true,"campfire_choices":[{"floor":7,"key":"REST"},{"floor":15,"key":"REST"}],"neow_cost":"","seed_source_timestamp":193390797176380,"circlet_count":0,"master_deck":["Defend_G+1","Defend_G","Defend_G","Defend_G","Defend_G","Strike_G","Strike_G","Strike_G+1","Strike_G","Strike_G","Survivor","Neutralize","Flying Knee","Cloak And Dagger","Dagger Spray","Caltrops","Backflip","Underhanded Strike","Accuracy","Escape Plan","Caltrops"],"relics":["Ring of the Snake","Omamori","Lantern","Regal Pillow"],"potions_floor_usage":[4,5,12,13,16,16],"damage_taken":[{"damage":0,"enemies":"2 Louse","floor":1,"turns":3},{"damage":0,"enemies":"Small Slimes","floor":2,"turns":5},{"damage":0,"enemies":"Cultist","floor":3,"turns":3},{"damage":5,"enemies":"Large Slime","floor":4,"turns":11},{"damage":4,"enemies":"2 Fungi Beasts","floor":5,"turns":3},{"damage":43,"enemies":"Lagavulin","floor":6,"turns":11},{"damage":1,"enemies":"Exordium Wildlife","floor":11,"turns":5},{"damage":20,"enemies":"Gremlin Nob","floor":12,"turns":5},{"damage":2,"enemies":"Looter","floor":13,"turns":3},{"damage":74,"enemies":"Slime Boss","floor":16,"turns":10}],"seed_played":"-4895192925926871366","potions_obtained":[{"floor":2,"key":"Block Potion"},{"floor":4,"key":"Energy Potion"},{"floor":10,"key":"Dexterity Potion"},{"floor":10,"key":"SpeedPotion"},{"floor":10,"key":"FairyPotion"},{"floor":12,"key":"Regen Potion"},{"floor":13,"key":"SneckoOil"}],"is_trial":false,"path_per_floor":["M","M","M","M","M","E","R","?","T","?","M","E","M","?","R"],"character_chosen":"THE_SILENT","items_purchased":[],"campfire_rested":2,"item_purchase_floors":[],"current_hp_per_floor":[70,70,70,65,61,18,39,56,56,56,55,35,42,28,64,0],"gold":212,"neow_bonus":"","is_prod":false,"is_daily":false,"chose_seed":false,"campfire_upgraded":0,"win_rate":0,"timestamp":1535916043,"path_taken":["M","M","M","M","M","E","R","?","T","?","M","E","M","?","R","BOSS"],"build_version":"2018-08-30","purchased_purges":0,"victory":false,"max_hp_per_floor":[70,70,70,70,70,70,70,70,70,70,70,70,70,70,70,70],"card_choices":[{"not_picked":["Dodge and Roll","Predator"],"picked":"Flying Knee","floor":1},{"not_picked":["Dodge and Roll","Poisoned Stab"],"picked":"Cloak And Dagger","floor":2},{"not_picked":["Heel Hook","Leg Sweep"],"picked":"Dagger Spray","floor":3},{"not_picked":["Expertise","Dagger Spray"],"picked":"Caltrops","floor":4},{"not_picked":["Eviscerate","PiercingWail"],"picked":"Backflip","floor":5},{"not_picked":["Tactician","Backflip"],"picked":"Underhanded Strike","floor":6},{"not_picked":["Outmaneuver","Sucker Punch"],"picked":"Accuracy","floor":11},{"not_picked":["Choke","Tactician"],"picked":"Escape Plan","floor":12},{"not_picked":["Eviscerate","Accuracy"],"picked":"Caltrops","floor":13}],"player_experience":70994,"relics_obtained":[{"floor":6,"key":"Omamori"},{"floor":9,"key":"Lantern"},{"floor":12,"key":"Regal Pillow"}],"event_choices":[{"event_name":"Mushrooms","player_choice":"Healed and dodged fight","floor":8,"damage_taken":0},{"event_name":"The Woman in Blue","player_choice":"Bought 3 Potions","floor":10,"damage_taken":0},{"event_name":"Shining Light","player_choice":"Entered Light","floor":14,"damage_taken":0}],"is_beta":false,"boss_relics":[],"items_purged_floors":[],"is_endless":false,"potions_floor_spawned":[2,4,12,13],"killed_by":"Slime Boss","ascension_level":1}