{"gold_per_floor":[109,127,127,127,139,139,156,156,183,197,197,224,224,251,251,325,325,338,338,106,123,38,38,54,86,86,103,103,116,116,130,130,130],"floor_reached":33,"playtime":2072,"items_purged":["Regret"],"score":485,"play_id":"7cdeac98-71bd-4f81-a2c0-e05a47f7ec20","local_time":"20180903132625","is_ascension_mode":true,"campfire_choices":[{"data":"Cloak And Dagger","floor":6,"key":"SMITH"},{"data":"Neutralize","floor":8,"key":"SMITH"},{"floor":13,"key":"REST"},{"data":"Accuracy","floor":15,"key":"SMITH"},{"data":"After Image","floor":23,"key":"SMITH"},{"floor":28,"key":"REST"},{"floor":30,"key":"REST"},{"floor":32,"key":"REST"}],"neow_cost":"CURSE","seed_source_timestamp":693566574280088,"circlet_count":0,"master_deck":["Defend_G","Defend_G","Defend_G","Defend_G","Defend_G","Strike_G","Strike_G","Strike_G","Strike_G","Strike_G","Survivor","Neutralize+1","AscendersBane","Cloak And Dagger+1","Accuracy+1","Dash+1","Dagger Throw+1","Backflip","Flying Knee+1","After Image+1","Dagger Throw+1","Accuracy","Leg Sweep","Dodge and Roll","Blade Dance"],"relics":["Ring of the Snake","Thread and Needle","Molten Egg 2","Boot","Lantern","Omamori","Lizard Tail","Snake Skull","Vajra","Tingsha","Anchor","Mummified Hand"],"potions_floor_usage":[7,12,16,33],"damage_taken":[{"damage":1,"enemies":"Small Slimes","floor":1,"turns":4},{"damage":0,"enemies":"2 Louse","floor":2,"turns":5},{"damage":4,"enemies":"Jaw Worm","floor":5,"turns":7},{"damage":4,"enemies":"Exordium Thugs","floor":7,"turns":6},{"damage":0,"enemies":"2 Fungi Beasts","floor":10,"turns":3},{"damage":12,"enemies":"Lagavulin","floor":12,"turns":6},{"damage":7,"enemies":"3 Sentries","floor":14,"turns":8},{"damage":61,"enemies":"Slime Boss","floor":16,"turns":13},{"damage":0,"enemies":"Shell Parasite","floor":18,"turns":7},{"damage":3,"enemies":"Chosen","floor":21,"turns":5},{"damage":22,"enemies":"Snecko","floor":24,"turns":6},{"damage":53,"enemies":"Gremlin Leader","floor":25,"turns":11},{"damage":0,"enemies":"Snake Plant","floor":27,"turns":4},{"damage":15,"enemies":"Sentry and Sphere","floor":29,"turns":6},{"damage":0,"enemies":"Centurion and Healer","floor":31,"turns":10},{"damage":84,"enemies":"Champ","floor":33,"turns":14}],"seed_played":"-5481987424112317027","potions_obtained":[{"floor":1,"key":"Explosive Potion"},{"floor":5,"key":"Explosive Potion"},{"floor":10,"key":"PowerPotion"},{"floor":14,"key":"FairyPotion"},{"floor":18,"key":"SteroidPotion"},{"floor":29,"key":"LiquidBronze"}],"is_trial":false,"path_per_floor":["M","M","?","T","M","R","M","R","T","M","?","E","R","E","R","B",null,"M","?","$","M","?","R","M","E","T","M","R","M","R","M","R"],"character_chosen":"THE_SILENT","items_purchased":["Vajra"],"campfire_rested":4,"item_purchase_floors":[20],"current_hp_per_floor":[58,58,58,58,54,54,50,50,50,50,55,43,64,57,57,5,55,55,55,55,52,52,52,30,17,17,17,38,23,44,44,65,0],"gold":130,"neow_bonus":"ONE_RARE_RELIC","is_prod":false,"is_daily":false,"chose_seed":false,"campfire_upgraded":4,"win_rate":0,"timestamp":1536006385,"path_taken":["M","M","?","?","M","R","M","R","T","?","?","E","R","E","R","BOSS","M","?","$","M","?","R","M","E","T","M","R","M","R","M","R","BOSS"],"build_version":"2018-08-30","purchased_purges":1,"victory":false,"max_hp_per_floor":[66,66,66,66,66,66,66,66,66,66,71,71,71,71,71,71,71,71,71,71,71,71,71,71,71,71,71,71,71,71,71,71,71],"card_choices":[{"not_picked":["Acrobatics","Dodge and Roll"],"picked":"Cloak And Dagger","floor":1},{"not_picked":["Tactician","Prepared"],"picked":"Accuracy","floor":2},{"not_picked":["Choke+1","Deflect","Reflex"],"picked":"SKIP","floor":5},{"not_picked":["Underhanded Strike+1","Caltrops"],"picked":"Dash+1","floor":7},{"not_picked":["Poisoned Stab+1","Underhanded Strike+1"],"picked":"Dagger Throw+1","floor":10},{"not_picked":["Dodge and Roll","Eviscerate+1"],"picked":"Backflip","floor":12},{"not_picked":["Backflip","Flechettes+1"],"picked":"Flying Knee+1","floor":14},{"not_picked":["Envenom","Die Die Die+1"],"picked":"After Image","floor":16},{"not_picked":["Flechettes+1","Dodge and Roll"],"picked":"Dagger Throw+1","floor":18},{"not_picked":["Concentrate","Setup","Deadly Poison"],"picked":"SKIP","floor":21},{"not_picked":["Dodge and Roll","Acrobatics"],"picked":"Accuracy","floor":24},{"not_picked":["Underhanded Strike+1","Acrobatics"],"picked":"Leg Sweep","floor":25},{"not_picked":["Quick Slash+1","Flying Knee+1","Acrobatics"],"picked":"SKIP","floor":27},{"not_picked":["Wraith Form v2","Acrobatics"],"picked":"Dodge and Roll","floor":29},{"not_picked":["Distraction","Outmaneuver"],"picked":"Blade Dance","floor":31}],"player_experience":462526,"relics_obtained":[{"floor":4,"key":"Molten Egg 2"},{"floor":9,"key":"Boot"},{"floor":12,"key":"Lantern"},{"floor":14,"key":"Omamori"},{"floor":25,"key":"Anchor"},{"floor":26,"key":"Mummified Hand"}],"event_choices":[{"event_name":"Liars Game","player_choice":"disagreed","floor":3,"damage_taken":0},{"event_name":"Big Fish","player_choice":"Donut","floor":11,"damage_taken":0},{"event_name":"WeMeetAgain","player_choice":"Potion","floor":19,"damage_taken":0},{"event_name":"Addict","player_choice":"Obtained Relic","floor":22,"damage_taken":0}],"is_beta":false,"boss_relics":[{"not_picked":["HoveringKite","Velvet Choker"],"picked":"Lizard Tail"}],"items_purged_floors":[20],"is_endless":false,"potions_floor_spawned":[1,5,10,14,18,29],"killed_by":"Champ","ascension_level":15}