{"path_per_floor":["M","M","?","?","T","R","E","$","T","M","E","M","?","$","R","B",null,"M","M","?","M","$","E","R","E","T"],"character_chosen":"IRONCLAD","items_purchased":["Paper Frog","Uppercut","Power Through","Rupture"],"gold_per_floor":[118,128,303,378,404,404,433,87,111,128,155,174,174,99,99,198,198,184,200,200,211,33,61,61,89,89,89],"floor_reached":27,"campfire_rested":0,"playtime":4255,"current_hp_per_floor":[76,75,75,64,64,64,15,15,15,21,12,18,44,44,44,9,80,59,46,46,56,56,43,43,25,25,0],"items_purged":["Doubt","Perfected Strike"],"gold":89,"score":297,"play_id":"81384ff0-77f1-4f0e-b902-50d7a8a68c17","local_time":"20180516164656","is_prod":false,"is_daily":false,"chose_seed":false,"is_ascension_mode":true,"campfire_upgraded":3,"timestamp":1526482016,"path_taken":["M","M","?","?","?","R","E","$","T","?","E","M","?","$","R","BOSS","M","M","?","M","$","E","R","E","T","E"],"build_version":"2018-05-10","seed_source_timestamp":0,"purchased_purges":2,"victory":false,"master_deck":["Defend_R","Defend_R","Defend_R","Defend_R","Bash","Pommel Strike+1","Thunderclap","Uppercut+1","Power Through","Thunderclap","Shrug It Off","Combust","Fiend Fire","Armaments","Shrug It Off+1","Bite","Bite","Bite","Bite","Bite","Combust+1","Rupture","Dropkick+1","Fire Breathing"],"max_hp_per_floor":[80,80,80,80,80,80,80,80,80,80,80,80,80,80,80,80,80,80,80,56,56,56,56,56,56,56,56],"relics":["Burning Blood","Art of War","Sundial","Paper Frog","Regal Pillow","Ancient Tea Set","Runic Cube","Oddly Smooth Stone","Bottled Flame","Molten Egg 2"],"card_choices":[{"not_picked":["Sword Boomerang","Second Wind"],"picked":"Pommel Strike","floor":1.0},{"not_picked":["Burning Pact","Clash"],"picked":"Thunderclap","floor":2.0},{"not_picked":["Iron Wave","Fiend Fire"],"picked":"Perfected Strike","floor":7.0},{"not_picked":["Twin Strike","Shrug It Off"],"picked":"Thunderclap","floor":10.0},{"not_picked":["Twin Strike","Flex"],"picked":"Shrug It Off","floor":11.0},{"not_picked":["Searing Blow","Clothesline"],"picked":"Combust","floor":12.0},{"not_picked":["Feed","Impervious"],"picked":"Fiend Fire","floor":16.0},{"not_picked":["Perfected Strike","Twin Strike"],"picked":"Armaments","floor":18.0},{"not_picked":["Armaments","Thunderclap"],"picked":"Shrug It Off","floor":19.0},{"not_picked":["Twin Strike","Perfected Strike"],"picked":"Combust","floor":21.0},{"not_picked":["Flex","Reckless Charge"],"picked":"Dropkick","floor":23},{"not_picked":["Searing Blow","Headbutt"],"picked":"Fire Breathing","floor":25}],"player_experience":65311,"potions_floor_usage":[25,25],"damage_taken":[{"damage":10.0,"enemies":"Jaw Worm","floor":1.0,"turns":6.0},{"damage":7.0,"enemies":"Cultist","floor":2.0,"turns":5.0},{"damage":55.0,"enemies":"Gremlin Nob","floor":7.0,"turns":6.0},{"damage":0.0,"enemies":"Small Slimes","floor":10.0,"turns":2.0},{"damage":15.0,"enemies":"3 Sentries","floor":11.0,"turns":7.0},{"damage":0.0,"enemies":"3 Louse","floor":12.0,"turns":3.0},{"damage":41.0,"enemies":"Hexaghost","floor":16.0,"turns":11.0},{"damage":27.0,"enemies":"2 Thieves","floor":18.0,"turns":4.0},{"damage":19.0,"enemies":"Chosen","floor":19.0,"turns":5.0},{"damage":3.0,"enemies":"Snecko","floor":21.0,"turns":5.0},{"damage":25.0,"enemies":"Gremlin Leader","floor":23.0,"turns":7.0},{"damage":30,"enemies":"Slavers","floor":25,"turns":4},{"damage":33,"enemies":"Gremlin Leader","floor":27,"turns":5}],"event_choices":[{"event_name":"Liars Game","player_choice":"agreed","floor":3.0,"damage_taken":0.0},{"event_name":"World of Goop","player_choice":"Gather Gold","floor":4.0,"damage_taken":0.0},{"event_name":"Big Fish","player_choice":"Banana","floor":13.0,"damage_taken":0.0},{"event_name":"Vampires","player_choice":"Became a vampire","floor":20.0,"damage_taken":0.0}],"boss_relics":[],"potions_floor_spawned":[2,16,19],"seed_played":"328026282656342132","killed_by":"Gremlin Leader","ascension_level":1,"is_trial":false}