{"path_per_floor":["M","M","M","M","?","E","?","R","T","E","?","M","M","T","R","B",null,"M","?","M","?","$","R","E","M","T","R","?","E","$","M","R","B",null,"M","$","?","M","?","E","M","$","T","M","?","R","M","M","R","B"],"character_chosen":"DEFECT","items_purchased":["Toolbox","Rip and Tear","Art of War","Bag of Marbles","Core Surge","Bottled Lightning","LiquidBronze"],"gold_per_floor":[112,130,140,150,150,183,183,183,183,217,217,240,259,259,259,387,387,405,405,428,428,136,136,179,194,194,194,194,238,94,112,112,233,233,247,31,31,45,378,407,417,24,24,34,34,34,52,64,64,64],"floor_reached":51,"campfire_rested":1,"playtime":1964,"item_purchase_floors":[22,22,30,36,36,42,42],"current_hp_per_floor":[75,75,75,73,55,46,46,46,46,28,12,12,12,12,12,20,82,78,78,67,67,67,67,63,54,54,54,54,58,58,60,60,82,88,70,70,70,68,68,43,21,21,21,31,21,63,51,69,69,21],"items_purged":["Capacitor"],"gold":64,"score":937,"play_id":"505a63b9-b2fd-490c-8266-0489d7d1ee49","local_time":"20180601172958","is_prod":false,"is_daily":false,"chose_seed":false,"is_ascension_mode":true,"campfire_upgraded":6,"win_rate":0,"timestamp":1527888598,"campfire_choices":[{"data":"Dualcast","floor":8,"key":"SMITH"},{"data":"Rip and Tear","floor":15,"key":"SMITH"},{"data":"Reboot","floor":23,"key":"SMITH"},{"data":"Self Repair","floor":27,"key":"SMITH"},{"data":"Beam Cell","floor":32,"key":"SMITH"},{"floor":46,"key":"REST"},{"data":"Magnetism","floor":49,"key":"SMITH"}],"path_taken":["M","M","?","M","?","E","?","R","T","E","?","M","?","?","R","BOSS","M","?","M","?","$","R","E","M","T","R","?","E","$","M","R","BOSS","M","$","?","?","?","E","M","$","T","?","?","R","?","M","R","BOSS"],"build_version":"2018-05-30v2","seed_source_timestamp":358309266308802,"purchased_purges":1,"victory":true,"master_deck":["Zap+1","Dualcast+1","Auto Shields","Streamline","Double Energy+1","Steam","Rip and Tear+1","Beam Cell+1","Doom and Gloom","FTL","Reboot+1","Self Repair+1","Rip and Tear","Compile Driver+1","Core Surge","Barrage","Blizzard","Go for the Eyes","Beam Cell","Go for the Eyes","Scrape","Glacier","Core Surge","Aggregate+1","Darkness+1","Reprogram+1","Magnetism+1","Bandage Up+1","Deep Breath+1","Streamline+1"],"max_hp_per_floor":[75,75,75,75,75,82,82,82,82,82,82,82,82,82,82,82,82,82,82,82,82,82,82,84,86,86,86,86,86,86,88,88,88,88,90,90,90,90,90,90,92,92,92,92,92,92,94,96,96,96],"relics":["Cracked Core","Dream Catcher","Strawberry","Whetstone","Mercury Hourglass","Pantograph","Nuclear Battery","Toolbox","Singing Bowl","Gambling Chip","Regal Pillow","Art of War","Pandora\u0027s Box","Bag of Marbles","Toxic Egg 2","Bottled Lightning","Bronze Scales"],"card_choices":[{"not_picked":["Fusion","Sweeping Beam"],"picked":"Auto Shields","floor":1},{"not_picked":["Go for the Eyes","Turbo"],"picked":"Streamline","floor":2},{"not_picked":["Stack","Rebound"],"picked":"Double Energy","floor":3},{"not_picked":["Cold Snap","Thunder Strike"],"picked":"Steam","floor":4},{"not_picked":["Go for the Eyes","Glacier"],"picked":"Rip and Tear","floor":6},{"not_picked":["Meteor Strike","Consume"],"picked":"Beam Cell","floor":10},{"not_picked":["Conserve Battery","Stack"],"picked":"Doom and Gloom","floor":12},{"not_picked":["Force Field","Skim"],"picked":"FTL","floor":13},{"not_picked":["Creative AI","Rainbow"],"picked":"Reboot","floor":16},{"not_picked":["Hologram","Steam"],"picked":"Rip and Tear","floor":18},{"not_picked":["Hologram","Conserve Battery","Recycle"],"picked":"SKIP","floor":20},{"not_picked":["Amplify","Self Repair","Static Discharge"],"picked":"Singing Bowl","floor":24},{"not_picked":["Stack","Compile Driver","Redo"],"picked":"Singing Bowl","floor":25},{"not_picked":["Conserve Battery","Streamline"],"picked":"Compile Driver+1","floor":29},{"not_picked":["Coolheaded+1","Hyperbeam","Steam+1"],"picked":"Singing Bowl","floor":31},{"not_picked":["Creative AI","Echo Form"],"picked":"Core Surge","floor":33},{"not_picked":["Consume","Reprogram","Stack"],"picked":"Singing Bowl","floor":35},{"not_picked":["Sweeping Beam+1","Cold Snap"],"picked":"Aggregate+1","floor":38},{"not_picked":["Barrage","Cold Snap"],"picked":"Darkness+1","floor":40},{"not_picked":["Compile Driver","Auto Shields+1","Defragment"],"picked":"Singing Bowl","floor":41},{"not_picked":["Consume+1","Sweeping Beam"],"picked":"Reprogram+1","floor":44},{"not_picked":["Thinking Ahead+1","Purity+1"],"picked":"Magnetism","floor":45},{"not_picked":["Madness+1","Magnetism"],"picked":"Bandage Up+1","floor":45},{"not_picked":["Purity+1","Enlightenment+1"],"picked":"Deep Breath+1","floor":45},{"not_picked":["Compile Driver","Barrage+1"],"picked":"Streamline+1","floor":46},{"not_picked":["Hologram+1","Compile Driver","Rebound"],"picked":"Singing Bowl","floor":47},{"not_picked":["Blizzard+1","Gash","Recycle+1"],"picked":"Singing Bowl","floor":48}],"player_experience":246183,"potions_floor_usage":[24,24,29,31,33,44,50,50],"damage_taken":[{"damage":0,"enemies":"Cultist","floor":1,"turns":3},{"damage":0,"enemies":"2 Louse","floor":2,"turns":3},{"damage":0,"enemies":"Small Slimes","floor":3,"turns":3},{"damage":2,"enemies":"3 Louse","floor":4,"turns":3},{"damage":16,"enemies":"3 Sentries","floor":6,"turns":6},{"damage":18,"enemies":"Gremlin Nob","floor":10,"turns":4},{"damage":0,"enemies":"Exordium Thugs","floor":12,"turns":3},{"damage":0,"enemies":"Blue Slaver","floor":13,"turns":2},{"damage":17,"enemies":"The Guardian","floor":16,"turns":8},{"damage":4,"enemies":"3 Byrds","floor":18,"turns":3},{"damage":11,"enemies":"2 Thieves","floor":20,"turns":3},{"damage":25,"enemies":"Slavers","floor":24,"turns":4},{"damage":18,"enemies":"Snake Plant","floor":25,"turns":3},{"damage":6,"enemies":"Gremlin Leader","floor":29,"turns":5},{"damage":0,"enemies":"Snecko","floor":31,"turns":2},{"damage":13,"enemies":"Collector","floor":33,"turns":7},{"damage":30,"enemies":"3 Shapes","floor":35,"turns":4},{"damage":2,"enemies":"3 Darklings","floor":38,"turns":3},{"damage":35,"enemies":"2 Orb Walkers","floor":40,"turns":4},{"damage":34,"enemies":"Spire Growth","floor":41,"turns":4},{"damage":0,"enemies":"Transient","floor":44,"turns":5},{"damage":20,"enemies":"Flame Bruiser 2 Orb","floor":47,"turns":4},{"damage":0,"enemies":"Sphere and 2 Shapes","floor":48,"turns":2},{"damage":79,"enemies":"Time Eater","floor":50,"turns":11}],"relics_obtained":[{"floor":6,"key":"Strawberry"},{"floor":9,"key":"Whetstone"},{"floor":10,"key":"Mercury Hourglass"},{"floor":14,"key":"Pantograph"},{"floor":24,"key":"Singing Bowl"},{"floor":26,"key":"Gambling Chip"},{"floor":29,"key":"Regal Pillow"},{"floor":40,"key":"Toxic Egg 2"},{"floor":43,"key":"Bronze Scales"}],"event_choices":[{"event_name":"Golden Idol","player_choice":"Take Damage","floor":5,"damage_taken":0},{"event_name":"Living Wall","player_choice":"Grow","floor":7,"damage_taken":0},{"event_name":"Shining Light","player_choice":"Entered Light","floor":11,"damage_taken":0},{"event_name":"The Library","player_choice":"Read","floor":19,"damage_taken":0},{"event_name":"Back to Basics","player_choice":"Simplicity","floor":21,"damage_taken":0},{"event_name":"Vampires","player_choice":"Ignored","floor":28,"damage_taken":0},{"event_name":"The Moai Head","player_choice":"Gave Idol","floor":39,"damage_taken":0},{"event_name":"SensoryStone","player_choice":"Memory 3","floor":45,"damage_taken":0}],"boss_relics":[{"not_picked":["Sozu","Tiny House"],"picked":"Nuclear Battery"},{"not_picked":["Lizard Tail","Cursed Key"],"picked":"Pandora\u0027s Box"}],"items_purged_floors":[42],"potions_floor_spawned":[1,3,4,18,24,25,38,44],"seed_played":"7580862361926299350","ascension_level":4,"potions_obtained":[{"floor":1,"key":"Regen Potion"},{"floor":3,"key":"Dexterity Potion"},{"floor":4,"key":"EssenceOfSteel"},{"floor":18,"key":"Explosive Potion"},{"floor":24,"key":"AttackPotion"},{"floor":25,"key":"Energy Potion"},{"floor":38,"key":"Fire Potion"},{"floor":44,"key":"EssenceOfSteel"}],"is_trial":false}