{"path_per_floor":["M","M","M","?","M","R","E","R","T","E","M","E","M","M","R","B",null,"M","?","$","M","T","E","R","E","T","?","M","E","M","E","R","B",null,"M","?","?","?","?","E","T","E","T","R","E","M","M","E","R","B"],"character_chosen":"THE_SILENT","items_purchased":["Strawberry","Tools of the Trade","Mind Blast"],"gold_per_floor":[114,129,144,144,163,163,201,201,276,314,333,371,390,409,409,534,534,459,459,63,63,63,63,63,63,63,63,63,63,63,63,63,63,63,63,63,63,63,63,63,63,63,63,63,63,63,63,63,63,63],"floor_reached":51,"campfire_rested":3,"playtime":3752,"current_hp_per_floor":[68,67,66,65,64,63,62,61,60,52,52,52,52,33,49,46,52,40,24,31,31,31,31,46,46,46,46,46,46,46,34,44,43,47,43,43,37,37,37,37,37,37,37,37,30,30,30,30,30,29],"items_purged":["Injury"],"gold":63,"score":1138,"play_id":"b547b954-1620-4021-88c6-4bacf8985244","local_time":"20180512201809","daily_mods":["Insanity","Elite Swarm","Terminal"],"is_prod":false,"is_daily":true,"chose_seed":false,"is_ascension_mode":false,"campfire_upgraded":3,"timestamp":1526181489,"path_taken":["M","M","M","?","M","R","E","R","T","E","M","E","M","M","R","BOSS","M","?","$","M","?","E","R","E","T","?","M","E","M","E","R","BOSS","M","?","?","?","?","E","?","E","T","R","E","M","M","E","R","BOSS"],"build_version":"2018-05-10","seed_source_timestamp":0,"purchased_purges":1,"victory":true,"master_deck":["Flying Knee","Survivor","Accuracy","Dagger Throw","Predator","Bullet Time","Malaise","Night Terror","Dash","Strike_G","Infinite Blades","Terror","Dagger Throw","Bullet Time","Survivor","Concentrate","Dash","Defend_G","Phantasmal Killer","Phantasmal Killer","Envenom","Venomology","Flechettes","Dagger Throw","Choke","Expertise","Bullet Time","Wraith Form v2","Prepared+1","Bouncing Flask","Footwork","Defend_G","Wraith Form v2","Dodge and Roll+1","Blur","Reflex","Expertise+1","Unload","Slice","Noxious Fumes","Infinite Blades","Infinite Blades","Riddle With Holes","Predator","Cloak And Dagger","Dagger Spray","Terror","Bane","Leg Sweep","Prepared+1","Terror","Tools of the Trade","Die Die Die","Footwork","Die Die Die","Bouncing Flask+1","Necronomicurse","Tools of the Trade","Mind Blast","Tools of the Trade","Die Die Die","A Thousand Cuts","After Image","Acrobatics","Neutralize","Accuracy","Burst","Madness","Madness","Panache","A Thousand Cuts","Burst","After Image","Adrenaline"],"max_hp_per_floor":[68,67,66,65,64,63,62,61,60,59,58,57,56,55,54,53,52,51,50,56,55,54,53,52,51,50,49,48,47,46,45,44,43,47,51,50,49,48,47,46,45,44,43,42,41,40,39,38,37,36],"relics":["Ring of the Snake","Golden Idol","Juzu Bracelet","Shuriken","Art of War","Letter Opener","Ectoplasm","Necronomicon","Strawberry","Paper Crane","Tough Bandages","Centennial Puzzle","Bronze Scales","Meat on the Bone","Omamori","Tiny House","Mercury Hourglass","Anchor","Lantern","Kunai","Bottled Flame","Shovel","Singing Bowl"],"card_choices":[{"not_picked":["Outmaneuver","Bane"],"picked":"Prepared","floor":1},{"not_picked":["Dodge and Roll","Leg Sweep"],"picked":"Terror","floor":2},{"not_picked":["Tactician","Grand Finale"],"picked":"Tools of the Trade","floor":7},{"not_picked":["Glass Knife","Bullet Time"],"picked":"Die Die Die","floor":10},{"not_picked":["Underhanded Strike","Backflip"],"picked":"Footwork","floor":11},{"not_picked":["Phantasmal Killer","Grand Finale"],"picked":"Die Die Die","floor":12},{"not_picked":["Bane","PiercingWail"],"picked":"Bouncing Flask","floor":18},{"not_picked":["Phantasmal Killer","Tactician"],"picked":"Tools of the Trade","floor":23},{"not_picked":["Wraith Form v2","Venomology"],"picked":"Die Die Die","floor":25},{"not_picked":["Venomology","Wraith Form v2"],"picked":"A Thousand Cuts","floor":29},{"not_picked":["Burst","Grand Finale"],"picked":"After Image","floor":33},{"not_picked":["Outmaneuver","Slice"],"picked":"Acrobatics","floor":34},{"not_picked":["Dark Shackles","Blind"],"picked":"Panache","floor":39},{"not_picked":["Envenom","Tactician"],"picked":"A Thousand Cuts","floor":40},{"not_picked":["Doppelganger","Grand Finale"],"picked":"Burst","floor":42},{"not_picked":["Phantasmal Killer","Grand Finale"],"picked":"After Image","floor":45},{"not_picked":["Night Terror","Phantasmal Killer"],"picked":"Adrenaline","floor":48}],"player_experience":285921,"potions_floor_usage":[16,16,25,29,31,33,33,35,42,45,50,50,50],"damage_taken":[{"damage":0,"enemies":"Small Slimes","floor":1,"turns":1},{"damage":0,"enemies":"Jaw Worm","floor":2,"turns":3},{"damage":0,"enemies":"Cultist","floor":3,"turns":2},{"damage":0,"enemies":"Large Slime","floor":5,"turns":4},{"damage":0,"enemies":"Gremlin Nob","floor":7,"turns":5},{"damage":8,"enemies":"Lagavulin","floor":10,"turns":6},{"damage":0,"enemies":"Exordium Wildlife","floor":11,"turns":2},{"damage":0,"enemies":"Gremlin Nob","floor":12,"turns":3},{"damage":0,"enemies":"Looter","floor":13,"turns":3},{"damage":19,"enemies":"Exordium Thugs","floor":14,"turns":4},{"damage":3,"enemies":"The Guardian","floor":16,"turns":8},{"damage":12,"enemies":"2 Thieves","floor":18,"turns":4},{"damage":0,"enemies":"Chosen","floor":21,"turns":3},{"damage":0,"enemies":"Gremlin Leader","floor":23,"turns":3},{"damage":0,"enemies":"Slavers","floor":25,"turns":6},{"damage":0,"enemies":"Snake Plant","floor":28,"turns":1},{"damage":0,"enemies":"Gremlin Leader","floor":29,"turns":5},{"damage":0,"enemies":"Centurion and Healer","floor":30,"turns":3},{"damage":12,"enemies":"Book of Stabbing","floor":31,"turns":3},{"damage":0,"enemies":"Collector","floor":33,"turns":8},{"damage":9,"enemies":"3 Darklings","floor":35,"turns":5},{"damage":0,"enemies":"Giant Head","floor":40,"turns":7},{"damage":0,"enemies":"2 Orb Walkers","floor":42,"turns":3},{"damage":7,"enemies":"Giant Head","floor":45,"turns":6},{"damage":0,"enemies":"3 Shapes","floor":46,"turns":2},{"damage":0,"enemies":"Sphere and 2 Shapes","floor":47,"turns":2},{"damage":0,"enemies":"Nemesis","floor":48,"turns":5},{"damage":1,"enemies":"Donu and Deca","floor":50,"turns":7}],"event_choices":[{"event_name":"Golden Idol","player_choice":"Take Wound","floor":4,"damage_taken":0},{"event_name":"Cursed Tome","player_choice":"Obtained Book","floor":19,"damage_taken":0},{"event_name":"The Woman in Blue","player_choice":"Bought 0 Potions","floor":27,"damage_taken":0},{"event_name":"Match and Keep!","player_choice":"3 cards matched","floor":36,"damage_taken":0},{"event_name":"Winding Halls","player_choice":"Embrace Madness","floor":37,"damage_taken":0},{"event_name":"SensoryStone","player_choice":"Memory 1","floor":39,"damage_taken":0}],"boss_relics":[{"not_picked":["Lizard Tail","Runic Pyramid"],"picked":"Ectoplasm"},{"not_picked":["Astrolabe","White Beast Statue"],"picked":"Tiny House"}],"potions_floor_spawned":[2,7,11,13,14,21,23,25,29,31,33,35,46],"seed_played":"-8602145227359355025","ascension_level":0,"is_trial":false}