{"gold_per_floor":[110,125,300,300,316,316,330,255,330,345,345],"floor_reached":11,"playtime":387,"items_purged":["Doubt"],"score":111,"play_id":"cbb79e04-c59e-4a97-a5af-9cc0a4e00f73","local_time":"20181230225318","is_ascension_mode":true,"campfire_choices":[{"floor":6,"key":"REST"}],"neow_cost":"TEN_PERCENT_HP_LOSS","seed_source_timestamp":741799436066459,"circlet_count":0,"master_deck":["AscendersBane","Strike_B","Strike_B","Defend_B","Defend_B","Defend_B","Defend_B","Zap","Dualcast","Streamline","Self Repair","Capacitor","Compile Driver"],"relics":["Cracked Core","Golden Idol","Letter Opener"],"potions_floor_usage":[11,11],"damage_taken":[{"damage":3,"enemies":"Jaw Worm","floor":1,"turns":4},{"damage":0,"enemies":"2 Louse","floor":2,"turns":2},{"damage":1,"enemies":"Cultist","floor":5,"turns":3},{"damage":0,"enemies":"Large Slime","floor":7,"turns":5},{"damage":7,"enemies":"Looter","floor":10,"turns":3},{"damage":76,"enemies":"Gremlin Nob","floor":11,"turns":6}],"seed_played":"-8173805764211283351","potions_obtained":[{"floor":2,"key":"Block Potion"},{"floor":5,"key":"GamblersBrew"},{"floor":7,"key":"SkillPotion"}],"is_trial":false,"path_per_floor":["M","M","?","?","M","R","M","$","T","M","E"],"character_chosen":"DEFECT","items_purchased":[],"campfire_rested":1,"item_purchase_floors":[],"current_hp_per_floor":[61,61,61,45,44,63,64,64,64,64,0],"gold":345,"neow_bonus":"REMOVE_TWO","is_prod":false,"is_daily":false,"chose_seed":false,"campfire_upgraded":0,"win_rate":0,"timestamp":1546231998,"path_taken":["M","M","?","?","M","R","M","$","T","?","E"],"build_version":"2018-12-20","purchased_purges":1,"victory":false,"max_hp_per_floor":[64,64,64,64,64,64,64,64,64,64,64],"card_choices":[{"not_picked":["Conserve Battery","Tempest"],"picked":"Streamline","floor":1},{"not_picked":["Rebound","Heatsinks","Recycle"],"picked":"SKIP","floor":2},{"not_picked":["Streamline","Barrage"],"picked":"Self Repair","floor":5},{"not_picked":["Ball Lightning","Gash"],"picked":"Capacitor","floor":7},{"not_picked":["Static Discharge","Gash"],"picked":"Compile Driver","floor":10}],"player_experience":350318,"relics_obtained":[{"floor":9,"key":"Letter Opener"}],"event_choices":[{"damage_healed":0,"gold_gain":175,"player_choice":"AGREE","damage_taken":0,"max_hp_gain":0,"max_hp_loss":0,"event_name":"Liars Game","floor":3,"gold_loss":0,"cards_obtained":["Doubt"]},{"damage_healed":0,"gold_gain":0,"player_choice":"Take Damage","damage_taken":16,"relics_obtained":["Golden Idol"],"max_hp_gain":0,"max_hp_loss":0,"event_name":"Golden Idol","floor":4,"gold_loss":0}],"is_beta":false,"boss_relics":[],"items_purged_floors":[8],"is_endless":false,"potions_floor_spawned":[2,5,7],"killed_by":"Gremlin Nob","ascension_level":14}