{"path_per_floor":["M","M","?","M","M","R","?","E","T","$","?","?","R","E","R","B",null,"M","M","M","?","$","R","E","R","T","M","M","E","M","E","R","B",null,"M","$","M","M","$","R"],"character_chosen":"THE_SILENT","items_purchased":["Noxious Fumes","Omamori","Doppelganger"],"gold_per_floor":[114,129,79,99,110,110,110,143,143,68,48,48,48,80,80,175,175,195,206,223,223,44,44,69,69,119,129,148,177,191,216,216,319,319,329,47,60,80,5,5,5],"floor_reached":41,"campfire_rested":0,"playtime":2804,"current_hp_per_floor":[61,56,56,53,48,48,48,50,50,50,50,50,50,42,42,34,61,58,58,56,35,35,35,29,29,29,24,24,24,24,24,24,20,31,31,31,31,31,31,31,0],"items_purged":["Defend_G","Defend_G","Strike_G"],"gold":5,"score":690,"play_id":"ca5301ac-ec8e-4ee8-8fe3-53951c65caa6","local_time":"20180403201918","is_prod":false,"is_daily":false,"is_ascension_mode":true,"campfire_upgraded":5,"timestamp":1522779558,"path_taken":["M","?","?","M","?","R","?","E","T","?","?","?","R","E","R","BOSS","M","M","?","?","$","R","E","R","T","M","M","E","?","E","R","BOSS","M","$","M","M","$","R","E"],"build_version":"2018-03-29v2","purchased_purges":5,"victory":false,"master_deck":["Defend_G","Defend_G","Defend_G","Survivor","Neutralize+1","Skewer+1","Backflip","Flying Knee","Sucker Punch+1","Blur","PiercingWail","Footwork+1","Cloak And Dagger","Flying Knee+1","Ghostly+1","Ghostly+1","Ghostly","Ghostly","Ghostly","Noxious Fumes","Backflip+1","Bouncing Flask+1","Blur","Heel Hook","Glass Knife","Heel Hook","Poisoned Stab+1","Doppelganger"],"max_hp_per_floor":[70,70,70,70,70,70,70,70,70,70,70,70,70,70,70,70,70,70,70,70,35,35,35,35,35,35,35,35,35,35,35,35,35,35,35,35,35,35,35,35,35],"relics":["Runic Pyramid","Ornamental Fan","Calipers","Bag of Preparation","Runic Dome","Happy Flower","Orichalcum","Peace Pipe","Ancient Tea Set","The Specimen","Omamori"],"card_choices":[{"not_picked":["Outmaneuver","Poisoned Stab"],"picked":"Skewer","floor":1.0},{"not_picked":["Catalyst","Acrobatics"],"picked":"Backflip","floor":2.0},{"not_picked":["Well Laid Plans","Tools of the Trade"],"picked":"Flying Knee","floor":4.0},{"not_picked":["Dodge and Roll","Skewer"],"picked":"Sucker Punch","floor":5.0},{"not_picked":["Quick Slash","Escape Plan"],"picked":"Blur","floor":8.0},{"not_picked":["Burst","Poisoned Stab"],"picked":"Footwork","floor":14.0},{"not_picked":["Outmaneuver","Dagger Spray"],"picked":"Cloak And Dagger","floor":18.0},{"not_picked":["All Out Attack","Bane"],"picked":"Flying Knee","floor":19.0},{"not_picked":["Deflect","Masterful Stab"],"picked":"Backflip","floor":24.0},{"not_picked":["Poisoned Stab","Well Laid Plans"],"picked":"Bouncing Flask","floor":29},{"not_picked":["Dagger Spray","Bane"],"picked":"Blur","floor":30},{"not_picked":["Tools of the Trade","All Out Attack"],"picked":"Heel Hook","floor":31},{"not_picked":["Bullet Time","Tactician"],"picked":"Glass Knife","floor":33},{"not_picked":["Quick Slash","Deflect"],"picked":"Heel Hook","floor":35},{"not_picked":["Leg Sweep","Dagger Spray"],"picked":"Poisoned Stab","floor":38}],"player_experience":215128,"potions_floor_usage":[33,33,41],"damage_taken":[{"damage":2.0,"enemies":"Cultist","floor":1.0,"turns":5.0},{"damage":5.0,"enemies":"2 Louse","floor":2.0,"turns":2.0},{"damage":3.0,"enemies":"Jaw Worm","floor":4.0,"turns":4.0},{"damage":5.0,"enemies":"Exordium Wildlife","floor":5.0,"turns":4.0},{"damage":13.0,"enemies":"3 Sentries","floor":8.0,"turns":9.0},{"damage":8.0,"enemies":"Gremlin Nob","floor":14.0,"turns":4.0},{"damage":8.0,"enemies":"Hexaghost","floor":16.0,"turns":16.0},{"damage":3.0,"enemies":"3 Byrds","floor":18.0,"turns":6.0},{"damage":0.0,"enemies":"Chosen","floor":19.0,"turns":5.0},{"damage":2.0,"enemies":"Snecko","floor":20.0,"turns":6.0},{"damage":6.0,"enemies":"Slavers","floor":24.0,"turns":8.0},{"damage":5.0,"enemies":"Centurion and Healer","floor":27.0,"turns":9.0},{"damage":0,"enemies":"3 Cultists","floor":28,"turns":5},{"damage":0,"enemies":"Book of Stabbing","floor":29,"turns":8},{"damage":0,"enemies":"Sentry and Sphere","floor":30,"turns":8},{"damage":0,"enemies":"Slavers","floor":31,"turns":7},{"damage":4,"enemies":"Automaton","floor":33,"turns":14},{"damage":0,"enemies":"3 Shapes","floor":35,"turns":5},{"damage":0,"enemies":"3 Darklings","floor":37,"turns":8},{"damage":0,"enemies":"Sphere and 2 Shapes","floor":38,"turns":6},{"damage":37,"enemies":"Giant Head","floor":41,"turns":10}],"event_choices":[{"event_name":"The Cleric","player_choice":"Card Removal","floor":3.0,"damage_taken":0.0},{"event_name":"Upgrade Shrine","player_choice":"Upgraded","floor":7.0,"damage_taken":0.0},{"event_name":"The Woman in Blue","player_choice":"Bought 1 Potion","floor":11.0,"damage_taken":0.0},{"event_name":"Living Wall","player_choice":"Change","floor":12.0,"damage_taken":0.0},{"event_name":"Ghosts","player_choice":"Became a Ghost","floor":21.0,"damage_taken":0.0}],"boss_relics":[{"not_picked":["Eternal Feather","Black Star"],"picked":"The Specimen"}],"potions_floor_spawned":[1,4,8,18,20,30,31,33,35],"seed_played":"9158309684705879971","killed_by":"Giant Head","ascension_level":6,"is_trial":false}