{"gold_per_floor":[33,33,43,58,73,73,73,105,105,105,119,133,168,191,191,295,295,313,333,333,350,368,395,395,411,411,411,411,188,188,188,188,283,283,293,65,76,76,93,93,122,122,122,150,162,162,162],"floor_reached":47,"playtime":2139,"items_purged":["Dodge and Roll","Bane"],"score":540,"play_id":"6f8725fa-f892-486e-9fde-c15052ee6a52","local_time":"20190223154143","is_ascension_mode":false,"campfire_choices":[{"data":"Madness","floor":6,"key":"SMITH"},{"data":"Footwork","floor":10,"key":"SMITH"},{"data":"Crippling Poison","floor":15,"key":"SMITH"},{"data":"Footwork","floor":24,"key":"SMITH"},{"floor":27,"key":"REST"},{"data":"Glass Knife","floor":30,"key":"SMITH"},{"floor":32,"key":"RECALL"},{"data":"Madness","floor":40,"key":"SMITH"},{"floor":46,"key":"REST"}],"neow_cost":"","seed_source_timestamp":0,"circlet_count":5,"master_deck":["Survivor","Neutralize","Footwork+1","PiercingWail","PiercingWail","PiercingWail","Leg Sweep","Bane","Madness+1","Madness+1","Dodge and Roll","Poisoned Stab","Crippling Poison+1","Adrenaline","Dash","Glass Knife+1","Deadly Poison+1","Footwork+1","Terror+1","Glass Knife","Footwork","Dramatic Entrance","Noxious Fumes+1","Parasite"],"special_seed":0,"relics":["Pandora\u0027s Box","Bronze Scales","Boot","Circlet","Enchiridion","Ornamental Fan","MutagenicStrength","Frozen Egg 2","Paper Crane"],"potions_floor_usage":[8,13,13,16,16,23,23,23,33,41,44,44,44],"damage_taken":[{"damage":0,"enemies":"2 Louse","floor":1,"turns":4},{"damage":0,"enemies":"Cultist","floor":3,"turns":4},{"damage":0,"enemies":"Jaw Worm","floor":4,"turns":4},{"damage":0,"enemies":"2 Fungi Beasts","floor":5,"turns":6},{"damage":19,"enemies":"Gremlin Nob","floor":8,"turns":5},{"damage":7,"enemies":"Looter","floor":11,"turns":2},{"damage":0,"enemies":"Large Slime","floor":12,"turns":6},{"damage":0,"enemies":"3 Sentries","floor":13,"turns":5},{"damage":17,"enemies":"Slime Boss","floor":16,"turns":11},{"damage":1,"enemies":"Shell Parasite","floor":18,"turns":6},{"damage":0,"enemies":"Chosen","floor":19,"turns":5},{"damage":0,"enemies":"Snake Plant","floor":21,"turns":3},{"damage":4,"enemies":"Centurion and Healer","floor":22,"turns":6},{"damage":14,"enemies":"Slavers","floor":23,"turns":4},{"damage":17,"enemies":"Sentry and Sphere","floor":25,"turns":7},{"damage":16,"enemies":"Collector","floor":33,"turns":9},{"damage":6,"enemies":"3 Shapes","floor":35,"turns":5},{"damage":0,"enemies":"Orb Walker","floor":37,"turns":3},{"damage":12,"enemies":"Sphere and 2 Shapes","floor":39,"turns":7},{"damage":21,"enemies":"Giant Head","floor":41,"turns":10},{"damage":28,"enemies":"Nemesis","floor":44,"turns":5},{"damage":6,"enemies":"Writhing Mass","floor":45,"turns":6},{"damage":0,"enemies":"4 Shapes","floor":47,"turns":1}],"seed_played":"-1998691747439611396","potions_obtained":[{"floor":1,"key":"PowerPotion"},{"floor":7,"key":"Fruit Juice"},{"floor":7,"key":"Dexterity Potion"},{"floor":8,"key":"AttackPotion"},{"floor":13,"key":"Poison Potion"},{"floor":16,"key":"Explosive Potion"},{"floor":18,"key":"Weak Potion"},{"floor":21,"key":"AttackPotion"},{"floor":25,"key":"SteroidPotion"},{"floor":35,"key":"Dexterity Potion"},{"floor":39,"key":"Fire Potion"},{"floor":41,"key":"SteroidPotion"}],"is_trial":false,"path_per_floor":["M","$","M","M","M","R","?","E","T","R","M","M","E","T","R","B",null,"M","M","?","M","M","E","R","M","T","R","?","$","R","?","R","B",null,"M","$","M","?","M","R","E","$","T","E","M","R","M"],"character_chosen":"THE_SILENT","items_purchased":["Dodge and Roll","Poison Potion","Poison Potion","PowerPotion","Footwork","Dramatic Entrance"],"campfire_rested":2,"item_purchase_floors":[0,29,29,29,36,36],"current_hp_per_floor":[70,70,70,70,70,70,70,56,56,56,49,49,49,49,49,32,75,74,74,58,58,54,40,40,23,23,45,70,70,70,70,70,54,75,69,69,69,69,57,57,36,36,36,8,2,24,24],"gold":162,"neow_bonus":"","is_prod":false,"is_daily":false,"chose_seed":false,"campfire_upgraded":6,"win_rate":0,"timestamp":1550954503,"path_taken":["M","$","M","M","M","R","?","E","T","R","?","M","E","?","R","BOSS","M","M","?","M","M","E","R","M","T","R","?","$","R","?","R","BOSS","M","$","M","?","M","R","E","$","T","E","M","R","M"],"build_version":"2019-01-23","purchased_purges":2,"victory":false,"max_hp_per_floor":[70,70,70,70,70,70,70,75,75,75,75,75,75,75,75,75,75,75,75,75,75,75,75,75,75,75,75,75,75,75,75,75,75,75,75,75,75,75,75,75,75,75,75,75,75,75,75],"card_choices":[{"not_picked":["Acrobatics","Backflip"],"picked":"Poisoned Stab","floor":1},{"not_picked":["Underhanded Strike","Masterful Stab","Slice"],"picked":"SKIP","floor":3},{"not_picked":["Bane","Quick Slash","Deflect"],"picked":"SKIP","floor":4},{"not_picked":["PiercingWail","Blade Dance"],"picked":"Crippling Poison","floor":5},{"not_picked":["Backflip","Predator"],"picked":"Dodge and Roll","floor":8},{"not_picked":["Quick Slash","Dagger Throw"],"picked":"Adrenaline","floor":11},{"not_picked":["Heel Hook","Choke"],"picked":"Dash","floor":12},{"not_picked":["Quick Slash","Deflect","Reflex"],"picked":"SKIP","floor":13},{"not_picked":["After Image","Doppelganger"],"picked":"Glass Knife","floor":16},{"not_picked":["Escape Plan+1","Well Laid Plans"],"picked":"Deadly Poison+1","floor":18},{"not_picked":["Underhanded Strike","Bane","Sucker Punch"],"picked":"SKIP","floor":19},{"not_picked":["Backflip","Endless Agony"],"picked":"Footwork","floor":21},{"not_picked":["Underhanded Strike+1","Well Laid Plans+1"],"picked":"Terror+1","floor":22},{"not_picked":["Cloak And Dagger+1","Terror","Calculated Gamble"],"picked":"SKIP","floor":23},{"not_picked":["Terror","Choke","Outmaneuver"],"picked":"SKIP","floor":25},{"not_picked":["Grand Finale","Night Terror"],"picked":"Glass Knife","floor":33},{"not_picked":["Sucker Punch+1","Poisoned Stab+1","Dagger Throw"],"picked":"SKIP","floor":35},{"not_picked":["PiercingWail","Well Laid Plans","Deflect"],"picked":"SKIP","floor":37},{"not_picked":["Quick Slash","Infinite Blades+1"],"picked":"Noxious Fumes+1","floor":39},{"not_picked":["Poisoned Stab","Bouncing Flask","Crippling Poison+1"],"picked":"SKIP","floor":41},{"not_picked":["Dodge and Roll+1","Bane+1","Quick Slash"],"picked":"SKIP","floor":44},{"not_picked":["Acrobatics+1","Footwork+1","PiercingWail"],"picked":"SKIP","floor":45}],"player_experience":730189,"relics_obtained":[{"floor":8,"key":"Bronze Scales"},{"floor":9,"key":"Boot"},{"floor":13,"key":"Circlet"},{"floor":20,"key":"Enchiridion"},{"floor":23,"key":"Circlet"},{"floor":26,"key":"Ornamental Fan"},{"floor":41,"key":"Circlet"},{"floor":43,"key":"Frozen Egg 2"},{"floor":44,"key":"Paper Crane"}],"event_choices":[{"damage_healed":0,"gold_gain":0,"player_choice":"Got Potions","damage_taken":0,"max_hp_gain":0,"max_hp_loss":0,"event_name":"Lab","floor":7,"gold_loss":0},{"damage_healed":0,"gold_gain":0,"player_choice":"Obtained Book","damage_taken":16,"max_hp_gain":0,"max_hp_loss":0,"event_name":"Cursed Tome","floor":20,"gold_loss":0},{"damage_healed":25,"gold_gain":0,"player_choice":"Heal","damage_taken":0,"max_hp_gain":0,"max_hp_loss":0,"event_name":"The Library","floor":28,"gold_loss":0},{"damage_healed":0,"gold_gain":0,"player_choice":"Inject Mutagens","damage_taken":0,"relics_obtained":["MutagenicStrength"],"max_hp_gain":0,"max_hp_loss":0,"event_name":"Drug Dealer","floor":31,"gold_loss":0},{"cards_removed":["Flying Knee"],"damage_healed":0,"gold_gain":0,"player_choice":"Removed Attack","damage_taken":0,"max_hp_gain":0,"max_hp_loss":0,"event_name":"Falling","floor":38,"gold_loss":0}],"is_beta":false,"boss_relics":[{"not_picked":["Circlet","Circlet"],"picked":"Circlet"},{"not_picked":["Circlet","Circlet"],"picked":"Circlet"}],"items_purged_floors":[29,36],"is_endless":false,"potions_floor_spawned":[1,8,13,16,18,21,22,25,35,39,41],"killed_by":"4 Shapes","ascension_level":0}