{"path_per_floor":["M","?","?","$","T","R","E","R","T","E","M","M","R","E","R","B",null,"M","M","$","?","M","R","M","R","T","?","?"],"character_chosen":"DEFECT","items_purchased":["Thunder Strike","Self Repair","Leap","Regen Potion"],"gold_per_floor":[118,118,368,35,35,35,62,62,62,93,105,119,119,154,154,258,258,269,285,135,135,145,145,156,156,180,210,210,210],"floor_reached":29,"campfire_rested":0,"playtime":948,"current_hp_per_floor":[75,68,68,68,68,68,68,68,68,75,75,75,75,78,78,47,85,64,33,33,33,40,40,36,36,36,27,27,0],"items_purged":["Regret","Strike_B"],"gold":210,"score":289,"play_id":"0928da98-a77c-4a13-9d21-b2fc990d8f58","local_time":"20180430164615","is_prod":false,"is_daily":false,"chose_seed":false,"is_ascension_mode":false,"campfire_upgraded":6,"timestamp":1525099575,"path_taken":["M","?","?","$","?","R","E","R","T","E","M","M","R","E","R","BOSS","M","M","$","?","M","R","M","R","T","?","?","E"],"build_version":"2018-04-27v3","seed_source_timestamp":20080025033510,"purchased_purges":2,"victory":false,"master_deck":["Strike_B+1","Strike_B+1","Defend_B+1","Defend_B+1","Defend_B+1","Defend_B+1","Zap+1","Dualcast+1","Rebound","Thunder Strike+1","Self Repair+1","Leap","Capacitor+1","Static Discharge+1","Ball Lightning","Amplify+1","Thunder Strike","Tempest+1","Undo+1","Ball Lightning+1","Buffer+1"],"max_hp_per_floor":[75,75,75,75,75,75,75,75,75,75,75,75,75,85,85,85,85,85,85,85,85,85,85,85,85,85,85,85,85],"relics":["Cracked Core","NeowsBlessing","Toxic Egg 2","Centennial Puzzle","Bag of Marbles","Shuriken","Pear","Philosopher\u0027s Stone","Lantern","Red Mask"],"card_choices":[{"not_picked":["Beam Cell","Static Discharge"],"picked":"Rebound","floor":1},{"not_picked":["Biased Cognition","Sweeping Beam"],"picked":"Capacitor","floor":7},{"not_picked":["Stack","Scrape"],"picked":"Static Discharge","floor":11},{"not_picked":["Capacitor","Sweeping Beam"],"picked":"Ball Lightning","floor":12},{"not_picked":["Heatsinks","Blaster"],"picked":"Amplify","floor":14},{"not_picked":["Amplify","Multi-Cast"],"picked":"Thunder Strike","floor":16},{"not_picked":["Coolheaded","Beam Cell"],"picked":"Tempest","floor":18},{"not_picked":["Loop","Ball Lightning"],"picked":"Undo","floor":19},{"not_picked":["Impulse","Glacier"],"picked":"Ball Lightning","floor":22},{"not_picked":["Skim","Genetic Algorithm"],"picked":"Buffer","floor":27}],"player_experience":9166,"potions_floor_usage":[14,16,24,27,29],"damage_taken":[{"damage":0,"enemies":"Jaw Worm","floor":1,"turns":1},{"damage":0,"enemies":"3 Sentries","floor":7,"turns":1},{"damage":0,"enemies":"Lagavulin","floor":10,"turns":1},{"damage":0,"enemies":"2 Louse","floor":11,"turns":2},{"damage":0,"enemies":"Small Slimes","floor":12,"turns":3},{"damage":14,"enemies":"3 Sentries","floor":14,"turns":5},{"damage":38,"enemies":"Hexaghost","floor":16,"turns":6},{"damage":28,"enemies":"Spheric Guardian","floor":18,"turns":4},{"damage":38,"enemies":"3 Byrds","floor":19,"turns":3},{"damage":20,"enemies":"Cultist and Chosen","floor":22,"turns":3},{"damage":27,"enemies":"Centurion and Healer","floor":24,"turns":5},{"damage":28,"enemies":"Masked Bandits","floor":27,"turns":3},{"damage":39,"enemies":"Slavers","floor":29,"turns":3}],"event_choices":[{"event_name":"Golden Wing","player_choice":"Card Removal","floor":2,"damage_taken":0},{"event_name":"Golden Shrine","player_choice":"Desecrate","floor":3,"damage_taken":0},{"event_name":"Back to Basics","player_choice":"Simplicity","floor":21,"damage_taken":0},{"event_name":"Masked Bandits","player_choice":"Fought over 180 gold","floor":27,"damage_taken":0},{"event_name":"Cursed Tome","player_choice":"Ignored","floor":28,"damage_taken":0}],"boss_relics":[{"not_picked":["Astrolabe","Runic Pyramid"],"picked":"Philosopher\u0027s Stone"}],"potions_floor_spawned":[7,14,16,19,24],"seed_played":"6578629971585274590","killed_by":"Slavers","ascension_level":0,"is_trial":false}