{"gold_per_floor":[114,129,129,12,12,12,42,57,132,162,127,127,146,68,68,193,193,193,193,43,43,43,43,43,43,43,43,43,43,43,43,43,43,43],"floor_reached":34,"playtime":1782,"items_purged":[],"score":418,"play_id":"653782b4-322b-49e3-9ceb-604254c9d52d","local_time":"20180711220919","daily_mods":["Allstar","Elite Swarm","Night Terrors"],"is_ascension_mode":false,"campfire_choices":[{"data":"Magnetism","floor":6,"key":"SMITH"},{"floor":15,"key":"REST"},{"data":"Machine Learning","floor":23,"key":"SMITH"},{"floor":25,"key":"REST"},{"floor":28,"key":"REST"},{"floor":32,"key":"REST"}],"neow_cost":"","seed_source_timestamp":0,"circlet_count":0,"master_deck":["Strike_B","Strike_B","Strike_B","Strike_B","Defend_B","Defend_B","Defend_B","Defend_B","Zap","Dualcast","Magnetism+1","Blind+1","Transmutation","Purity","Master of Strategy","Sweeping Beam","Capacitor","Coolheaded","Machine Learning+1","Barrage","Seek","Injury","Ball Lightning","Self Repair","Electrodynamics","Electrodynamics","Machine Learning","Leap"],"special_seed":17724,"relics":["Cracked Core","Ice Cream","Cables","Dodecahedron","Golden Idol","Ectoplasm","Bag of Preparation","Letter Opener","Tiny Chest","Bottled Tornado","Pear","Inserter"],"potions_floor_usage":[8,24,24,29,31],"damage_taken":[{"damage":0,"enemies":"Cultist","floor":1,"turns":4},{"damage":0,"enemies":"Small Slimes","floor":2,"turns":3},{"damage":53,"enemies":"Gremlin Nob","floor":7,"turns":6},{"damage":2,"enemies":"2 Louse","floor":8,"turns":3},{"damage":22,"enemies":"Lagavulin","floor":10,"turns":8},{"damage":3,"enemies":"Blue Slaver","floor":13,"turns":5},{"damage":37,"enemies":"Hexaghost","floor":16,"turns":11},{"damage":3,"enemies":"3 Byrds","floor":18,"turns":4},{"damage":5,"enemies":"Spheric Guardian","floor":21,"turns":3},{"damage":17,"enemies":"Centurion and Healer","floor":22,"turns":4},{"damage":24,"enemies":"Slavers","floor":24,"turns":3},{"damage":41,"enemies":"Book of Stabbing","floor":27,"turns":5},{"damage":42,"enemies":"Slaver and Parasite","floor":29,"turns":4},{"damage":14,"enemies":"Slavers","floor":30,"turns":2},{"damage":30,"enemies":"Snake Plant","floor":31,"turns":5},{"damage":31,"enemies":"Collector","floor":33,"turns":8}],"seed_played":"-4311942942209726919","potions_obtained":[{"floor":2,"key":"Swift Potion"},{"floor":7,"key":"AttackPotion"},{"floor":16,"key":"AttackPotion"},{"floor":19,"key":"FocusPotion"},{"floor":19,"key":"FocusPotion"},{"floor":27,"key":"Swift Potion"},{"floor":29,"key":"Regen Potion"},{"floor":30,"key":"SneckoOil"},{"floor":33,"key":"PowerPotion"}],"is_trial":false,"path_per_floor":["M","M","?","$","?","R","E","M","T","E","?","?","M","$","R","B",null,"M","?","$","M","M","R","E","R","T","E","R","M","E","M","R","B"],"character_chosen":"DEFECT","items_purchased":["Capacitor","Coolheaded","Self Repair","Bag of Preparation"],"campfire_rested":4,"item_purchase_floors":[4,4,14,20],"current_hp_per_floor":[75,75,80,80,80,80,27,25,25,3,23,23,20,20,75,45,75,75,75,75,70,53,53,29,70,70,36,65,30,26,15,70,46,70],"gold":43,"neow_bonus":"","is_prod":false,"is_daily":true,"chose_seed":false,"campfire_upgraded":2,"win_rate":0,"timestamp":1531372159,"path_taken":["M","?","?","?","?","R","E","?","T","E","?","?","M","$","R","BOSS","M","?","?","M","M","R","E","R","T","E","R","M","E","M","R","BOSS"],"build_version":"2018-07-05","purchased_purges":0,"victory":false,"max_hp_per_floor":[75,75,80,80,80,80,80,80,80,80,80,80,80,80,75,75,75,75,75,75,75,75,75,75,70,70,70,65,65,75,75,70,70,70],"card_choices":[{"not_picked":["Go for the Eyes","Steam"],"picked":"Sweeping Beam","floor":1},{"not_picked":["Hologram","Stack","Rebound"],"picked":"SKIP","floor":2},{"not_picked":["Buffer","Seek"],"picked":"Machine Learning","floor":7},{"not_picked":["Turbo","Steam"],"picked":"Barrage","floor":8},{"not_picked":["Amplify","Buffer"],"picked":"Seek","floor":10},{"not_picked":["Conserve Battery","Sweeping Beam"],"picked":"Ball Lightning","floor":13},{"not_picked":["Creative AI","Machine Learning"],"picked":"Electrodynamics","floor":16},{"not_picked":["Streamline","Sweeping Beam+1","Beam Cell"],"picked":"SKIP","floor":18},{"not_picked":["Coolheaded","Go for the Eyes","Compile Driver+1"],"picked":"SKIP","floor":21},{"not_picked":["Stack","Gash+1","Compile Driver"],"picked":"SKIP","floor":22},{"not_picked":["Creative AI","Meteor Strike"],"picked":"Electrodynamics","floor":24},{"not_picked":["Biased Cognition","Reboot"],"picked":"Machine Learning","floor":27},{"not_picked":["Hologram","Barrage"],"picked":"Leap","floor":29},{"not_picked":["Thunder Strike","Creative AI","Biased Cognition"],"picked":"SKIP","floor":30},{"not_picked":["Stack+1","Barrage","Redo+1"],"picked":"SKIP","floor":31}],"player_experience":364790,"relics_obtained":[{"floor":7,"key":"Ice Cream"},{"floor":9,"key":"Cables"},{"floor":10,"key":"Dodecahedron"},{"floor":24,"key":"Letter Opener"},{"floor":26,"key":"Tiny Chest"},{"floor":27,"key":"Bottled Tornado"},{"floor":30,"key":"Pear"}],"event_choices":[{"event_name":"Big Fish","player_choice":"Donut","floor":3,"damage_taken":0},{"event_name":"Living Wall","player_choice":"Grow","floor":5,"damage_taken":0},{"event_name":"The Cleric","player_choice":"Healed","floor":11,"damage_taken":0},{"event_name":"Golden Idol","player_choice":"Take Wound","floor":12,"damage_taken":0},{"event_name":"The Lab","player_choice":"Got Potions","floor":19,"damage_taken":0}],"boss_relics":[{"not_picked":["Black Star","Sozu"],"picked":"Ectoplasm"},{"not_picked":["White Beast Statue","Philosopher\u0027s Stone"],"picked":"Inserter"}],"items_purged_floors":[],"is_endless":false,"potions_floor_spawned":[2,7,16,27,29,30,33],"ascension_level":0}