{"gold_per_floor":[368,368,385,385,53,53,67,85,109,121,42,76,76],"floor_reached":13,"playtime":521,"items_purged":["Defend_B"],"score":102,"play_id":"845b9ed1-8924-4f04-afe6-337a73bdc41a","local_time":"20180623125118","is_ascension_mode":true,"campfire_choices":[{"floor":6,"key":"REST"}],"neow_cost":"FIFTY_PERCENT_DAMAGE","seed_source_timestamp":3313847085529,"circlet_count":0,"master_deck":["Strike_B","Strike_B","Defend_B","Defend_B","Defend_B","Zap","Dualcast","Cold Snap","Redo","Leap+1","Glacier+1","Beam Cell","Defragment","Self Repair"],"relics":["Cracked Core","Toxic Egg 2","Potion Belt","Regal Pillow"],"potions_floor_usage":[10,12],"damage_taken":[{"damage":0,"enemies":"Small Slimes","floor":1,"turns":3},{"damage":0,"enemies":"Cultist","floor":3,"turns":3},{"damage":12,"enemies":"Jaw Worm","floor":7,"turns":4},{"damage":3,"enemies":"3 Louse","floor":8,"turns":3},{"damage":35,"enemies":"Gremlin Gang","floor":10,"turns":8},{"damage":8,"enemies":"Lagavulin","floor":12,"turns":9},{"damage":12,"enemies":"Exordium Wildlife","floor":13,"turns":1}],"seed_played":"-8155893826533417095","potions_obtained":[{"floor":7,"key":"Fruit Juice"},{"floor":8,"key":"Strength Potion"}],"is_trial":false,"path_per_floor":["M","?","M","?","$","R","M","M","T","M","$","E"],"character_chosen":"DEFECT","items_purchased":["Toxic Egg 2","Defragment"],"campfire_rested":1,"item_purchase_floors":[5,11],"current_hp_per_floor":[38,38,38,38,38,60,48,45,45,15,15,7,0],"gold":76,"neow_bonus":"TWO_FIFTY_GOLD","is_prod":false,"is_daily":false,"chose_seed":false,"campfire_upgraded":0,"win_rate":0,"timestamp":1529783478,"path_taken":["M","?","M","?","$","R","M","?","T","?","?","E","?"],"build_version":"2018-06-21v2","purchased_purges":1,"victory":false,"max_hp_per_floor":[75,75,75,75,75,75,75,75,75,80,80,80,80],"card_choices":[{"not_picked":["Coolheaded","Redo"],"picked":"Cold Snap","floor":1},{"not_picked":["Gash","Hologram"],"picked":"Redo","floor":3},{"not_picked":["Steam Power+1","Barrage"],"picked":"Leap+1","floor":7},{"not_picked":["Thunder Strike","Hello World"],"picked":"Glacier+1","floor":8},{"not_picked":["Storm","Hello World"],"picked":"Beam Cell","floor":10},{"not_picked":["Go for the Eyes","Gash"],"picked":"Self Repair","floor":12}],"player_experience":322120,"relics_obtained":[{"floor":9,"key":"Potion Belt"},{"floor":12,"key":"Regal Pillow"}],"event_choices":[{"event_name":"Bonfire Elementals","player_choice":"BASIC","floor":2,"damage_taken":0},{"event_name":"Purifier","player_choice":"One Purge","floor":4,"damage_taken":0}],"boss_relics":[],"items_purged_floors":[5],"is_endless":false,"potions_floor_spawned":[7,8],"killed_by":"Exordium Wildlife","ascension_level":4}