{"gold_per_floor":[115,133,143,143,161,188,207,241,241,241,297,24,39,55,55,55],"floor_reached":16,"playtime":776,"items_purged":["Strike_G"],"score":114,"play_id":"e6e74867-b3ae-4489-a2d4-f0bf141d650e","local_time":"20190211183318","is_ascension_mode":false,"campfire_choices":[{"floor":10,"key":"REST"},{"floor":15,"key":"REST"}],"neow_cost":"NONE","seed_source_timestamp":184772494463012,"circlet_count":0,"master_deck":["Defend_G","Defend_G","Defend_G","Defend_G","Defend_G","Strike_G","Strike_G","Strike_G","Survivor","Neutralize","Endless Agony","Dodge and Roll","Backstab","Cloak And Dagger","Backflip","Quick Slash","Tactician","Backflip","Caltrops","Footwork"],"relics":["Ring of the Snake","NeowsBlessing","Dodecahedron","Pantograph","Matryoshka","Bag of Preparation","Blood Vial"],"potions_floor_usage":[8,11],"damage_taken":[{"damage":0,"enemies":"Cultist","floor":1,"turns":1},{"damage":0,"enemies":"Small Slimes","floor":2,"turns":1},{"damage":0,"enemies":"Jaw Worm","floor":3,"turns":1},{"damage":0,"enemies":"3 Louse","floor":5,"turns":3},{"damage":28,"enemies":"Gremlin Nob","floor":6,"turns":5},{"damage":0,"enemies":"Looter","floor":7,"turns":3},{"damage":53,"enemies":"Lagavulin","floor":8,"turns":12},{"damage":23,"enemies":"3 Sentries","floor":11,"turns":13},{"damage":0,"enemies":"Blue Slaver","floor":13,"turns":4},{"damage":6,"enemies":"Gremlin Gang","floor":14,"turns":5},{"damage":72,"enemies":"Slime Boss","floor":16,"turns":17}],"seed_played":"-3096264923907925957","potions_obtained":[{"floor":3,"key":"Regen Potion"},{"floor":7,"key":"FairyPotion"},{"floor":8,"key":"AttackPotion"},{"floor":11,"key":"SmokeBomb"},{"floor":13,"key":"FairyPotion"}],"is_trial":false,"path_per_floor":["M","M","M","?","M","E","M","E","T","R","?","$","M","M","R","B"],"character_chosen":"THE_SILENT","items_purchased":["Blood Vial","Backflip"],"campfire_rested":2,"item_purchase_floors":[12,12],"current_hp_per_floor":[70,70,70,70,70,42,42,4,4,25,2,2,4,7,28,0],"gold":55,"neow_bonus":"THREE_ENEMY_KILL","is_prod":false,"is_daily":false,"chose_seed":false,"campfire_upgraded":0,"win_rate":0,"timestamp":1549927998,"path_taken":["M","M","M","?","?","E","M","E","T","R","?","?","M","M","R","BOSS"],"build_version":"2019-01-23","purchased_purges":1,"victory":false,"max_hp_per_floor":[70,70,70,70,70,70,70,70,70,70,70,70,70,70,70,70],"card_choices":[{"not_picked":["Cloak And Dagger","Dagger Spray"],"picked":"Endless Agony","floor":1},{"not_picked":["Heel Hook","Bouncing Flask"],"picked":"Dodge and Roll","floor":2},{"not_picked":["Distraction","Calculated Gamble"],"picked":"Backstab","floor":3},{"not_picked":["Concentrate","Bane"],"picked":"Cloak And Dagger","floor":5},{"not_picked":["Bane","Escape Plan"],"picked":"Backflip","floor":6},{"not_picked":["Expertise","Slice","Outmaneuver"],"picked":"SKIP","floor":7},{"not_picked":["Deflect","Escape Plan"],"picked":"Quick Slash","floor":8},{"not_picked":["Dagger Throw","Quick Slash"],"picked":"Tactician","floor":11},{"not_picked":["Poisoned Stab","Storm of Steel"],"picked":"Caltrops","floor":13},{"not_picked":["Flying Knee","Prepared"],"picked":"Footwork","floor":14}],"player_experience":655841,"relics_obtained":[{"floor":6,"key":"Dodecahedron"},{"floor":8,"key":"Pantograph"},{"floor":9,"key":"Matryoshka"},{"floor":11,"key":"Bag of Preparation"}],"event_choices":[{"cards_removed":["Strike_G"],"damage_healed":0,"gold_gain":0,"player_choice":"Purged","damage_taken":0,"max_hp_gain":0,"max_hp_loss":0,"event_name":"Purifier","floor":4,"gold_loss":0},{"damage_healed":0,"gold_gain":0,"player_choice":"Searched \u00271\u0027 times","damage_taken":0,"max_hp_gain":0,"max_hp_loss":0,"event_name":"Dead Adventurer","floor":11,"gold_loss":0}],"is_beta":false,"boss_relics":[],"items_purged_floors":[12],"is_endless":false,"potions_floor_spawned":[3,7,8,11,13],"killed_by":"Slime Boss","ascension_level":0}