{"gold_per_floor":[112,129,129,129,144,144,177,177,177,204,204,223,223],"floor_reached":13,"playtime":419,"items_purged":[],"score":126,"play_id":"adcff96c-dfb9-4664-b023-843054a0911a","local_time":"20181117145634","is_ascension_mode":true,"campfire_choices":[{"data":"Dodge and Roll","floor":6,"key":"SMITH"},{"data":"Caltrops","floor":8,"key":"SMITH"},{"data":"Defend_G","floor":11,"key":"PURGE"}],"neow_cost":"NONE","seed_source_timestamp":0,"circlet_count":0,"master_deck":["Defend_G","Defend_G","Defend_G","Defend_G","Strike_G","Strike_G","Strike_G","Strike_G","Survivor","Neutralize+1","Corpse Explosion","Dodge and Roll+1","Caltrops+1","Slice","Caltrops"],"special_seed":0,"relics":["Ring of the Snake","Shuriken","Peace Pipe","Bag of Marbles"],"potions_floor_usage":[],"damage_taken":[{"damage":0,"enemies":"Cultist","floor":1,"turns":4},{"damage":0,"enemies":"2 Louse","floor":2,"turns":3},{"damage":0,"enemies":"Jaw Worm","floor":5,"turns":5},{"damage":13,"enemies":"3 Sentries","floor":7,"turns":5},{"damage":34,"enemies":"Lagavulin","floor":10,"turns":10},{"damage":0,"enemies":"Red Slaver","floor":12,"turns":4},{"damage":19,"enemies":"Large Slime","floor":13,"turns":4}],"seed_played":"5821854435872682270","potions_obtained":[{"floor":2,"key":"Ancient Potion"},{"floor":5,"key":"Energy Potion"},{"floor":10,"key":"Ancient Potion"},{"floor":12,"key":"FairyPotion"}],"is_trial":false,"path_per_floor":["M","M","?","?","M","R","E","R","T","E","R","M","M"],"character_chosen":"THE_SILENT","items_purchased":[],"campfire_rested":0,"item_purchase_floors":[],"current_hp_per_floor":[63,63,63,56,56,56,43,43,43,9,9,9,0],"gold":223,"neow_bonus":"ONE_RANDOM_RARE_CARD","is_prod":false,"is_daily":false,"chose_seed":false,"campfire_upgraded":2,"win_rate":0,"timestamp":1542484594,"path_taken":["M","M","?","?","M","R","E","R","T","E","R","M","M"],"build_version":"2018-11-15","purchased_purges":0,"victory":false,"max_hp_per_floor":[70,70,70,70,70,70,70,70,70,70,70,70,70],"card_choices":[{"not_picked":["Deadly Poison","Quick Slash"],"picked":"Dodge and Roll","floor":1},{"not_picked":["Deflect","Bane"],"picked":"Caltrops","floor":2},{"not_picked":["Acrobatics","Crippling Poison","Prepared"],"picked":"SKIP","floor":5},{"not_picked":["Masterful Stab","Catalyst"],"picked":"Slice","floor":7},{"not_picked":["Bouncing Flask","Quick Slash","Night Terror"],"picked":"SKIP","floor":10},{"not_picked":["Quick Slash","Riddle With Holes"],"picked":"Caltrops","floor":12}],"player_experience":434779,"relics_obtained":[{"floor":7,"key":"Shuriken"},{"floor":9,"key":"Peace Pipe"},{"floor":10,"key":"Bag of Marbles"}],"event_choices":[{"damage_healed":0,"gold_gain":0,"player_choice":"Grow","damage_taken":0,"max_hp_gain":0,"max_hp_loss":0,"event_name":"Living Wall","floor":3,"gold_loss":0,"cards_upgraded":["Neutralize"]},{"cards_removed":["Strike_G"],"damage_healed":0,"gold_gain":0,"player_choice":"Card Removal","damage_taken":7,"max_hp_gain":0,"max_hp_loss":0,"event_name":"Golden Wing","floor":4,"gold_loss":0}],"is_beta":true,"boss_relics":[],"items_purged_floors":[],"is_endless":false,"potions_floor_spawned":[2,5,10,12],"killed_by":"Large Slime","ascension_level":7}