{"gold_per_floor":[116,126,51,51,51,51,63,63,115,135,135,115,141,156,156,234,234,244,244,244,254,268,268,281,281,306,221,311,52,62,79,79,79],"floor_reached":33,"playtime":1617,"items_purged":["Strike_B","Strike_B"],"score":408,"play_id":"19377fa8-1fb8-49cd-a94b-007210f10483","local_time":"20180920032309","is_ascension_mode":true,"campfire_choices":[{"floor":6,"key":"REST"},{"data":"Gash","floor":8,"key":"SMITH"},{"data":"Sunder","floor":11,"key":"SMITH"},{"data":"Gash","floor":15,"key":"SMITH"},{"floor":23,"key":"REST"},{"floor":25,"key":"REST"},{"floor":32,"key":"REST"}],"neow_cost":"NONE","seed_source_timestamp":397281485681139,"circlet_count":0,"master_deck":["Defend_B","Defend_B","Defend_B","Defend_B","Zap","Dualcast+1","AscendersBane","Go for the Eyes+1","Sunder+1","Gash+1","Sunder+1","Sunder","Gash+1","Beam Cell","Echo Form","Tempest","Steam+1","White Noise+1","Reinforced Body","Scrape+1","BootSequence","Gash+1"],"relics":["Cracked Core","Oddly Smooth Stone","Bag of Marbles","Sozu","Happy Flower","Molten Egg 2"],"potions_floor_usage":[10,13,16,21],"damage_taken":[{"damage":2,"enemies":"Jaw Worm","floor":1,"turns":3},{"damage":3,"enemies":"Small Slimes","floor":2,"turns":3},{"damage":0,"enemies":"Cultist","floor":7,"turns":2},{"damage":0,"enemies":"Large Slime","floor":10,"turns":4},{"damage":10,"enemies":"3 Sentries","floor":13,"turns":4},{"damage":0,"enemies":"Looter","floor":14,"turns":1},{"damage":6,"enemies":"Slime Boss","floor":16,"turns":6},{"damage":3,"enemies":"Shell Parasite","floor":18,"turns":2},{"damage":8,"enemies":"Chosen","floor":21,"turns":2},{"damage":18,"enemies":"Snake Plant","floor":22,"turns":2},{"damage":21,"enemies":"Shelled Parasite and Fungi","floor":24,"turns":4},{"damage":7,"enemies":"Centurion and Healer","floor":30,"turns":3},{"damage":9,"enemies":"Sentry and Sphere","floor":31,"turns":4},{"damage":100,"enemies":"Automaton","floor":33,"turns":6}],"seed_played":"905784147439788205","potions_obtained":[{"floor":1,"key":"SpeedPotion"},{"floor":2,"key":"SkillPotion"},{"floor":14,"key":"Fire Potion"},{"floor":16,"key":"Energy Potion"}],"is_trial":false,"path_per_floor":["M","M","$","?","?","R","M","R","T","M","R","?","E","M","R","B",null,"M","?","?","M","M","R","M","R","T","?","?","$","M","M","R"],"character_chosen":"DEFECT","items_purchased":["Scrape+1","BootSequence"],"campfire_rested":4,"item_purchase_floors":[29,29],"current_hp_per_floor":[66,63,63,56,41,63,63,63,63,63,63,63,53,53,53,47,68,65,65,65,57,39,61,40,62,62,62,48,48,41,32,54,0],"gold":79,"neow_bonus":"UPGRADE_CARD","is_prod":false,"is_daily":false,"chose_seed":false,"campfire_upgraded":3,"win_rate":0,"timestamp":1537406589,"path_taken":["M","M","$","?","?","R","M","R","T","M","R","?","E","M","R","BOSS","M","?","?","M","?","R","M","R","T","?","?","$","M","M","R","BOSS"],"build_version":"2018-09-06","purchased_purges":2,"victory":false,"max_hp_per_floor":[75,75,75,75,75,75,75,75,75,75,75,75,75,75,75,75,75,75,75,75,75,75,75,75,75,75,75,75,75,75,75,75,75],"card_choices":[{"not_picked":["Blizzard","Genetic Algorithm"],"picked":"Go for the Eyes","floor":1},{"not_picked":["Compile Driver","Chaos"],"picked":"Sunder","floor":2},{"not_picked":["Go for the Eyes","Stack"],"picked":"Gash","floor":7},{"not_picked":["Stack","Steam"],"picked":"Sunder","floor":10},{"not_picked":["Streamline","Aggregate"],"picked":"Sunder","floor":13},{"not_picked":["Storm","Chaos"],"picked":"Gash","floor":14},{"not_picked":["Double Energy","Redo"],"picked":"Beam Cell","floor":18},{"not_picked":["Cold Snap","Compile Driver+1"],"picked":"Steam+1","floor":21},{"not_picked":["Coolheaded","Turbo"],"picked":"White Noise+1","floor":22},{"not_picked":["Static Discharge","Stack"],"picked":"Reinforced Body","floor":24},{"not_picked":["Rebound+1","Hologram"],"picked":"Gash+1","floor":30},{"not_picked":["Compile Driver+1","Skim","Redo"],"picked":"SKIP","floor":31}],"player_experience":438515,"relics_obtained":[{"floor":9,"key":"Oddly Smooth Stone"},{"floor":13,"key":"Bag of Marbles"},{"floor":26,"key":"Happy Flower"}],"event_choices":[{"event_name":"Golden Wing","player_choice":"Card Removal","floor":4,"damage_taken":0},{"event_name":"Shining Light","player_choice":"Entered Light","floor":5,"damage_taken":0},{"event_name":"World of Goop","player_choice":"Left","floor":12,"damage_taken":0},{"event_name":"Match and Keep!","player_choice":"2 cards matched","floor":19,"damage_taken":0},{"event_name":"Back to Basics","player_choice":"Elegance","floor":20,"damage_taken":0},{"event_name":"Addict","player_choice":"Obtained Relic","floor":27,"damage_taken":0},{"event_name":"Knowing Skull","player_choice":"GOLD ","floor":28,"damage_taken":0}],"is_beta":false,"boss_relics":[{"not_picked":["Inserter","Runic Pyramid"],"picked":"Sozu"}],"items_purged_floors":[3,29],"is_endless":false,"potions_floor_spawned":[1,2,14,16,21,31],"killed_by":"Automaton","ascension_level":13}