{"path_per_floor":["M","M","M","?","?","R","E","M","T","?","M","$","M","M","R","B",null,"M","?","?","M","M","R","E","$","T","E","M","?","T","M","R","B",null,"M","M","M","$","?","E","R","E","T","E","R","?","M","M","R"],"character_chosen":"IRONCLAD","items_purchased":["Feel No Pain","Seeing Red","Sentinel","Strength Potion","Lee\u0027s Waffle","Shrug It Off"],"gold_per_floor":[118,138,148,98,68,68,97,112,163,163,177,26,39,52,52,155,155,172,87,87,97,112,112,145,17,40,66,80,80,105,118,118,213,213,229,248,261,15,15,46,46,81,81,111,111,0,18,29,29,29],"floor_reached":50,"campfire_rested":6,"playtime":2798,"current_hp_per_floor":[80,80,68,68,68,68,57,47,47,47,34,34,34,34,73,36,80,76,76,76,56,38,77,41,41,41,31,18,44,44,40,79,47,80,76,60,17,87,87,60,87,59,59,18,59,59,50,42,83,0],"items_purged":[],"gold":29,"score":709,"play_id":"f325f7db-fb03-4615-b83a-7db1bb3f5a29","local_time":"20180331170609","is_prod":false,"is_daily":false,"is_ascension_mode":true,"campfire_upgraded":1,"timestamp":1522508769,"path_taken":["M","?","M","?","?","R","E","M","T","?","M","?","M","M","R","BOSS","M","?","?","M","M","R","E","$","T","E","?","?","?","?","R","BOSS","M","?","M","$","?","E","R","E","T","E","R","?","M","?","R","BOSS"],"build_version":"2018-03-29v2","purchased_purges":1,"victory":false,"master_deck":["Bash","Shrug It Off","Pommel Strike","Rage","Demon Form","Anger","Spot Weakness","Corruption","Havoc","Whirlwind","Headbutt","Armaments+1","Warcry","Limit Break","Feel No Pain","Seeing Red","Carnage","Offering","Warcry","Heavy Blade","Shrug It Off","Feel No Pain","Evolve","Ghostly Armor","Pommel Strike+1","Sentinel","Burning Pact","Feel No Pain","Combust+1","Barricade","Havoc","Shrug It Off","Brutality","Carnage","Seeing Red+1","Corruption+1"],"max_hp_per_floor":[80,80,80,80,80,80,80,80,80,80,80,80,80,80,80,80,80,80,80,80,80,80,80,80,80,80,80,80,80,80,80,80,80,80,80,80,80,87,87,87,87,87,87,87,87,87,87,87,87,87],"relics":["Pandora\u0027s Box","Bronze Scales","Regal Pillow","Orrery","Blue Candle","Mummified Hand","Prayer Wheel","Letter Opener","Bag of Marbles","Runic Pyramid","Lee\u0027s Waffle","Dodecahedron","Red Skull","Bag of Preparation","Girya","Question Card","Red Mask"],"card_choices":[{"not_picked":["True Grit","Hemokinesis"],"picked":"Whirlwind","floor":1},{"not_picked":["Heavy Blade","Sword Boomerang"],"picked":"Headbutt","floor":2},{"not_picked":["Blood for Blood","Body Slam"],"picked":"Armaments","floor":3},{"not_picked":["Iron Wave","Spot Weakness"],"picked":"Warcry","floor":7},{"not_picked":["Sword Boomerang","Rage"],"picked":"Limit Break","floor":8},{"not_picked":["Iron Wave","Clash"],"picked":"Carnage","floor":14},{"not_picked":["Brutality","Immolate"],"picked":"Offering","floor":16},{"not_picked":["Sword Boomerang","Shrug It Off"],"picked":"Warcry","floor":17},{"not_picked":["Headbutt","Wild Strike"],"picked":"Heavy Blade","floor":17},{"not_picked":["Carnage","Anger"],"picked":"Shrug It Off","floor":17},{"not_picked":["Clash","Corruption"],"picked":"Feel No Pain","floor":17},{"not_picked":["Entrench","Perfected Strike"],"picked":"Evolve","floor":18},{"not_picked":["Blood for Blood","Thunderclap"],"picked":"Ghostly Armor","floor":21},{"not_picked":["Headbutt","Hemokinesis"],"picked":"Pommel Strike","floor":22},{"not_picked":["Twin Strike","Body Slam"],"picked":"Burning Pact","floor":27},{"not_picked":["Clash","Twin Strike"],"picked":"Feel No Pain","floor":30},{"not_picked":["Heavy Blade","Searing Blow"],"picked":"Combust","floor":31},{"not_picked":["Demon Form","Impervious"],"picked":"Barricade","floor":33},{"not_picked":["Heavy Blade","Pommel Strike"],"picked":"Havoc","floor":35},{"not_picked":["Disarm","Second Wind"],"picked":"Brutality","floor":40},{"not_picked":["Headbutt","Thunderclap"],"picked":"Carnage","floor":42},{"not_picked":["Thunderclap","Havoc","Rage"],"picked":"Seeing Red","floor":47},{"not_picked":["Burning Pact","Whirlwind","Pommel Strike"],"picked":"Corruption","floor":48}],"player_experience":171092,"potions_floor_usage":[7,16,16,33,37,40,44,48,50,50,50],"damage_taken":[{"damage":0,"enemies":"Cultist","floor":1,"turns":3},{"damage":0,"enemies":"2 Louse","floor":2,"turns":1},{"damage":12,"enemies":"Jaw Worm","floor":3,"turns":4},{"damage":11,"enemies":"3 Sentries","floor":7,"turns":3},{"damage":10,"enemies":"Blue Slaver","floor":8,"turns":3},{"damage":13,"enemies":"Exordium Thugs","floor":11,"turns":4},{"damage":0,"enemies":"3 Louse","floor":13,"turns":3},{"damage":0,"enemies":"2 Fungi Beasts","floor":14,"turns":3},{"damage":37,"enemies":"Hexaghost","floor":16,"turns":6},{"damage":4,"enemies":"Chosen","floor":18,"turns":5},{"damage":20,"enemies":"2 Thieves","floor":21,"turns":3},{"damage":18,"enemies":"Cultist and Chosen","floor":22,"turns":4},{"damage":36,"enemies":"Gremlin Leader","floor":24,"turns":5},{"damage":10,"enemies":"Book of Stabbing","floor":27,"turns":4},{"damage":13,"enemies":"Centurion and Healer","floor":28,"turns":2},{"damage":4,"enemies":"3 Cultists","floor":31,"turns":1},{"damage":32,"enemies":"Collector","floor":33,"turns":6},{"damage":4,"enemies":"Orb Walker","floor":35,"turns":3},{"damage":16,"enemies":"3 Shapes","floor":36,"turns":4},{"damage":55,"enemies":"Sphere and 2 Shapes","floor":37,"turns":4},{"damage":27,"enemies":"2 Orb Walkers","floor":40,"turns":5},{"damage":28,"enemies":"Nemesis","floor":42,"turns":5},{"damage":41,"enemies":"2 Orb Walkers","floor":44,"turns":4},{"damage":9,"enemies":"4 Shapes","floor":47,"turns":4},{"damage":8,"enemies":"Maw","floor":48,"turns":6},{"damage":88,"enemies":"Awakened One","floor":50,"turns":8}],"event_choices":[{"event_name":"The Cleric","player_choice":"Card Removal","floor":4,"damage_taken":0},{"event_name":"The Woman in Blue","player_choice":"Bought 2 Potions","floor":5,"damage_taken":0},{"event_name":"Golden Idol","player_choice":"Ignored","floor":10,"damage_taken":0},{"event_name":"Addict","player_choice":"Obtained Relic","floor":19,"damage_taken":0},{"event_name":"Vampires","player_choice":"Ignored","floor":20,"damage_taken":0},{"event_name":"The Library","player_choice":"Heal","floor":29,"damage_taken":0},{"event_name":"Wheel of Change","player_choice":"Relic","floor":39,"damage_taken":0},{"event_name":"Tomb of Lord Red Mask","player_choice":"Paid","floor":46,"damage_taken":0}],"boss_relics":[{"not_picked":["Mark of Pain","Ectoplasm"],"picked":"Orrery"},{"not_picked":["Calling Bell","White Beast Statue"],"picked":"Runic Pyramid"}],"potions_floor_spawned":[2,11,13,14,28,31,33,40,42,44,48],"seed_played":"3204027996365849746","killed_by":"Awakened One","ascension_level":2,"is_trial":false}