{"gold_per_floor":[360,370,370,382,394,406,450,537,572,598,70,20,20,52,52,124,124,134,134,154,172,272,282,282,293,293,293],"floor_reached":27,"playtime":1044,"items_purged":["Strike_R"],"score":401,"play_id":"1b0afedd-9921-47d2-9316-d5c2dd7b3ba1","local_time":"20181101234443","is_ascension_mode":true,"campfire_choices":[{"data":"Anger","floor":6,"key":"SMITH"},{"data":"True Grit","floor":13,"key":"SMITH"},{"floor":15,"key":"REST"},{"floor":24,"key":"REST"}],"neow_cost":"TEN_PERCENT_HP_LOSS","seed_source_timestamp":539529386077252,"circlet_count":0,"master_deck":["AscendersBane","Strike_R","Strike_R","Strike_R","Defend_R","Defend_R","Defend_R","Defend_R","Bash","Anger+1","Uppercut+1","True Grit+1","Demon Form","Pommel Strike","Metallicize","Impervious"],"relics":["Burning Blood","Question Card","Regal Pillow","Toolbox","Pen Nib","Singing Bowl","Fusion Hammer","Nloth\u0027s Gift","Mango","Ornamental Fan","The Courier"],"potions_floor_usage":[11,14,22,22,25,27],"damage_taken":[{"damage":4,"enemies":"Jaw Worm","floor":1,"turns":4},{"damage":0,"enemies":"2 Louse","floor":2,"turns":3},{"damage":35,"enemies":"3 Sentries","floor":7,"turns":7},{"damage":0,"enemies":"Small Slimes","floor":10,"turns":3},{"damage":25,"enemies":"Gremlin Nob","floor":14,"turns":4},{"damage":40,"enemies":"The Guardian","floor":16,"turns":9},{"damage":12,"enemies":"Shell Parasite","floor":18,"turns":4},{"damage":0,"enemies":"Chosen","floor":20,"turns":4},{"damage":12,"enemies":"Snake Plant","floor":21,"turns":4},{"damage":19,"enemies":"Colosseum Slavers","floor":22,"turns":4},{"damage":42,"enemies":"Colosseum Nobs","floor":22,"turns":5},{"damage":30,"enemies":"Chosen and Byrds","floor":23,"turns":6},{"damage":51,"enemies":"Cultist and Chosen","floor":25,"turns":7},{"damage":27,"enemies":"Book of Stabbing","floor":27,"turns":3}],"seed_played":"3923379525534092373","potions_obtained":[{"floor":2,"key":"SteroidPotion"},{"floor":14,"key":"BloodPotion"},{"floor":20,"key":"AttackPotion"},{"floor":23,"key":"BloodPotion"},{"floor":25,"key":"Strength Potion"}],"is_trial":false,"path_per_floor":["M","M","?","$","?","R","E","?","T","M","$","?","R","E","R","B",null,"M","?","M","M","?","M","R","M","T","E"],"character_chosen":"IRONCLAD","items_purchased":["Toolbox","Fruit Juice","Pen Nib"],"campfire_rested":2,"item_purchase_floors":[11,11,11],"current_hp_per_floor":[68,68,65,65,65,65,36,25,25,31,36,36,36,19,56,22,62,58,58,64,58,32,8,50,16,16,0],"gold":293,"neow_bonus":"TWO_FIFTY_GOLD","is_prod":false,"is_daily":false,"chose_seed":false,"campfire_upgraded":2,"win_rate":0,"timestamp":1541112283,"path_taken":["M","M","?","$","?","R","E","?","T","M","$","?","R","E","R","BOSS","M","?","M","?","?","M","R","M","T","E"],"build_version":"2018-11-01","purchased_purges":1,"victory":false,"max_hp_per_floor":[68,68,68,68,68,68,68,68,68,68,73,73,73,75,75,75,75,77,77,77,77,93,93,93,95,95,95],"card_choices":[{"not_picked":["True Grit","Inflame"],"picked":"Anger","floor":1},{"not_picked":["Shrug It Off","Twin Strike"],"picked":"Uppercut","floor":2},{"not_picked":["Wild Strike","Sword Boomerang","Hemokinesis"],"picked":"SKIP","floor":7},{"not_picked":["Havoc","Iron Wave","Anger"],"picked":"True Grit","floor":10},{"not_picked":["Rupture","Flex","Body Slam","Searing Blow"],"picked":"Singing Bowl","floor":14},{"not_picked":["Reaper","Barricade","Berserk"],"picked":"Demon Form","floor":16},{"not_picked":["Anger","Cleave","Flex","Blood for Blood"],"picked":"Singing Bowl","floor":18},{"not_picked":["Sever Soul","Wild Strike","Intimidate"],"picked":"Pommel Strike","floor":20},{"not_picked":["Sword Boomerang","Pummel","Carnage"],"picked":"Metallicize","floor":21},{"not_picked":["Blood for Blood","Hemokinesis","Thunderclap","Limit Break"],"picked":"Singing Bowl","floor":22},{"not_picked":["Intimidate","Sword Boomerang","Havoc+1"],"picked":"Impervious","floor":23},{"not_picked":["Havoc","Sword Boomerang","True Grit","Iron Wave"],"picked":"Singing Bowl","floor":25}],"player_experience":295511,"relics_obtained":[{"floor":7,"key":"Question Card"},{"floor":9,"key":"Regal Pillow"},{"floor":14,"key":"Singing Bowl"},{"floor":22,"key":"Mango"},{"floor":22,"key":"Ornamental Fan"},{"floor":26,"key":"The Courier"}],"event_choices":[{"damage_healed":0,"gold_gain":0,"player_choice":"Success","damage_taken":3,"relics_obtained":["MawBank"],"max_hp_gain":0,"max_hp_loss":0,"event_name":"Scrap Ooze","floor":3,"gold_loss":0},{"damage_healed":0,"gold_gain":0,"player_choice":"Grow","damage_taken":0,"max_hp_gain":0,"max_hp_loss":0,"event_name":"Living Wall","floor":5,"gold_loss":0,"cards_upgraded":["Uppercut"]},{"damage_healed":0,"gold_gain":75,"player_choice":"Gather Gold","damage_taken":11,"max_hp_gain":0,"max_hp_loss":0,"event_name":"World of Goop","floor":8,"gold_loss":0},{"cards_removed":["Strike_R"],"damage_healed":0,"gold_gain":0,"player_choice":"Card Removal","damage_taken":0,"max_hp_gain":0,"max_hp_loss":0,"event_name":"The Cleric","floor":12,"gold_loss":50},{"damage_healed":0,"gold_gain":0,"player_choice":"Traded Relic","damage_taken":0,"relics_obtained":["Nloth\u0027s Gift"],"max_hp_gain":0,"max_hp_loss":0,"event_name":"N\u0027loth","floor":19,"relics_lost":["MawBank"],"gold_loss":0},{"damage_healed":0,"gold_gain":0,"player_choice":"Fight","damage_taken":0,"max_hp_gain":0,"max_hp_loss":0,"event_name":"Colosseum","floor":22,"gold_loss":0},{"damage_healed":0,"gold_gain":0,"player_choice":"Fought Nobs","damage_taken":0,"max_hp_gain":0,"max_hp_loss":0,"event_name":"Colosseum","floor":22,"gold_loss":0}],"is_beta":true,"boss_relics":[{"not_picked":["Empty Cage","Cursed Key"],"picked":"Fusion Hammer"}],"items_purged_floors":[11],"is_endless":false,"potions_floor_spawned":[2,14,20,22,23,25],"killed_by":"Book of Stabbing","ascension_level":14}