{"path_per_floor":["M","?","M","M","?","R","M","M","T","E","M","M","?","E","R","B",null,"M","?","?","T","?","E","R","M","T","M","R","$","M","M","R","B",null,"M","?","?","M","M","R","M","M","T","?","?","R","M","M","R","B"],"character_chosen":"THE_SILENT","items_purchased":[],"gold_per_floor":[99,99,99,99,99,99,99,99,99,99,99,69,34,34,34,34,34,0,0,0,0,0,0,0,0,0,0,0,0,0,0,0,0,0,0,0,0,0,0,0,0,0,0,0,0,0,0,0,0,0],"floor_reached":51,"campfire_rested":4,"playtime":3165,"current_hp_per_floor":[63,63,63,63,63,63,62,56,56,49,48,46,63,61,61,32,61,30,30,53,67,67,53,53,42,42,41,66,66,58,58,83,57,77,55,55,55,53,37,62,61,31,31,52,52,52,35,32,57,46],"items_purged":[],"gold":0,"score":905,"play_id":"5c18e00a-dc46-4969-b373-258242a65ce0","local_time":"20180406105710","is_prod":false,"is_daily":false,"is_ascension_mode":true,"campfire_upgraded":4,"timestamp":1523005030,"path_taken":["M","?","M","M","?","R","M","?","T","E","M","M","?","E","R","BOSS","M","?","?","?","?","E","R","?","T","M","R","?","M","M","R","BOSS","M","?","?","M","?","R","M","M","T","?","?","R","M","M","R","BOSS"],"build_version":"2018-04-05v2","purchased_purges":0,"victory":true,"master_deck":["Defend_G+1","Defend_G+1","Defend_G+1","Defend_G+1","Defend_G+1","Strike_G+1","Survivor","Neutralize+1","Malaise+1","Dagger Spray+1","Flying Knee","Blur","Calculated Gamble+1","Slice+1","Glass Knife+1","Night Terror+1","Heel Hook+1","Outmaneuver+1","Expertise+1","Calculated Gamble+1","PiercingWail+1","Distraction","Backflip","Dagger Throw","Unload","Concentrate+1","Backflip+1","Venomology","Prepared+1","Dodge and Roll+1","Writhe","Blur+1","Expertise+1"],"max_hp_per_floor":[70,70,70,70,70,70,70,70,70,70,70,70,70,70,70,70,70,70,70,70,84,84,84,84,84,84,84,84,84,84,84,84,84,84,84,84,84,84,84,84,84,84,84,84,84,84,84,84,84,84],"relics":["Ectoplasm","Torii","Tingsha","Letter Opener","Astrolabe","Mango","Whetstone","The Specimen","Orrery","Red Mask","Ornamental Fan"],"card_choices":[{"not_picked":["Dagger Throw","Sucker Punch"],"picked":"Malaise","floor":1},{"not_picked":["Poisoned Stab","Eviscerate"],"picked":"Dagger Spray","floor":3},{"not_picked":["Heel Hook","Backflip"],"picked":"Flying Knee","floor":4},{"not_picked":["Sucker Punch","Deadly Poison"],"picked":"Blur","floor":7},{"not_picked":["Endless Agony","Dash"],"picked":"Calculated Gamble","floor":10},{"not_picked":["Footwork","Quick Slash"],"picked":"Slice","floor":12},{"not_picked":["Night Terror","Grand Finale"],"picked":"Glass Knife","floor":16},{"not_picked":["Accuracy","Underhanded Strike"],"picked":"Expertise","floor":18},{"not_picked":["Dodge and Roll","Prepared"],"picked":"PiercingWail","floor":23},{"not_picked":["Poisoned Stab","Finisher"],"picked":"Distraction","floor":25},{"not_picked":["Dagger Spray","Deadly Poison"],"picked":"Backflip","floor":27},{"not_picked":["Sucker Punch","Choke"],"picked":"Dagger Throw","floor":31},{"not_picked":["Storm of Steel","Adrenaline"],"picked":"Unload","floor":33},{"not_picked":["Deadly Poison","All Out Attack"],"picked":"Concentrate","floor":34},{"not_picked":["Poisoned Stab","Noxious Fumes"],"picked":"Backflip","floor":34},{"not_picked":["Infinite Blades","Outmaneuver"],"picked":"Venomology","floor":38},{"not_picked":["Bane","Well Laid Plans"],"picked":"Prepared","floor":41},{"not_picked":["Accuracy","Flying Knee"],"picked":"Dodge and Roll","floor":42},{"not_picked":["Slice","Eviscerate"],"picked":"Blur","floor":47},{"not_picked":["Corpse Explosion","Dodge and Roll"],"picked":"Expertise","floor":48}],"player_experience":245830,"potions_floor_usage":[7,8,10,10,14,16,31,33,41,48,50,50,50,50],"damage_taken":[{"damage":0,"enemies":"Jaw Worm","floor":1,"turns":4},{"damage":0,"enemies":"Cultist","floor":3,"turns":6},{"damage":0,"enemies":"Small Slimes","floor":4,"turns":4},{"damage":1,"enemies":"Gremlin Gang","floor":7,"turns":4},{"damage":6,"enemies":"Exordium Thugs","floor":8,"turns":7},{"damage":7,"enemies":"Gremlin Nob","floor":10,"turns":5},{"damage":1,"enemies":"Lots of Slimes","floor":11,"turns":3},{"damage":2,"enemies":"Looter","floor":12,"turns":3},{"damage":2,"enemies":"Lagavulin","floor":14,"turns":9},{"damage":29,"enemies":"Slime Boss","floor":16,"turns":9},{"damage":31,"enemies":"2 Thieves","floor":18,"turns":5},{"damage":14,"enemies":"Book of Stabbing","floor":23,"turns":5},{"damage":11,"enemies":"Spheric Guardian","floor":25,"turns":3},{"damage":1,"enemies":"Centurion and Healer","floor":27,"turns":6},{"damage":8,"enemies":"Cultist and Chosen","floor":30,"turns":6},{"damage":15,"enemies":"Snecko","floor":31,"turns":6},{"damage":26,"enemies":"Collector","floor":33,"turns":8},{"damage":22,"enemies":"3 Shapes","floor":35,"turns":4},{"damage":2,"enemies":"Orb Walker","floor":38,"turns":3},{"damage":16,"enemies":"Maw","floor":39,"turns":8},{"damage":1,"enemies":"Sphere and 2 Shapes","floor":41,"turns":3},{"damage":30,"enemies":"3 Darklings","floor":42,"turns":3},{"damage":17,"enemies":"4 Shapes","floor":47,"turns":3},{"damage":3,"enemies":"Sphere and 2 Shapes","floor":48,"turns":7},{"damage":26,"enemies":"Awakened One","floor":50,"turns":23}],"event_choices":[{"event_name":"The Lab","player_choice":"Got Potions","floor":2,"damage_taken":0},{"event_name":"Accursed Blacksmith","player_choice":"Forge","floor":5,"damage_taken":0},{"event_name":"The Cleric","player_choice":"Healed","floor":13,"damage_taken":0},{"event_name":"Duplicator","player_choice":"One dupe","floor":19,"damage_taken":0},{"event_name":"The Library","player_choice":"Heal","floor":20,"damage_taken":0},{"event_name":"Back to Basics","player_choice":"Simplicity","floor":22,"damage_taken":0},{"event_name":"Purifier","player_choice":"One Purge","floor":36,"damage_taken":0},{"event_name":"Tomb of Lord Red Mask","player_choice":"Paid","floor":37,"damage_taken":0},{"event_name":"Winding Halls","player_choice":"Writhe","floor":44,"damage_taken":0},{"event_name":"Upgrade Shrine","player_choice":"Upgraded","floor":45,"damage_taken":0}],"boss_relics":[{"not_picked":["Snecko Eye","Pandora\u0027s Box"],"picked":"Astrolabe"},{"not_picked":["Cursed Key","Black Star"],"picked":"Orrery"}],"potions_floor_spawned":[3,7,10,11,23,30,33,41,47],"seed_played":"3929720826429954841","ascension_level":7,"is_trial":false}