{"path_per_floor":["M","?","M","M","M","R","E","R","T","E","T","M","R","?","R","B",null,"M","$","M","?","$","R","E","R","T","E","?","M","R","$","R","B",null,"M","M","M","?"],"character_chosen":"DEFECT","items_purchased":["Apotheosis","Gremlin Horn","Conserve Battery"],"gold_per_floor":[209,209,227,244,260,260,285,285,285,320,347,359,359,359,359,455,455,465,24,40,40,40,40,75,75,75,101,101,116,116,70,70,171,201,216,232,242,287,287],"floor_reached":39,"campfire_rested":4,"playtime":2036,"item_purchase_floors":[19,19,31],"current_hp_per_floor":[73,73,72,72,65,65,47,69,69,66,66,54,54,47,69,40,75,71,71,60,60,60,60,32,54,64,41,41,35,75,75,75,54,90,69,65,65,12,0],"items_purged":[],"gold":287,"score":516,"play_id":"46e04aa6-00c4-42af-9496-32d1e3dae14f","local_time":"20180530154649","is_prod":false,"is_daily":false,"chose_seed":false,"is_ascension_mode":true,"campfire_upgraded":4,"win_rate":0,"timestamp":1527720409,"campfire_choices":[{"data":"Zap","floor":6,"key":"SMITH"},{"floor":8,"key":"REST"},{"data":"Capacitor","floor":13,"key":"SMITH"},{"floor":15,"key":"REST"},{"data":"Apotheosis","floor":23,"key":"SMITH"},{"floor":25,"key":"REST"},{"floor":30,"key":"REST"},{"data":"Coolheaded","floor":32,"key":"SMITH"}],"path_taken":["M","?","M","M","?","R","E","R","T","E","?","?","R","?","R","BOSS","M","$","M","?","?","R","E","R","T","E","?","?","R","$","R","BOSS","M","M","M","?","M"],"build_version":"2018-05-29","seed_source_timestamp":164500722871703,"purchased_purges":0,"victory":false,"master_deck":["Strike_B+1","Strike_B+1","Defend_B+1","Defend_B+1","Defend_B+1","Zap+1","Dualcast+1","Coolheaded+1","Capacitor+1","Glacier","Cold Snap","Ball Lightning","Streamline","Tempest","Sweeping Beam","Apotheosis+1","Consume","Darkness+1","Glacier","Coolheaded","Ball Lightning+1","Conserve Battery","Fission","Coolheaded+1","Darkness+1","Cold Snap"],"max_hp_per_floor":[75,75,75,75,75,75,75,75,75,75,75,75,75,75,75,75,75,75,75,75,75,75,75,75,75,85,85,85,85,85,85,85,85,90,90,90,90,90,90],"relics":["Cracked Core","DataDisk","Vajra","Kunai","Dream Catcher","Sozu","Gremlin Horn","Happy Flower","Pear","Regal Pillow","Tiny House","Unceasing Top"],"card_choices":[{"not_picked":["Genetic Algorithm","BootSequence"],"picked":"Coolheaded","floor":1},{"not_picked":["Double Energy","Lockon"],"picked":"Capacitor","floor":3},{"not_picked":["FTL","Beam Cell"],"picked":"Glacier","floor":4},{"not_picked":["Barrage","Hologram"],"picked":"Cold Snap","floor":5},{"not_picked":["Amplify","Aggregate"],"picked":"Ball Lightning","floor":7},{"not_picked":["Biased Cognition","Turbo","Recycle"],"picked":"SKIP","floor":10},{"not_picked":["BootSequence","FTL"],"picked":"Streamline","floor":12},{"not_picked":["Blizzard","Skim"],"picked":"Tempest","floor":15},{"not_picked":["Undo+1","FTL"],"picked":"Sweeping Beam","floor":18},{"not_picked":["Reinforced Body+1","Force Field"],"picked":"Consume","floor":20},{"not_picked":["Compile Driver+1","Undo"],"picked":"Darkness+1","floor":24},{"not_picked":["Recycle","Coolheaded"],"picked":"Glacier","floor":25},{"not_picked":["Steam Power","Doom and Gloom"],"picked":"Coolheaded","floor":27},{"not_picked":["Steam","Rip and Tear","Heatsinks"],"picked":"SKIP","floor":29},{"not_picked":["Hello World","Melter"],"picked":"Ball Lightning+1","floor":30},{"not_picked":["All For One","Creative AI"],"picked":"Fission","floor":33},{"not_picked":["Sweeping Beam","Rip and Tear"],"picked":"Coolheaded+1","floor":34},{"not_picked":["Turbo","Storm","Aggregate"],"picked":"SKIP","floor":35},{"not_picked":["Hologram","Ball Lightning"],"picked":"Darkness+1","floor":36},{"not_picked":["Cold Snap","Recycle","Compile Driver+1"],"picked":"SKIP","floor":37},{"not_picked":["Skim+1","Steam"],"picked":"Cold Snap","floor":38}],"player_experience":136839,"potions_floor_usage":[7,7,20,27],"damage_taken":[{"damage":2,"enemies":"Jaw Worm","floor":1,"turns":3},{"damage":1,"enemies":"Cultist","floor":3,"turns":3},{"damage":0,"enemies":"2 Louse","floor":4,"turns":2},{"damage":7,"enemies":"Exordium Wildlife","floor":5,"turns":5},{"damage":18,"enemies":"Gremlin Nob","floor":7,"turns":5},{"damage":3,"enemies":"Lagavulin","floor":10,"turns":7},{"damage":12,"enemies":"Lots of Slimes","floor":12,"turns":3},{"damage":29,"enemies":"Hexaghost","floor":16,"turns":8},{"damage":4,"enemies":"Spheric Guardian","floor":18,"turns":4},{"damage":11,"enemies":"2 Thieves","floor":20,"turns":3},{"damage":28,"enemies":"Gremlin Leader","floor":24,"turns":5},{"damage":23,"enemies":"Slavers","floor":27,"turns":4},{"damage":6,"enemies":"Snake Plant","floor":29,"turns":3},{"damage":21,"enemies":"Automaton","floor":33,"turns":8},{"damage":21,"enemies":"3 Shapes","floor":35,"turns":4},{"damage":4,"enemies":"Orb Walker","floor":36,"turns":4},{"damage":0,"enemies":"Flame Bruiser 2 Orb","floor":37,"turns":4},{"damage":53,"enemies":"Mysterious Sphere","floor":38,"turns":6},{"damage":37,"enemies":"4 Shapes","floor":39,"turns":3}],"relics_obtained":[{"floor":7,"key":"DataDisk"},{"floor":9,"key":"Vajra"},{"floor":10,"key":"Kunai"},{"floor":11,"key":"Dream Catcher"},{"floor":24,"key":"Happy Flower"},{"floor":26,"key":"Pear"},{"floor":27,"key":"Regal Pillow"},{"floor":38,"key":"Unceasing Top"}],"event_choices":[{"event_name":"Purifier","player_choice":"One Purge","floor":2,"damage_taken":0},{"event_name":"Golden Wing","player_choice":"Card Removal","floor":14,"damage_taken":0},{"event_name":"Purifier","player_choice":"One Purge","floor":21,"damage_taken":0},{"event_name":"Back to Basics","player_choice":"Simplicity","floor":28,"damage_taken":0},{"event_name":"Mysterious Sphere","player_choice":"Fight","floor":38,"damage_taken":0}],"boss_relics":[{"not_picked":["Astrolabe","Pandora\u0027s Box"],"picked":"Sozu"},{"not_picked":["Orrery","Lizard Tail"],"picked":"Tiny House"}],"items_purged_floors":[],"potions_floor_spawned":[4,5,7,10,20,24,35,36],"seed_played":"1202443788302879300","killed_by":"4 Shapes","ascension_level":3,"potions_obtained":[{"floor":4,"key":"AttackPotion"},{"floor":5,"key":"Weak Potion"},{"floor":7,"key":"FearPotion"},{"floor":10,"key":"Fire Potion"}],"is_trial":false}