{"gold_per_floor":[109,129,129,148,164,164,164,180,180,213,233,262,282,300,300,405,405,423,423,433,446,130,130,165,165,215,242,273,285,314,342,354,468,480,502,514,13,23,23],"floor_reached":39,"playtime":1541,"items_purged":["Strike_G","Strike_G"],"score":717,"play_id":"759de124-83e6-4cc6-8289-2fe9643adcdb","local_time":"20181207014312","is_ascension_mode":true,"campfire_choices":[{"data":"Predator","floor":6,"key":"SMITH"},{"floor":15,"key":"REST"},{"data":"After Image","floor":23,"key":"SMITH"},{"data":"Terror","floor":25,"key":"SMITH"},{"data":"Doppelganger","floor":32,"key":"SMITH"}],"neow_cost":"NONE","seed_source_timestamp":475686323089751,"circlet_count":0,"master_deck":["Defend_G","Defend_G","Defend_G","Defend_G","Defend_G","Strike_G","Strike_G","Survivor","Neutralize+1","Quick Slash","Escape Plan","Predator+1","Predator+1","Sucker Punch+1","Dash+1","After Image","After Image+1","Dagger Spray+1","Backstab+1","Escape Plan","Terror+1","Dagger Throw+1","Well Laid Plans","Doppelganger+1","Phantasmal Killer","Caltrops+1","Bullet Time","Sucker Punch+1","Noxious Fumes+1","Footwork","Enlightenment","Well Laid Plans+1"],"special_seed":0,"relics":["Ring of the Snake","Molten Egg 2","Nunchaku","Blue Candle","Philosopher\u0027s Stone","Paper Crane","Strawberry","Oddly Smooth Stone","MawBank","Orrery","GremlinMask","Ornamental Fan"],"potions_floor_usage":[10,12,12,16,24,24,27,33,39],"damage_taken":[{"damage":3.0,"enemies":"Jaw Worm","floor":1.0,"turns":4.0},{"damage":0.0,"enemies":"2 Louse","floor":2.0,"turns":2.0},{"damage":0,"enemies":"Cultist","floor":4,"turns":4},{"damage":19,"enemies":"Lots of Slimes","floor":5,"turns":7},{"damage":7,"enemies":"Red Slaver","floor":8,"turns":3},{"damage":12,"enemies":"Lagavulin","floor":10,"turns":5},{"damage":0,"enemies":"2 Fungi Beasts","floor":11,"turns":3},{"damage":4,"enemies":"3 Sentries","floor":12,"turns":6},{"damage":9,"enemies":"Lots of Slimes","floor":13,"turns":3},{"damage":0,"enemies":"Exordium Wildlife","floor":14,"turns":2},{"damage":0,"enemies":"Slime Boss","floor":16,"turns":11},{"damage":6,"enemies":"Chosen","floor":18,"turns":5},{"damage":0,"enemies":"Shell Parasite","floor":20,"turns":6},{"damage":2,"enemies":"Snake Plant","floor":21,"turns":3},{"damage":9,"enemies":"Slavers","floor":24,"turns":5},{"damage":0,"enemies":"Book of Stabbing","floor":27,"turns":5},{"damage":0,"enemies":"Centurion and Healer","floor":28,"turns":5},{"damage":0,"enemies":"Cultist and Chosen","floor":30,"turns":5},{"damage":0,"enemies":"Snake Plant","floor":31,"turns":4},{"damage":33,"enemies":"Collector","floor":33,"turns":8},{"damage":13,"enemies":"3 Shapes","floor":35,"turns":4},{"damage":0,"enemies":"Orb Walker","floor":38,"turns":4},{"damage":49,"enemies":"Jaw Worm Horde","floor":39,"turns":5}],"seed_played":"-4260458104821287068","potions_obtained":[{"floor":0.0,"key":"LiquidBronze"},{"floor":0.0,"key":"FearPotion"},{"floor":0.0,"key":"Weak Potion"},{"floor":5,"key":"Fire Potion"},{"floor":10,"key":"Weak Potion"},{"floor":13,"key":"EssenceOfSteel"},{"floor":20,"key":"Poison Potion"},{"floor":21,"key":"GhostInAJar"},{"floor":24,"key":"GamblersBrew"},{"floor":30,"key":"PowerPotion"},{"floor":38,"key":"Explosive Potion"}],"is_trial":false,"path_per_floor":["M","M","?","M","M","R","?","M","T","E","M","E","M","M","R","B",null,"M","?","M","M","$","R","E","R","T","E","M","?","M","M","R","B",null,"M","?","$","M","M"],"character_chosen":"THE_SILENT","items_purchased":["Paper Crane","Footwork","Ornamental Fan","Enlightenment"],"campfire_rested":1,"item_purchase_floors":[22,37,37,37],"current_hp_per_floor":[60,60,60,60,41,41,41,34,34,22,22,18,9,9,30,30,60,54,54,54,52,52,52,50,50,50,50,50,50,50,50,50,17,62,49,49,49,49,0],"gold":23,"neow_bonus":"THREE_SMALL_POTIONS","is_prod":false,"is_daily":false,"chose_seed":false,"campfire_upgraded":4,"win_rate":0,"timestamp":1544164992,"path_taken":["M","M","?","M","M","R","?","M","T","E","M","E","M","M","R","BOSS","M","?","M","?","?","R","E","R","T","E","?","?","M","M","R","BOSS","M","?","$","M","?"],"build_version":"2018-12-06","purchased_purges":2,"victory":false,"max_hp_per_floor":[70,70,70,70,70,70,70,70,70,70,70,70,70,70,70,70,70,70,70,70,70,70,70,77,77,77,77,77,77,77,77,77,77,77,77,77,77,77,77],"card_choices":[{"not_picked":["PiercingWail","Sucker Punch"],"picked":"Quick Slash","floor":1.0},{"not_picked":["Outmaneuver","Sucker Punch","Skewer"],"picked":"SKIP","floor":2.0},{"not_picked":["Crippling Poison","Quick Slash"],"picked":"Escape Plan","floor":4},{"not_picked":["Acrobatics","Reflex"],"picked":"Predator","floor":5},{"not_picked":["Deflect","Expertise","Sucker Punch"],"picked":"SKIP","floor":8},{"not_picked":["Outmaneuver","Dodge and Roll","Backflip"],"picked":"SKIP","floor":10},{"not_picked":["Blur","Poisoned Stab+1"],"picked":"Predator+1","floor":11},{"not_picked":["Poisoned Stab+1","Riddle With Holes+1"],"picked":"Sucker Punch+1","floor":12},{"not_picked":["Dagger Spray+1","Dodge and Roll"],"picked":"Dash+1","floor":13},{"not_picked":["Dagger Throw+1","Outmaneuver"],"picked":"After Image","floor":14},{"not_picked":["Burst","Bullet Time"],"picked":"After Image","floor":16},{"not_picked":["Dodge and Roll","Choke+1"],"picked":"Dagger Spray+1","floor":18},{"not_picked":["Bane+1","Well Laid Plans"],"picked":"Backstab+1","floor":20},{"not_picked":["Concentrate","Dagger Throw+1"],"picked":"Escape Plan","floor":21},{"not_picked":["Dagger Spray+1","Poisoned Stab+1"],"picked":"Terror","floor":24},{"not_picked":["Unload+1","Masterful Stab+1","Skewer+1"],"picked":"SKIP","floor":27},{"not_picked":["Eviscerate+1","Deadly Poison+1"],"picked":"Dagger Throw+1","floor":28},{"not_picked":["Dagger Throw+1","Underhanded Strike+1","Deflect"],"picked":"SKIP","floor":30},{"not_picked":["Bane+1","Bouncing Flask"],"picked":"Doppelganger","floor":31},{"not_picked":["Venomology","Unload+1"],"picked":"Phantasmal Killer","floor":33},{"not_picked":["Sucker Punch+1","Prepared"],"picked":"Caltrops+1","floor":34},{"not_picked":["Dodge and Roll","Prepared"],"picked":"Bullet Time","floor":34},{"not_picked":["Bane+1","Slice+1"],"picked":"Sucker Punch+1","floor":34},{"not_picked":["Caltrops","Tactician+1"],"picked":"Noxious Fumes+1","floor":35},{"not_picked":["Dagger Throw+1","Distraction"],"picked":"Well Laid Plans+1","floor":38}],"player_experience":524599,"relics_obtained":[{"floor":9,"key":"Molten Egg 2"},{"floor":10,"key":"Nunchaku"},{"floor":12,"key":"Blue Candle"},{"floor":24,"key":"Strawberry"},{"floor":26,"key":"Oddly Smooth Stone"},{"floor":27,"key":"MawBank"}],"event_choices":[{"damage_healed":0.0,"max_hp_gain":0.0,"max_hp_loss":0.0,"gold_gain":0.0,"event_name":"Living Wall","player_choice":"Grow","floor":3.0,"gold_loss":0.0,"damage_taken":0.0,"cards_upgraded":["Neutralize"]},{"damage_healed":0,"gold_gain":0,"player_choice":"Ignored","damage_taken":0,"max_hp_gain":0,"max_hp_loss":0,"event_name":"Liars Game","floor":7,"gold_loss":0},{"cards_removed":["Strike_G"],"damage_healed":0,"gold_gain":0,"player_choice":"Purged","damage_taken":0,"max_hp_gain":0,"max_hp_loss":0,"event_name":"Purifier","floor":19,"gold_loss":0},{"damage_healed":0,"gold_gain":0,"player_choice":"Read","damage_taken":0,"max_hp_gain":0,"max_hp_loss":0,"event_name":"The Library","floor":29,"gold_loss":0,"cards_obtained":["Well Laid Plans"]},{"damage_healed":0,"gold_gain":0,"player_choice":"Trade","damage_taken":0,"relics_obtained":["GremlinMask"],"max_hp_gain":0,"max_hp_loss":0,"event_name":"FaceTrader","floor":36,"gold_loss":0}],"is_beta":true,"boss_relics":[{"not_picked":["Ectoplasm","Astrolabe"],"picked":"Philosopher\u0027s Stone"},{"not_picked":["Tiny House","Eternal Feather"],"picked":"Orrery"}],"items_purged_floors":[22,37],"is_endless":false,"potions_floor_spawned":[5,8,10,11,13,20,21,24,30,38],"killed_by":"Jaw Worm Horde","ascension_level":8}