{"gold_per_floor":[109,129,148,168,41,41,41,41,41,41,41,52,0,19,19,95,95,106,106,118,133,133,133,133],"floor_reached":24,"playtime":1035,"items_purged":["Strike_B"],"score":392,"play_id":"c6618cd6-348e-4eed-8150-cacef7c7df9f","local_time":"20180925174416","is_ascension_mode":true,"campfire_choices":[{"floor":6,"key":"REST"},{"data":"White Noise","floor":8,"key":"SMITH"},{"data":"Zap","floor":10,"key":"SMITH"},{"floor":15,"key":"REST"},{"floor":23,"key":"REST"}],"neow_cost":"NONE","seed_source_timestamp":881538466223239,"circlet_count":0,"master_deck":["Strike_B","Strike_B","Defend_B","Defend_B","Defend_B","Defend_B","Zap+1","Dualcast","AscendersBane","Turbo","White Noise+1","Glacier","Ball Lightning","Sweeping Beam","Beam Cell","Compile Driver","Steam","Echo Form","Double Energy+1","Go for the Eyes","Gash","Ghostly","Ghostly","Ghostly","Ghostly","Ghostly"],"relics":["Cracked Core","CultistMask","Mercury Hourglass","Peace Pipe","Velvet Choker"],"potions_floor_usage":[12,16,24],"damage_taken":[{"damage":1,"enemies":"Cultist","floor":1,"turns":4},{"damage":15,"enemies":"Small Slimes","floor":2,"turns":4},{"damage":0,"enemies":"2 Louse","floor":3,"turns":5},{"damage":12,"enemies":"Looter","floor":4,"turns":3},{"damage":21,"enemies":"Exordium Thugs","floor":12,"turns":4},{"damage":0,"enemies":"Large Slime","floor":14,"turns":3},{"damage":44,"enemies":"The Guardian","floor":16,"turns":10},{"damage":21,"enemies":"3 Byrds","floor":18,"turns":4},{"damage":22,"enemies":"Shell Parasite","floor":20,"turns":7},{"damage":23,"enemies":"Centurion and Healer","floor":21,"turns":6},{"damage":24,"enemies":"Snake Plant","floor":24,"turns":1}],"seed_played":"5835295249157953017","potions_obtained":[{"floor":1,"key":"Strength Potion"},{"floor":3,"key":"LiquidBronze"},{"floor":11,"key":"PowerPotion"},{"floor":21,"key":"Regen Potion"}],"is_trial":false,"path_per_floor":["M","M","M","M","$","R","?","R","T","R","?","M","?","M","R","B",null,"M","?","M","M","?","R"],"character_chosen":"DEFECT","items_purchased":["Beam Cell"],"campfire_rested":3,"item_purchase_floors":[5],"current_hp_per_floor":[63,48,48,36,36,57,57,57,57,57,57,36,36,36,57,13,57,36,50,28,5,5,15,0],"gold":133,"neow_bonus":"TRANSFORM_CARD","is_prod":false,"is_daily":false,"chose_seed":false,"campfire_upgraded":2,"win_rate":0,"timestamp":1537890256,"path_taken":["M","M","?","?","$","R","?","R","T","R","?","?","?","M","R","BOSS","M","?","M","M","?","R","M"],"build_version":"2018-09-20","purchased_purges":1,"victory":false,"max_hp_per_floor":[71,71,71,71,71,71,71,71,71,71,71,71,71,71,71,71,71,71,71,71,71,35,35,35],"card_choices":[{"not_picked":["Tempest","Hologram"],"picked":"White Noise","floor":1},{"not_picked":["Coolheaded","Redo"],"picked":"Glacier","floor":2},{"not_picked":["Melter","Leap"],"picked":"Ball Lightning","floor":3},{"not_picked":["Redo","Compile Driver"],"picked":"Sweeping Beam","floor":4},{"not_picked":["Hologram","Turbo"],"picked":"Compile Driver","floor":12},{"not_picked":["Rebound","Turbo"],"picked":"Steam","floor":14},{"not_picked":["Thunder Strike","Seek"],"picked":"Echo Form","floor":16},{"not_picked":["Aggregate","Turbo"],"picked":"Double Energy+1","floor":18},{"not_picked":["Beam Cell","Recycle"],"picked":"Go for the Eyes","floor":20},{"not_picked":["Rebound","Cold Snap"],"picked":"Gash","floor":21}],"player_experience":685184,"relics_obtained":[{"floor":9,"key":"Mercury Hourglass"}],"event_choices":[{"event_name":"FaceTrader","player_choice":"Trade","floor":7,"damage_taken":0},{"event_name":"The Lab","player_choice":"Got Potions","floor":11,"damage_taken":0},{"event_name":"WeMeetAgain","player_choice":"Gold","floor":13,"damage_taken":0},{"event_name":"The Library","player_choice":"Heal","floor":19,"damage_taken":0},{"event_name":"Ghosts","player_choice":"Became a Ghost","floor":22,"damage_taken":0}],"is_beta":false,"boss_relics":[{"not_picked":["Philosopher\u0027s Stone","Runic Dome"],"picked":"Velvet Choker"}],"items_purged_floors":[5],"is_endless":false,"potions_floor_spawned":[1,3,4,21],"killed_by":"Snake Plant","ascension_level":19}