{"gold_per_floor":[118,118,10,21,33,33,50,50,76,76,87,87,103,123,123,222,222,234,234,245,255,255,255,77,103,129,143,143,169,169,180,180,180],"floor_reached":33,"playtime":2033,"items_purged":[],"score":284,"play_id":"275ce8cf-0b33-456b-8d7b-ef5d0e5b9b63","local_time":"20180624140654","is_ascension_mode":false,"campfire_choices":[{"data":"Noxious Fumes","floor":6,"key":"SMITH"},{"floor":8,"key":"REST"},{"floor":10,"key":"REST"},{"floor":12,"key":"REST"},{"floor":15,"key":"REST"},{"floor":23,"key":"REST"},{"floor":28,"key":"REST"},{"floor":30,"key":"REST"},{"floor":32,"key":"REST"}],"neow_cost":"NONE","seed_source_timestamp":890718285110153,"circlet_count":0,"master_deck":["Defend_G+1","Defend_G+1","Defend_G+1","Defend_G+1","Defend_G+1","Strike_G+1","Strike_G+1","Strike_G+1","Strike_G+1","Strike_G+1","Survivor","Neutralize+1","Poisoned Stab","Crippling Poison","Masterful Stab","Outmaneuver+1","Noxious Fumes+1","Poisoned Stab","Riddle With Holes","Endless Agony","Blur","Finisher","Dodge and Roll","Bane","Venomology","Outmaneuver","Flash of Steel","Doppelganger+1","Flying Knee","Blur","Dramatic Entrance","Backstab","Clumsy","Injury","Dagger Throw+1","Caltrops+1","Eviscerate+1","Terror+1","All Out Attack","Choke+1"],"relics":["Ring of the Snake","Bronze Scales","Dream Catcher","Cursed Key","War Paint","Bag of Marbles","Juzu Bracelet"],"potions_floor_usage":[16,16,18,20,21,21,29,29,33,33],"damage_taken":[{"damage":0,"enemies":"Jaw Worm","floor":1,"turns":5},{"damage":0,"enemies":"Cultist","floor":4,"turns":3},{"damage":5,"enemies":"Small Slimes","floor":5,"turns":2},{"damage":12,"enemies":"Gremlin Gang","floor":7,"turns":3},{"damage":5,"enemies":"Large Slime","floor":11,"turns":5},{"damage":6,"enemies":"Lots of Slimes","floor":13,"turns":3},{"damage":7,"enemies":"3 Louse","floor":14,"turns":3},{"damage":26,"enemies":"The Guardian","floor":16,"turns":10},{"damage":2,"enemies":"Spheric Guardian","floor":18,"turns":5},{"damage":10,"enemies":"2 Thieves","floor":20,"turns":5},{"damage":27,"enemies":"Chosen and Byrds","floor":21,"turns":6},{"damage":19,"enemies":"Snake Plant","floor":27,"turns":3},{"damage":29,"enemies":"Gremlin Leader","floor":29,"turns":6},{"damage":0,"enemies":"Centurion and Healer","floor":31,"turns":4},{"damage":89,"enemies":"Automaton","floor":33,"turns":6}],"seed_played":"-5409990332464676260","potions_obtained":[{"floor":4,"key":"SteroidPotion"},{"floor":5,"key":"SkillPotion"},{"floor":11,"key":"Strength Potion"},{"floor":14,"key":"Regen Potion"},{"floor":16,"key":"EssenceOfSteel"},{"floor":27,"key":"Regen Potion"},{"floor":29,"key":"SteroidPotion"}],"is_trial":false,"path_per_floor":["M","?","$","M","M","R","M","R","T","R","M","R","M","M","R","B",null,"M","?","M","M","?","R","$","T","T","M","R","E","R","M","R"],"character_chosen":"THE_SILENT","items_purchased":["Crippling Poison","Masterful Stab","Dramatic Entrance","Backstab"],"campfire_rested":8,"item_purchase_floors":[3,3,24,24],"current_hp_per_floor":[70,70,70,70,65,65,53,70,70,70,65,70,64,57,70,54,70,68,54,44,17,17,38,38,38,38,19,40,26,47,47,68,0],"gold":180,"neow_bonus":"RANDOM_COMMON_RELIC","is_prod":false,"is_daily":false,"chose_seed":false,"campfire_upgraded":1,"win_rate":0.0,"timestamp":1529842014,"path_taken":["M","?","$","M","M","R","M","R","T","R","M","R","?","M","R","BOSS","M","?","M","?","?","R","$","?","T","M","R","E","R","M","R","BOSS"],"build_version":"2018-06-21v2","purchased_purges":0,"victory":false,"max_hp_per_floor":[70,70,70,70,70,70,70,70,70,70,70,70,70,70,70,70,70,70,70,70,70,70,70,70,70,70,70,70,70,70,70,70,70],"card_choices":[{"not_picked":["Dodge and Roll","Infinite Blades"],"picked":"Poisoned Stab","floor":1},{"not_picked":["Sucker Punch","Underhanded Strike"],"picked":"Outmaneuver","floor":4},{"not_picked":["Calculated Gamble","Poisoned Stab"],"picked":"Noxious Fumes","floor":5},{"not_picked":["Quick Slash","Deadly Poison"],"picked":"Poisoned Stab","floor":7},{"not_picked":["Dagger Throw","Flechettes"],"picked":"Riddle With Holes","floor":10},{"not_picked":["All Out Attack","Footwork"],"picked":"Endless Agony","floor":11},{"not_picked":["Tools of the Trade","Flying Knee"],"picked":"Blur","floor":12},{"not_picked":["Backflip","Deadly Poison"],"picked":"Finisher","floor":13},{"not_picked":["PiercingWail","Terror"],"picked":"Dodge and Roll","floor":14},{"not_picked":["Eviscerate","Dagger Spray"],"picked":"Bane","floor":15},{"not_picked":["Glass Knife","Burst"],"picked":"Venomology","floor":16},{"not_picked":["Dodge and Roll","Acrobatics"],"picked":"Outmaneuver","floor":18},{"not_picked":["Slice","Backflip"],"picked":"Doppelganger","floor":20},{"not_picked":["Dagger Spray","Expertise"],"picked":"Flying Knee","floor":21},{"not_picked":["Dagger Spray","Escape Plan"],"picked":"Blur","floor":23},{"not_picked":["Malaise+1","Calculated Gamble+1"],"picked":"Dagger Throw+1","floor":27},{"not_picked":["Escape Plan+1","Footwork"],"picked":"Caltrops+1","floor":28},{"not_picked":["PiercingWail","Acrobatics"],"picked":"Eviscerate+1","floor":29},{"not_picked":["Expertise","Sucker Punch"],"picked":"Terror+1","floor":30},{"not_picked":["Riddle With Holes","Deflect"],"picked":"All Out Attack","floor":31},{"not_picked":["Endless Agony","Malaise+1"],"picked":"Choke+1","floor":32}],"player_experience":18904,"relics_obtained":[{"floor":9,"key":"Dream Catcher"},{"floor":25,"key":"War Paint"},{"floor":26,"key":"Bag of Marbles"},{"floor":29,"key":"Juzu Bracelet"}],"event_choices":[{"event_name":"Upgrade Shrine","player_choice":"Upgraded","floor":2,"damage_taken":0},{"event_name":"Knowing Skull","player_choice":"CARD ","floor":19,"damage_taken":0},{"event_name":"Back to Basics","player_choice":"Simplicity","floor":22,"damage_taken":0}],"boss_relics":[{"not_picked":["Snecko Eye","White Beast Statue"],"picked":"Cursed Key"}],"items_purged_floors":[],"is_endless":false,"potions_floor_spawned":[4,5,11,14,16,27,29],"killed_by":"Automaton","ascension_level":0}