{"path_per_floor":["M","M","M","?","?","E","?","E","T","E","M","M","E","?","R","B",null,"M","$","?","M","$","E","R","E","T","M","E","T","M","E","R","B",null,"M","M","$","M","?","R","E","M","T","M","E","R","E","?","R","B"],"character_chosen":"IRONCLAD","items_purchased":["Gremlin Horn","War Paint"],"gold_per_floor":[114,129,144,144,144,174,174,204,204,234,249,264,294,244,244,344,344,359,34,34,49,49,79,79,109,134,149,179,204,219,249,249,349,349,364,379,129,144,144,144,174,189,244,259,289,289,319,0,0,0],"floor_reached":51,"campfire_rested":0,"playtime":1975,"item_purchase_floors":[19,37],"current_hp_per_floor":[74,74,74,80,86,76,76,72,78,61,56,55,58,58,58,60,113,106,106,112,95,95,72,72,72,78,82,82,88,52,60,60,74,169,173,173,173,134,134,134,113,113,119,116,119,119,111,111,111,75],"items_purged":["Strike_R","Strike_R"],"gold":0,"score":1243,"play_id":"cd73b34b-e3b1-4632-b9a0-2a915d0c13a8","local_time":"20180609144110","daily_mods":["Diverse","Cursed Run","Elite Swarm"],"is_prod":false,"is_daily":true,"chose_seed":false,"is_ascension_mode":false,"campfire_upgraded":6,"win_rate":0,"timestamp":1528569670,"campfire_choices":[{"data":"Offering","floor":15,"key":"SMITH"},{"data":"Bullet Time","floor":24,"key":"SMITH"},{"data":"Offering","floor":32,"key":"SMITH"},{"data":"Burst","floor":40,"key":"SMITH"},{"data":"Meteor Strike","floor":46,"key":"SMITH"},{"data":"Reboot","floor":49,"key":"SMITH"}],"path_taken":["M","M","M","?","?","E","?","E","T","E","M","?","E","?","R","BOSS","M","$","?","?","?","E","R","E","T","M","E","?","M","E","R","BOSS","M","M","$","M","?","R","E","M","T","?","E","R","E","?","R","BOSS"],"build_version":"2018-06-08","seed_source_timestamp":0,"purchased_purges":2,"victory":true,"master_deck":["Strike_R","Strike_R","Defend_R","Defend_R","Defend_R","Bash+1","Underhanded Strike","Auto Shields+1","Decay","Core Surge","Feed+1","Regret","Tools of the Trade","Backflip","Sever Soul","Offering+1","Clumsy","Meteor Strike+1","Quick Slash","Decay","Bullet Time+1","Burst+1","Clumsy","Escape Plan","Demon Form","Normality","Offering+1","Doubt","Reboot+1","Choke+1","Finisher+1","Inflame+1","Reboot+1","Setup+1","Doubt","Skim","Beam Cell+1","Echo Form","Decay"],"max_hp_per_floor":[80,80,80,86,92,92,92,92,98,101,101,104,107,107,107,113,113,117,117,123,127,127,131,131,135,141,145,149,155,155,159,159,169,169,173,173,173,177,177,177,181,185,191,191,198,198,198,198,198,204],"relics":["Cursed Key","Darkstone Periapt","Du-Vu Doll","Vajra","Meat on the Bone","Bottled Flame","Kunai","Dead Branch","Whetstone","Runic Pyramid","Gremlin Horn","Sundial","Prayer Wheel","Pen Nib","Lantern","Bag of Marbles","Boot","Busted Crown","War Paint","Calipers","Tiny Chest","Strawberry","Ice Cream","Red Mask"],"card_choices":[{"not_picked":["Rebound","Anger","Riddle With Holes"],"picked":"SKIP","floor":1},{"not_picked":["Choke","Steam"],"picked":"Underhanded Strike","floor":2},{"not_picked":["Endless Agony","Sucker Punch"],"picked":"Auto Shields","floor":3},{"not_picked":["Impervious","Berserk"],"picked":"Core Surge","floor":6},{"not_picked":["Core Surge","Juggernaut"],"picked":"Feed","floor":8},{"not_picked":["Exhume","Bullet Time"],"picked":"Tools of the Trade","floor":10},{"not_picked":["Fire Breathing","Quick Slash"],"picked":"Backflip","floor":11},{"not_picked":["Sucker Punch","Compile Driver"],"picked":"Sever Soul","floor":12},{"not_picked":["Bullet Time","Demon Form"],"picked":"Offering","floor":13},{"not_picked":["Seek","Core Surge"],"picked":"Meteor Strike","floor":16},{"not_picked":["Anger","Go for the Eyes"],"picked":"Quick Slash","floor":18},{"not_picked":["Deflect","Redo","Go for the Eyes+1"],"picked":"SKIP","floor":21},{"not_picked":["Berserk","After Image"],"picked":"Bullet Time","floor":23},{"not_picked":["Grand Finale","Die Die Die"],"picked":"Burst","floor":25},{"not_picked":["Sucker Punch","Perfected Strike"],"picked":"Escape Plan","floor":27},{"not_picked":["Perfected Strike","Gash","Armaments"],"picked":"SKIP","floor":27},{"not_picked":["Storm of Steel","Offering"],"picked":"Demon Form","floor":28},{"not_picked":["Dagger Spray+1","Infernal Blade","Barrage+1"],"picked":"SKIP","floor":30},{"not_picked":["Tempest","Warcry","Headbutt"],"picked":"SKIP","floor":30},{"not_picked":["Burst","Hyperbeam"],"picked":"Offering","floor":31},{"not_picked":["Machine Learning","Envenom"],"picked":"Reboot","floor":33},{"not_picked":["Dagger Spray+1"],"picked":"SKIP","floor":35},{"not_picked":["Chill"],"picked":"SKIP","floor":35},{"not_picked":[],"picked":"Choke+1","floor":36},{"not_picked":["Body Slam"],"picked":"SKIP","floor":36},{"not_picked":[],"picked":"Finisher+1","floor":38},{"not_picked":[],"picked":"Inflame+1","floor":38},{"not_picked":[],"picked":"Reboot","floor":41},{"not_picked":[],"picked":"Setup+1","floor":42},{"not_picked":["Warcry"],"picked":"SKIP","floor":42},{"not_picked":[],"picked":"Skim","floor":44},{"not_picked":[],"picked":"Beam Cell+1","floor":44},{"not_picked":["Exhume"],"picked":"SKIP","floor":45},{"not_picked":[],"picked":"Echo Form","floor":47}],"player_experience":294288,"potions_floor_usage":[6,8,13,23,28,45,50,50],"damage_taken":[{"damage":6,"enemies":"Jaw Worm","floor":1,"turns":2},{"damage":0,"enemies":"Small Slimes","floor":2,"turns":3},{"damage":0,"enemies":"2 Louse","floor":3,"turns":2},{"damage":10,"enemies":"Lagavulin","floor":6,"turns":7},{"damage":4,"enemies":"Gremlin Nob","floor":8,"turns":3},{"damage":32,"enemies":"3 Sentries","floor":10,"turns":6},{"damage":17,"enemies":"Blue Slaver","floor":11,"turns":3},{"damage":4,"enemies":"Gremlin Gang","floor":12,"turns":2},{"damage":0,"enemies":"Gremlin Nob","floor":13,"turns":2},{"damage":4,"enemies":"Slime Boss","floor":16,"turns":3},{"damage":18,"enemies":"3 Byrds","floor":18,"turns":3},{"damage":21,"enemies":"2 Thieves","floor":21,"turns":3},{"damage":39,"enemies":"Slavers","floor":23,"turns":3},{"damage":4,"enemies":"Book of Stabbing","floor":25,"turns":2},{"damage":0,"enemies":"Cultist and Chosen","floor":27,"turns":4},{"damage":16,"enemies":"Slavers","floor":28,"turns":4},{"damage":48,"enemies":"Snake Plant","floor":30,"turns":3},{"damage":8,"enemies":"Book of Stabbing","floor":31,"turns":3},{"damage":8,"enemies":"Collector","floor":33,"turns":3},{"damage":0,"enemies":"Orb Walker","floor":35,"turns":2},{"damage":0,"enemies":"Flame Bruiser 1 Orb","floor":36,"turns":2},{"damage":43,"enemies":"Sphere and 2 Shapes","floor":38,"turns":4},{"damage":25,"enemies":"Giant Head","floor":41,"turns":4},{"damage":4,"enemies":"Flame Bruiser 2 Orb","floor":42,"turns":1},{"damage":3,"enemies":"4 Shapes","floor":44,"turns":3},{"damage":4,"enemies":"Nemesis","floor":45,"turns":1},{"damage":8,"enemies":"Giant Head","floor":47,"turns":2},{"damage":54,"enemies":"Awakened One","floor":50,"turns":5}],"relics_obtained":[{"floor":6,"key":"Meat on the Bone"},{"floor":8,"key":"Bottled Flame"},{"floor":9,"key":"Kunai"},{"floor":10,"key":"Dead Branch"},{"floor":13,"key":"Whetstone"},{"floor":23,"key":"Sundial"},{"floor":25,"key":"Prayer Wheel"},{"floor":26,"key":"Pen Nib"},{"floor":28,"key":"Lantern"},{"floor":29,"key":"Bag of Marbles"},{"floor":31,"key":"Boot"},{"floor":41,"key":"Calipers"},{"floor":43,"key":"Tiny Chest"},{"floor":45,"key":"Strawberry"},{"floor":47,"key":"Ice Cream"}],"event_choices":[{"event_name":"Big Fish","player_choice":"Box","floor":4,"damage_taken":0},{"event_name":"Transmorgrifier","player_choice":"Transform","floor":5,"damage_taken":0},{"event_name":"Living Wall","player_choice":"Forget","floor":7,"damage_taken":0},{"event_name":"The Cleric","player_choice":"Card Removal","floor":14,"damage_taken":0},{"event_name":"Forgotten Altar","player_choice":"Smashed Altar","floor":20,"damage_taken":0},{"event_name":"The Lab","player_choice":"Got Potions","floor":39,"damage_taken":0},{"event_name":"Tomb of Lord Red Mask","player_choice":"Paid","floor":48,"damage_taken":0}],"boss_relics":[{"not_picked":["Snecko Eye","Tiny House"],"picked":"Runic Pyramid"},{"not_picked":["Eternal Feather","Philosopher\u0027s Stone"],"picked":"Busted Crown"}],"items_purged_floors":[19,37],"potions_floor_spawned":[3,6,8,11,12,21,30,35,45,47],"seed_played":"-8965767018673126133","ascension_level":0,"potions_obtained":[{"floor":3,"key":"Fire Potion"},{"floor":6,"key":"SteroidPotion"},{"floor":8,"key":"Ancient Potion"},{"floor":11,"key":"Poison Potion"},{"floor":12,"key":"Block Potion"},{"floor":21,"key":"Swift Potion"},{"floor":30,"key":"Swift Potion"},{"floor":35,"key":"SteroidPotion"},{"floor":45,"key":"Weak Potion"}],"is_trial":false}