{"path_per_floor":["M","M","M","M","M","E","R","M","T","R","M","R","M","M","R","B",null,"M","T","M","?","M","R","E","M","T","R","?","R","M","$","R","B",null,"M","?","M","$","M","R","M","?","T","?","M","M","R","?","R"],"character_chosen":"DEFECT","items_purchased":["Static Discharge","Mercury Hourglass","Coolheaded","Question Card"],"gold_per_floor":[116,131,149,160,176,204,204,219,219,219,239,239,259,274,274,379,379,393,416,432,432,451,451,482,493,493,493,493,493,504,137,137,240,240,260,309,324,22,33,33,48,48,48,0,10,20,20,20,20,20],"floor_reached":50,"campfire_rested":7,"playtime":5673,"current_hp_per_floor":[81,80,80,61,53,26,50,41,41,65,63,63,50,49,49,49,82,72,72,71,71,64,64,43,28,28,52,36,62,62,62,62,39,87,64,46,36,36,27,53,59,59,59,59,40,36,62,62,87,0],"items_purged":["Hello World"],"gold":20,"score":520,"play_id":"e8c13713-f5ca-4574-b9a0-465fd7638a13","local_time":"20180519032851","is_prod":false,"is_daily":false,"chose_seed":false,"is_ascension_mode":false,"campfire_upgraded":4,"timestamp":1526693331,"campfire_choices":[{"floor":7,"key":"REST"},{"floor":10,"key":"REST"},{"data":"Chaos","floor":12,"key":"SMITH"},{"data":"Loop","floor":15,"key":"SMITH"},{"data":"Consume","floor":23,"key":"SMITH"},{"floor":27,"key":"REST"},{"floor":29,"key":"REST"},{"data":"Static Discharge","floor":32,"key":"SMITH"},{"floor":40,"key":"REST"},{"floor":47,"key":"REST"},{"floor":49,"key":"REST"}],"path_taken":["M","M","M","M","M","E","R","M","T","R","M","R","?","M","R","BOSS","M","?","?","?","?","R","E","M","T","R","?","R","?","$","R","BOSS","M","?","?","$","M","R","M","?","T","?","M","M","R","?","R","BOSS"],"build_version":"2018-05-17","seed_source_timestamp":277212960937327,"purchased_purges":2,"victory":false,"master_deck":["Zap","Dualcast","Cold Snap","FTL","Loop+1","Ball Lightning","Chaos+1","Glacier","Axe Kick","Rainbow","Beam Cell","Blizzard","Ball Lightning","Cold Snap","Consume+1","Darkness","Axe Kick","Cold Snap","Beam Cell","Static Discharge+1","Biased Cognition","FTL+1","Chill+1","BootSequence+1","Tempest","Coolheaded+1","Coolheaded","Capacitor","Fission+1","Glacier+1"],"max_hp_per_floor":[82,82,82,82,82,82,82,82,82,82,82,82,82,82,82,82,82,82,82,82,82,82,82,82,82,82,82,87,87,87,87,87,87,87,87,87,87,87,87,87,87,87,87,87,87,87,87,87,87,87],"relics":["Cracked Core","Sundial","Centennial Puzzle","Pandora\u0027s Box","Potion Belt","Shovel","Bird Faced Urn","Mercury Hourglass","Astrolabe","Ice Cream","Question Card","Smiling Mask","Red Mask"],"card_choices":[{"not_picked":["Streamline","BootSequence"],"picked":"FTL","floor":1},{"not_picked":["Leap","Streamline"],"picked":"Cold Snap","floor":2},{"not_picked":["Skim","Beam Cell"],"picked":"FTL","floor":3},{"not_picked":["Redo","Rebound"],"picked":"Loop","floor":4},{"not_picked":["Go for the Eyes","Force Field"],"picked":"Ball Lightning","floor":5},{"not_picked":["Steam","Sweeping Beam","Rip and Tear"],"picked":"SKIP","floor":6},{"not_picked":["Leap","Undo"],"picked":"Chaos","floor":8},{"not_picked":["All For One","Double Energy","Rebound"],"picked":"SKIP","floor":11},{"not_picked":["Hologram","Stack"],"picked":"Glacier","floor":13},{"not_picked":["Heatsinks","Rebound"],"picked":"Axe Kick","floor":14},{"not_picked":["Biased Cognition","Creative AI"],"picked":"Rainbow","floor":16},{"not_picked":["Axe Kick","Turbo"],"picked":"Cold Snap","floor":18},{"not_picked":["Cold Snap","Loop"],"picked":"Consume","floor":20},{"not_picked":["Steam","BootSequence"],"picked":"Axe Kick","floor":22},{"not_picked":["Doom and Gloom","Meteor Strike"],"picked":"Cold Snap","floor":24},{"not_picked":["Sweeping Beam+1","Stack"],"picked":"Beam Cell","floor":25},{"not_picked":["Melter","Leap+1","Stack"],"picked":"SKIP","floor":30},{"not_picked":["Seek","Machine Learning"],"picked":"Biased Cognition","floor":33},{"not_picked":["Hologram","Leap"],"picked":"Tempest","floor":35},{"not_picked":["Chaos","Rebound+1"],"picked":"Coolheaded+1","floor":37},{"not_picked":["Sweeping Beam","Stack+1","Steam+1"],"picked":"Capacitor","floor":39},{"not_picked":["Ball Lightning","Streamline+1","Hologram+1"],"picked":"Fission","floor":41},{"not_picked":["Hello World+1","Gash+1","Steam","Chaos"],"picked":"SKIP","floor":45},{"not_picked":["Go for the Eyes+1","Reinforced Body","Cold Snap+1"],"picked":"Glacier+1","floor":46}],"player_experience":93713,"potions_floor_usage":[16,16,16,33,33,33,33,33,39,50,50,50],"damage_taken":[{"damage":1,"enemies":"Cultist","floor":1,"turns":4},{"damage":1,"enemies":"Jaw Worm","floor":2,"turns":3},{"damage":0,"enemies":"Small Slimes","floor":3,"turns":3},{"damage":19,"enemies":"Gremlin Gang","floor":4,"turns":6},{"damage":8,"enemies":"Looter","floor":5,"turns":2},{"damage":27,"enemies":"Gremlin Nob","floor":6,"turns":4},{"damage":9,"enemies":"Exordium Wildlife","floor":8,"turns":3},{"damage":2,"enemies":"Red Slaver","floor":11,"turns":3},{"damage":13,"enemies":"3 Louse","floor":13,"turns":3},{"damage":1,"enemies":"2 Fungi Beasts","floor":14,"turns":3},{"damage":0,"enemies":"Slime Boss","floor":16,"turns":7},{"damage":10,"enemies":"Spheric Guardian","floor":18,"turns":4},{"damage":1,"enemies":"Shell Parasite","floor":20,"turns":6},{"damage":7,"enemies":"Snecko","floor":22,"turns":6},{"damage":21,"enemies":"Slavers","floor":24,"turns":6},{"damage":15,"enemies":"Snake Plant","floor":25,"turns":5},{"damage":4,"enemies":"Chosen and Byrds","floor":30,"turns":6},{"damage":27,"enemies":"Automaton","floor":33,"turns":7},{"damage":23,"enemies":"3 Darklings","floor":35,"turns":4},{"damage":22,"enemies":"Mysteriöse Sphäre","floor":36,"turns":4},{"damage":10,"enemies":"3 Shapes","floor":37,"turns":3},{"damage":15,"enemies":"Sphere and 2 Shapes","floor":39,"turns":6},{"damage":0,"enemies":"4 Shapes","floor":41,"turns":6},{"damage":21,"enemies":"3 Darklings","floor":45,"turns":4},{"damage":6,"enemies":"Flame Bruiser 2 Orb","floor":46,"turns":5},{"damage":103,"enemies":"Time Eater","floor":50,"turns":10}],"relics_obtained":[{"floor":6,"key":"Sundial"},{"floor":9,"key":"Centennial Puzzle"},{"floor":19,"key":"Potion Belt"},{"floor":24,"key":"Shovel"},{"floor":26,"key":"Bird Faced Urn"},{"floor":36,"key":"Ice Cream"},{"floor":43,"key":"Smiling Mask"}],"event_choices":[{"event_name":"Transmorgrifier","player_choice":"Transform","floor":21,"damage_taken":0},{"event_name":"Forgotten Altar","player_choice":"Shed Blood","floor":28,"damage_taken":0},{"event_name":"Mysterious Sphere","player_choice":"Fight","floor":36,"damage_taken":0},{"event_name":"Accursed Blacksmith","player_choice":"Forge","floor":42,"damage_taken":0},{"event_name":"Tomb of Lord Red Mask","player_choice":"Paid","floor":44,"damage_taken":0}],"boss_relics":[{"not_picked":["Eternal Feather","Tiny House"],"picked":"Pandora\u0027s Box"},{"not_picked":["Black Star","Sozu"],"picked":"Astrolabe"}],"potions_floor_spawned":[3,8,11,13,16,18,20,22,25,36,39,45,46],"seed_played":"-4770226506692024943","killed_by":"Time Eater","ascension_level":0,"potions_obtained":[{"floor":3,"key":"PowerPotion"},{"floor":8,"key":"FocusPotion"},{"floor":11,"key":"Explosive Potion"},{"floor":13,"key":"SteroidPotion"},{"floor":16,"key":"SkillPotion"},{"floor":18,"key":"Energy Potion"},{"floor":20,"key":"Weak Potion"},{"floor":22,"key":"SteroidPotion"},{"floor":25,"key":"Explosive Potion"},{"floor":36,"key":"AttackPotion"},{"floor":39,"key":"GamblersBrew"},{"floor":45,"key":"Swift Potion"},{"floor":46,"key":"SpeedPotion"}],"is_trial":false}