{"gold_per_floor":[118,43,60,60,60,86,86,86,86,86,116,116,16,28,28,101,101,111,131,6,18,18],"floor_reached":22,"playtime":4506,"items_purged":["Strike_B","Strike_B","Strike_B"],"score":423,"play_id":"6c591791-c3ac-4261-acb8-d264ba46cd85","local_time":"20180928153616","is_ascension_mode":true,"campfire_choices":[{"data":"Consume","floor":7,"key":"SMITH"},{"data":"Dualcast","floor":10,"key":"SMITH"},{"floor":12,"key":"REST"},{"data":"Rip and Tear","floor":15,"key":"SMITH"}],"neow_cost":"NONE","seed_source_timestamp":47842373555545,"circlet_count":0,"master_deck":["Strike_B","Defend_B","Defend_B","Defend_B","Defend_B","Zap+1","Dualcast+1","AscendersBane","Consume+1","Rip and Tear+1","Echo Form","Loop","Ball Lightning+1","Self Repair"],"relics":["Cracked Core","NeowsBlessing","Orichalcum","Meat on the Bone","Regal Pillow","Sozu"],"potions_floor_usage":[11,19,21],"damage_taken":[{"damage":0,"enemies":"2 Louse","floor":1,"turns":1},{"damage":0,"enemies":"Small Slimes","floor":3,"turns":1},{"damage":0,"enemies":"Gremlin Nob","floor":6,"turns":1},{"damage":25,"enemies":"Lagavulin","floor":11,"turns":5},{"damage":6,"enemies":"Jaw Worm","floor":14,"turns":4},{"damage":44,"enemies":"The Guardian","floor":16,"turns":10},{"damage":6,"enemies":"Spheric Guardian","floor":18,"turns":3},{"damage":15,"enemies":"3 Byrds","floor":19,"turns":4},{"damage":20,"enemies":"Centurion and Healer","floor":21,"turns":4},{"damage":34,"enemies":"Chosen and Byrds","floor":22,"turns":4}],"seed_played":"70897778622781141","potions_obtained":[{"floor":3,"key":"Fire Potion"},{"floor":11,"key":"Fire Potion"},{"floor":14,"key":"GamblersBrew"}],"is_trial":false,"path_per_floor":["M","$","M","?","?","E","R","$","T","R","E","R","$","M","R","B",null,"M","M","$","M"],"character_chosen":"DEFECT","items_purchased":[],"campfire_rested":1,"item_purchase_floors":[],"current_hp_per_floor":[64,64,64,64,64,64,64,64,64,64,39,71,71,65,65,33,62,56,41,41,33,0],"gold":18,"neow_bonus":"THREE_ENEMY_KILL","is_prod":false,"is_daily":false,"chose_seed":false,"campfire_upgraded":3,"win_rate":0,"timestamp":1538141776,"path_taken":["M","$","M","?","?","E","R","$","T","R","E","R","?","M","R","BOSS","M","M","$","?","M"],"build_version":"2018-09-27","purchased_purges":3,"victory":false,"max_hp_per_floor":[71,71,71,71,71,71,71,71,71,71,71,71,71,71,71,71,71,71,71,71,71,71],"card_choices":[{"not_picked":["Leap","Double Energy","Hologram"],"picked":"SKIP","floor":1},{"not_picked":["Chaos","Skim","Coolheaded"],"picked":"SKIP","floor":3},{"not_picked":["Doom and Gloom","Turbo"],"picked":"Consume","floor":6},{"not_picked":["Steam","Compile Driver"],"picked":"Rip and Tear","floor":11},{"not_picked":["Meteor Strike","BootSequence","Double Energy"],"picked":"SKIP","floor":14},{"not_picked":["Machine Learning","Fission"],"picked":"Echo Form","floor":16},{"not_picked":["Rebound","Turbo"],"picked":"Loop","floor":18},{"not_picked":["Auto Shields","Gash+1"],"picked":"Ball Lightning+1","floor":19},{"not_picked":["Tempest+1","Streamline"],"picked":"Self Repair","floor":21}],"player_experience":731671,"relics_obtained":[{"floor":6,"key":"Orichalcum"},{"floor":9,"key":"Meat on the Bone"},{"floor":11,"key":"Regal Pillow"}],"event_choices":[{"event_name":"Living Wall","player_choice":"Grow","floor":4,"damage_taken":0},{"event_name":"The Cleric","player_choice":"Leave","floor":5,"damage_taken":0}],"is_beta":false,"boss_relics":[{"not_picked":["Fusion Hammer","Tiny House"],"picked":"Sozu"}],"items_purged_floors":[2,13,20],"is_endless":false,"potions_floor_spawned":[3,11,14,18,19],"killed_by":"Chosen and Byrds","ascension_level":19}