{"path_per_floor":["M","?","$","M","M","E","R","E","T","$","?","?","R","M","R","B",null,"M","?","$","M","$","E","?","R","T","M","R","E","R","M","R","B",null,"M","?","?","M","$","R","M","R","T","M","$","R","E","M","R"],"character_chosen":"IRONCLAD","items_purchased":["Shrug It Off","Impervious","Shrug It Off","Body Slam","Intimidate","Impervious"],"gold_per_floor":[142,142,21,41,57,84,84,117,193,93,268,268,268,287,287,388,388,399,399,132,152,82,112,112,112,112,122,122,150,150,167,167,270,270,288,288,338,350,126,126,141,141,167,185,115,115,144,157,157,157],"floor_reached":50,"campfire_rested":4,"playtime":2898,"current_hp_per_floor":[85,68,68,67,67,21,46,44,44,44,44,44,44,44,69,39,85,83,67,67,73,73,49,49,49,49,48,48,54,54,54,81,4,90,86,81,64,60,60,60,52,52,52,42,42,69,73,77,77,0],"items_purged":["Defend_R","Defend_R","Defend_R","Bash"],"gold":157,"score":568,"play_id":"56259a3d-62c9-4dc5-91e0-7017b88af57b","local_time":"20180330164103","is_prod":false,"is_daily":false,"is_ascension_mode":true,"campfire_upgraded":7,"timestamp":1522420863,"path_taken":["M","?","$","M","M","E","R","E","T","?","?","?","R","?","R","BOSS","M","?","$","M","$","E","?","R","T","M","R","E","R","M","R","BOSS","M","?","?","M","$","R","M","R","T","?","$","R","E","M","R","BOSS"],"build_version":"2018-03-29v2","purchased_purges":4,"victory":false,"master_deck":["Strike_R+1","Strike_R+1","Defend_R+1","Shrug It Off","Power Through","Shrug It Off+1","Power Through","Body Slam+1","Sever Soul","Headbutt","Reaper","Metallicize+1","Iron Wave+1","Flex+1","Thunderclap+1","Impervious","Headbutt","Shrug It Off","Body Slam+1","Entrench+1","Body Slam+1","Power Through","Juggernaut+1","Offering","Entrench+1","Secret Technique+1","Panacea","Armaments+1","Intimidate","Impervious","Warcry+1"],"max_hp_per_floor":[85,85,85,85,85,85,85,85,85,85,85,85,85,85,85,85,85,85,90,90,90,90,90,90,90,90,90,90,90,90,90,90,90,90,90,90,90,90,90,90,90,90,90,90,90,90,90,90,90,90],"relics":["Tiny House","Bronze Scales","Omamori","Bottled Flame","Ancient Tea Set","Astrolabe","Bottled Lightning","Bottled Tornado","Lantern","Sozu","Unceasing Top","Happy Flower","Bag of Preparation"],"card_choices":[{"not_picked":["Anger","Entrench"],"picked":"Shrug It Off","floor":0},{"not_picked":["Body Slam","Sword Boomerang"],"picked":"Power Through","floor":1},{"not_picked":["Warcry","Armaments"],"picked":"Power Through","floor":5},{"not_picked":["Twin Strike","Searing Blow"],"picked":"Body Slam","floor":6},{"not_picked":["Limit Break","Wild Strike"],"picked":"Sever Soul","floor":8},{"not_picked":["Shockwave","Pommel Strike"],"picked":"Headbutt","floor":14},{"not_picked":["Dark Embrace","Bludgeon"],"picked":"Reaper","floor":16},{"not_picked":["Perfected Strike","Havoc"],"picked":"Thunderclap","floor":18},{"not_picked":["Flex","Wild Strike"],"picked":"Headbutt","floor":21},{"not_picked":["Headbutt","Clash"],"picked":"Entrench","floor":23},{"not_picked":["Uppercut","Anger"],"picked":"Body Slam","floor":27},{"not_picked":["Anger","Burning Pact"],"picked":"Power Through","floor":29},{"not_picked":["Wild Strike","Clash"],"picked":"Juggernaut","floor":31},{"not_picked":["Demon Form","Dark Embrace"],"picked":"Offering","floor":33},{"not_picked":["Thunderclap","Combust"],"picked":"Entrench","floor":35},{"not_picked":["Sadistic Nature","Enlightenment"],"picked":"Secret Technique","floor":36},{"not_picked":["Madness","Thinking Ahead"],"picked":"Panacea","floor":36},{"not_picked":["Fire Breathing","Havoc"],"picked":"Armaments","floor":37},{"not_picked":["Perfected Strike","Armaments"],"picked":"Warcry","floor":47}],"player_experience":154152,"potions_floor_usage":[8,16,16,29,29,33],"damage_taken":[{"damage":0,"enemies":"Small Slimes","floor":1,"turns":3},{"damage":1,"enemies":"2 Louse","floor":4,"turns":3},{"damage":0,"enemies":"Cultist","floor":5,"turns":3},{"damage":46,"enemies":"Lagavulin","floor":6,"turns":11},{"damage":2,"enemies":"Gremlin Nob","floor":8,"turns":5},{"damage":0,"enemies":"Exordium Thugs","floor":14,"turns":3},{"damage":30,"enemies":"Slime Boss","floor":16,"turns":10},{"damage":2,"enemies":"Spheric Guardian","floor":18,"turns":4},{"damage":0,"enemies":"Shell Parasite","floor":21,"turns":6},{"damage":36,"enemies":"Slavers","floor":23,"turns":6},{"damage":1,"enemies":"Snake Plant","floor":27,"turns":3},{"damage":8,"enemies":"Gremlin Leader","floor":29,"turns":5},{"damage":0,"enemies":"Centurion and Healer","floor":31,"turns":4},{"damage":81,"enemies":"Collector","floor":33,"turns":14},{"damage":4,"enemies":"Orb Walker","floor":35,"turns":3},{"damage":30,"enemies":"Mysterious Sphere","floor":37,"turns":6},{"damage":4,"enemies":"3 Darklings","floor":38,"turns":4},{"damage":13,"enemies":"4 Shapes","floor":41,"turns":5},{"damage":19,"enemies":"Maw","floor":44,"turns":6},{"damage":4,"enemies":"Nemesis","floor":47,"turns":5},{"damage":4,"enemies":"Sphere and 2 Shapes","floor":48,"turns":3},{"damage":95,"enemies":"Awakened One","floor":50,"turns":14}],"event_choices":[{"event_name":"Shining Light","player_choice":"Entered Light","floor":2,"damage_taken":0},{"event_name":"Liars Game","player_choice":"agreed","floor":11,"damage_taken":0},{"event_name":"Accursed Blacksmith","player_choice":"Rummage","floor":12,"damage_taken":0},{"event_name":"Forgotten Altar","player_choice":"Shed Blood","floor":19,"damage_taken":0},{"event_name":"Ghosts","player_choice":"Ignored","floor":24,"damage_taken":0},{"event_name":"SensoryStone","player_choice":"Memory 2","floor":36,"damage_taken":0},{"event_name":"Mysterious Sphere","player_choice":"Fight","floor":37,"damage_taken":0}],"boss_relics":[{"not_picked":["Runic Pyramid","Ectoplasm"],"picked":"Astrolabe"},{"not_picked":["Philosopher\u0027s Stone","Orrery"],"picked":"Sozu"}],"potions_floor_spawned":[4,6,23,27,29,35,37,47,48],"seed_played":"-4872879774395753426","killed_by":"Awakened One","ascension_level":1,"is_trial":false}