{"gold_per_floor":[115,290,307,323,341,341,341],"floor_reached":7,"playtime":241,"items_purged":[],"score":43,"play_id":"f15af34e-6cd8-4d7f-81a3-c165de1b8f39","local_time":"20190215211631","is_ascension_mode":false,"campfire_choices":[{"data":"Slimebound:Grow","floor":6,"key":"SMITH"}],"neow_cost":"TEN_PERCENT_HP_LOSS","seed_source_timestamp":122488345947948,"circlet_count":0,"master_deck":["Slimebound:Strike_Slimebound","Slimebound:Strike_Slimebound","Slimebound:Strike_Slimebound","Slimebound:Tackle","Slimebound:Defend_Slimebound","Slimebound:Defend_Slimebound","Slimebound:Defend_Slimebound","Slimebound:Defend_Slimebound","Slimebound:Split","Slimebound:CorrosiveSpit","Slimebound:Grow+1","Doubt","Slimebound:RainOfGoop"],"relics":["Slimebound:AbsorbEndCombat","Dead Branch"],"potions_floor_usage":[],"damage_taken":[{"damage":15,"enemies":"Jaw Worm","floor":1,"turns":3},{"damage":26,"enemies":"Small Slimes","floor":3,"turns":3},{"damage":10,"enemies":"Cultist","floor":4,"turns":3},{"damage":40,"enemies":"Large Slime","floor":5,"turns":6},{"damage":18,"enemies":"3 Louse","floor":7,"turns":2}],"seed_played":"4639470068857611908","potions_obtained":[{"floor":5,"key":"SpeedPotion"}],"is_trial":false,"path_per_floor":["M","?","M","M","M","R","M"],"character_chosen":"SLIMEBOUND","items_purchased":[],"campfire_rested":0,"item_purchase_floors":[],"current_hp_per_floor":[58,58,40,42,16,16,0],"gold":341,"neow_bonus":"ONE_RARE_RELIC","is_prod":false,"is_daily":false,"chose_seed":false,"campfire_upgraded":1,"win_rate":0,"timestamp":1550283391,"path_taken":["M","?","M","M","M","R","M"],"build_version":"2019-01-23","purchased_purges":0,"victory":false,"max_hp_per_floor":[63,63,63,63,63,63,63],"card_choices":[{"not_picked":["Slimebound:SlimeBarrage","Slimebound:AcidGelatin"],"picked":"Slimebound:Grow","floor":1},{"not_picked":["Slimebound:GoopSpray","Slimebound:ViciousTackle","Slimebound:FlameTackle"],"picked":"SKIP","floor":3},{"not_picked":["Slimebound:ProtectTheBoss","Slimebound:Chomp"],"picked":"Slimebound:RainOfGoop","floor":4},{"not_picked":["Slimebound:ViciousTackle","Slimebound:Replication","Slimebound:FirmFortitude"],"picked":"SKIP","floor":5}],"player_experience":702272,"relics_obtained":[],"event_choices":[{"damage_healed":0,"gold_gain":175,"player_choice":"AGREE","damage_taken":0,"max_hp_gain":0,"max_hp_loss":0,"event_name":"Liars Game","floor":2,"gold_loss":0,"cards_obtained":["Doubt"]}],"is_beta":false,"boss_relics":[],"items_purged_floors":[],"is_endless":false,"potions_floor_spawned":[5],"killed_by":"3 Louse","ascension_level":0}