{"gold_per_floor":[114,129,129,8,8,38,2,17,17,17,32,62,62,77,77,177,177,192,120,135,235,235],"floor_reached":22,"playtime":1272,"items_purged":["Flying Knee"],"score":269,"play_id":"527eac83-cb50-401f-a6fd-3f7fbcc3a92e","local_time":"20190119180947","daily_mods":["SealedDeck","Colorless Cards","Terminal"],"is_ascension_mode":false,"campfire_choices":[{"data":"Envenom","floor":10,"key":"SMITH"},{"data":"Accuracy","floor":13,"key":"SMITH"},{"data":"Cloak And Dagger","floor":15,"key":"SMITH"}],"neow_cost":"","seed_source_timestamp":0,"circlet_count":0,"master_deck":["Backflip","Backflip","Terror+1","Dagger Spray","Infinite Blades","Infinite Blades","Cloak And Dagger","Cloak And Dagger","Cloak And Dagger+1","Envenom+1","Footwork","Accuracy+1","Madness","Impatience","Envenom","Accuracy","Finisher"],"special_seed":17916,"relics":["Ring of the Snake","Ninja Scroll","Bottled Flame","Pocketwatch","Philosopher\u0027s Stone","Prayer Wheel","Frozen Egg 2"],"potions_floor_usage":[21,21,21],"damage_taken":[{"damage":0,"enemies":"2 Louse","floor":1,"turns":1},{"damage":0,"enemies":"Cultist","floor":2,"turns":3},{"damage":8,"enemies":"3 Sentries","floor":6,"turns":5},{"damage":0,"enemies":"Jaw Worm","floor":8,"turns":3},{"damage":0,"enemies":"Blue Slaver","floor":11,"turns":2},{"damage":0,"enemies":"Lagavulin","floor":12,"turns":4},{"damage":2,"enemies":"Red Slaver","floor":14,"turns":2},{"damage":0,"enemies":"Slime Boss","floor":16,"turns":5},{"damage":0,"enemies":"3 Byrds","floor":18,"turns":3},{"damage":9,"enemies":"2 Thieves","floor":20,"turns":3},{"damage":9,"enemies":"Colosseum Slavers","floor":21,"turns":2},{"damage":15,"enemies":"Colosseum Nobs","floor":21,"turns":3},{"damage":22,"enemies":"Centurion and Healer","floor":22,"turns":3}],"seed_played":"7558609228470536765","potions_obtained":[{"floor":6,"key":"SmokeBomb"},{"floor":11,"key":"Strength Potion"},{"floor":14,"key":"SkillPotion"},{"floor":18,"key":"LiquidBronze"}],"is_trial":false,"path_per_floor":["M","M","?","$","?","E","$","M","T","R","M","E","R","M","R","B",null,"M","$","M","?","M"],"character_chosen":"THE_SILENT","items_purchased":["Cloak And Dagger","Footwork","Accuracy"],"campfire_rested":0,"item_purchase_floors":[4,7,19],"current_hp_per_floor":[68,67,66,65,64,56,56,56,56,56,56,56,56,54,54,53,52,51,50,41,17,0],"gold":235,"neow_bonus":"","is_prod":false,"is_daily":true,"chose_seed":false,"campfire_upgraded":3,"win_rate":0,"timestamp":1547950187,"path_taken":["M","M","?","$","?","E","$","M","T","R","M","E","R","?","R","BOSS","M","?","M","?","?"],"build_version":"2019-01-17v2","purchased_purges":1,"victory":false,"max_hp_per_floor":[68,67,66,65,64,63,62,61,60,59,58,57,56,55,54,53,52,51,50,49,48,48],"card_choices":[{"not_picked":["Catalyst","Crippling Poison","Predator"],"picked":"SKIP","floor":1},{"not_picked":["Dagger Throw","Outmaneuver","Reflex"],"picked":"SKIP","floor":2},{"not_picked":["Sucker Punch","Impatience"],"picked":"Envenom","floor":6},{"not_picked":["Blade Dance","Bane"],"picked":"Accuracy","floor":8},{"not_picked":["Sucker Punch","Deadly Poison"],"picked":"Madness","floor":11},{"not_picked":["Infinite Blades","Deadly Poison"],"picked":"Impatience","floor":12},{"not_picked":["Deflect","Heel Hook","Slice"],"picked":"SKIP","floor":14},{"not_picked":["Bullet Time","Violence"],"picked":"Envenom","floor":16},{"not_picked":["Poisoned Stab","Calculated Gamble+1","Prepared"],"picked":"SKIP","floor":18},{"not_picked":["Slice","Acrobatics+1","Finisher"],"picked":"SKIP","floor":20},{"not_picked":["Slice","Acrobatics+1"],"picked":"Finisher","floor":20}],"player_experience":595174,"relics_obtained":[{"floor":6,"key":"Ninja Scroll"},{"floor":9,"key":"Bottled Flame"},{"floor":12,"key":"Pocketwatch"},{"floor":21,"key":"Prayer Wheel"},{"floor":21,"key":"Frozen Egg 2"}],"event_choices":[{"damage_healed":0,"gold_gain":0,"player_choice":"Grow","damage_taken":0,"max_hp_gain":0,"max_hp_loss":0,"event_name":"Living Wall","floor":3,"gold_loss":0,"cards_upgraded":["Terror"]},{"cards_removed":["Dramatic Entrance"],"damage_healed":0,"gold_gain":0,"player_choice":"Purged","damage_taken":0,"max_hp_gain":0,"max_hp_loss":0,"event_name":"Purifier","floor":5,"gold_loss":0},{"damage_healed":0,"gold_gain":0,"player_choice":"Fight","damage_taken":0,"max_hp_gain":0,"max_hp_loss":0,"event_name":"Colosseum","floor":21,"gold_loss":0},{"damage_healed":0,"gold_gain":0,"player_choice":"Fought Nobs","damage_taken":0,"max_hp_gain":0,"max_hp_loss":0,"event_name":"Colosseum","floor":21,"gold_loss":0}],"is_beta":false,"boss_relics":[{"not_picked":["White Beast Statue","Runic Pyramid"],"picked":"Philosopher\u0027s Stone"}],"items_purged_floors":[4],"is_endless":false,"potions_floor_spawned":[6,11,14,18,20,21],"killed_by":"Centurion and Healer","ascension_level":0}