{"path_per_floor":["M","M","?","M","?","R","E","R","T","M","E","$","?","M","R","B",null,"M","$","?","?","M","E","M","R","T","M","M","E","$","M","R"],"character_chosen":"IRONCLAD","items_purchased":["Shrug It Off","Fire Breathing","Oddly Smooth Stone","Master of Strategy"],"gold_per_floor":[117,127,127,140,140,140,175,175,175,188,219,97,97,111,111,214,214,226,76,76,76,93,118,132,132,157,170,189,215,34,54,54,54],"floor_reached":33,"campfire_rested":3,"playtime":1797,"current_hp_per_floor":[75,80,80,80,80,80,73,73,73,64,61,61,45,46,80,20,80,80,80,80,80,76,23,19,58,58,64,46,33,33,25,64,0],"items_purged":[],"gold":54,"score":297,"play_id":"4c166b75-4162-4dc2-b59f-81b41ee9ed1b","local_time":"20180407140245","is_prod":false,"is_daily":false,"is_ascension_mode":false,"campfire_upgraded":2,"timestamp":1523106165,"path_taken":["M","M","?","M","?","R","E","R","T","M","E","$","?","M","R","BOSS","M","$","?","?","?","E","M","R","T","M","M","E","?","M","R","BOSS"],"build_version":"2018-04-05v2","purchased_purges":0,"victory":false,"master_deck":["Strike_R+1","Strike_R+1","Strike_R+1","Strike_R+1","Strike_R+1","Defend_R+1","Defend_R+1","Defend_R+1","Defend_R+1","Bash+1","Pommel Strike+1","Whirlwind+1","Pommel Strike","Regret","Headbutt","Iron Wave","Dropkick","Shrug It Off","Fire Breathing+1","Battle Trance+1","Demon Form","Cleave","Flex+1","Dual Wield+1","Shrug It Off","Seeing Red","Clash","Flex+1","Master of Strategy","Flex"],"max_hp_per_floor":[80,80,80,80,80,80,80,80,80,80,80,80,80,80,80,80,80,80,80,80,80,80,80,80,80,80,80,80,80,80,80,80,80],"relics":["Burning Blood","Regal Pillow","Pantograph","Whetstone","Ice Cream","Question Card","Velvet Choker","Oddly Smooth Stone","War Paint","Bag of Marbles","Prayer Wheel"],"card_choices":[{"not_picked":["Rage","Reaper"],"picked":"Pommel Strike","floor":1},{"not_picked":["Wild Strike","Burning Pact"],"picked":"Whirlwind","floor":2},{"not_picked":["Clothesline","Uppercut"],"picked":"Pommel Strike","floor":4},{"not_picked":["Reckless Charge","Dropkick"],"picked":"Headbutt","floor":7},{"not_picked":["Body Slam","Wild Strike"],"picked":"Iron Wave","floor":10},{"not_picked":["Body Slam","Dark Embrace"],"picked":"Dropkick","floor":11},{"not_picked":["Thunderclap","Sword Boomerang","Wild Strike"],"picked":"Battle Trance","floor":14},{"not_picked":["Juggernaut","Bludgeon","Immolate"],"picked":"Demon Form","floor":16},{"not_picked":["Corruption","Reckless Charge","Pummel"],"picked":"Cleave","floor":18},{"not_picked":["Iron Wave","Shrug It Off","Anger"],"picked":"Flex","floor":22},{"not_picked":["Rupture","Barricade","Anger"],"picked":"Dual Wield","floor":23},{"not_picked":["Battle Trance","Second Wind","Evolve"],"picked":"Shrug It Off","floor":24},{"not_picked":["Cleave","Dual Wield","Rage"],"picked":"Seeing Red","floor":27},{"not_picked":["Pummel","Fire Breathing","Cleave"],"picked":"Clash","floor":28},{"not_picked":["Clash","Double Tap","Pommel Strike"],"picked":"Flex","floor":29},{"not_picked":["Iron Wave","Armaments","Combust"],"picked":"Flex","floor":31}],"player_experience":24969,"potions_floor_usage":[7,7,14,16,16,24,24,29],"damage_taken":[{"damage":11,"enemies":"Jaw Worm","floor":1,"turns":2},{"damage":0,"enemies":"Small Slimes","floor":2,"turns":3},{"damage":5,"enemies":"2 Louse","floor":4,"turns":3},{"damage":13,"enemies":"3 Sentries","floor":7,"turns":5},{"damage":15,"enemies":"Looter","floor":10,"turns":2},{"damage":9,"enemies":"Gremlin Nob","floor":11,"turns":3},{"damage":5,"enemies":"2 Fungi Beasts","floor":14,"turns":3},{"damage":66,"enemies":"The Guardian","floor":16,"turns":9},{"damage":2,"enemies":"Chosen","floor":18,"turns":4},{"damage":10,"enemies":"Shell Parasite","floor":22,"turns":3},{"damage":59,"enemies":"Gremlin Leader","floor":23,"turns":7},{"damage":10,"enemies":"Centurion and Healer","floor":24,"turns":6},{"damage":0,"enemies":"3 Cultists","floor":27,"turns":1},{"damage":24,"enemies":"Snake Plant","floor":28,"turns":3},{"damage":19,"enemies":"Slavers","floor":29,"turns":3},{"damage":14,"enemies":"Snecko","floor":31,"turns":4},{"damage":84,"enemies":"Automaton","floor":33,"turns":6}],"event_choices":[{"event_name":"Golden Wing","player_choice":"Ignored","floor":3,"damage_taken":0},{"event_name":"Big Fish","player_choice":"Box","floor":5,"damage_taken":0},{"event_name":"Shining Light","player_choice":"Entered Light","floor":13,"damage_taken":0},{"event_name":"Ghosts","player_choice":"Ignored","floor":20,"damage_taken":0},{"event_name":"Back to Basics","player_choice":"Simplicity","floor":21,"damage_taken":0}],"boss_relics":[{"not_picked":["White Beast Statue","Mark of Pain"],"picked":"Velvet Choker"}],"potions_floor_spawned":[1,2,10,11,14,22,23,27],"seed_played":"-5093006847774022134","killed_by":"Automaton","ascension_level":0,"is_trial":false}