{"gold_per_floor":[212,227,227,247,212,212,545,545,545,570,584,68,103,119,119,240,240,229,247,207,231,250,269,269,194,194,194,209,209,209,223,223,354,354,378,226,226,241,255,255,299,314,337,350,375,391,391,11,11,11],"floor_reached":51,"playtime":3105,"items_purged":[],"score":817,"play_id":"048389d9-cc6f-4be4-b5f0-990c9912ce22","local_time":"20180913005336","is_ascension_mode":true,"campfire_choices":[{"data":"Consume","floor":6,"key":"SMITH"},{"data":"Consume","floor":8,"key":"SMITH"},{"floor":15,"key":"REST"},{"data":"Creative AI","floor":24,"key":"SMITH"},{"floor":29,"key":"REST"},{"data":"Buffer","floor":32,"key":"SMITH"},{"data":"Loop","floor":40,"key":"SMITH"},{"floor":47,"key":"REST"},{"floor":49,"key":"REST"}],"neow_cost":"NONE","seed_source_timestamp":1068857025898168,"circlet_count":0,"master_deck":["Strike_B+1","Strike_B","Strike_B","Strike_B","Defend_B","Defend_B","Zap","Dualcast","Sweeping Beam","Cold Snap","Consume+1","Consume+1","Cold Snap","Capacitor","Conserve Battery+1","Creative AI+1","Melter","Ball Lightning","Loop+1","Ball Lightning","Static Discharge+1","Buffer+1","Buffer+1","Capacitor+1","Tempest+1","White Noise+1","Defragment","Go for the Eyes","White Noise"],"relics":["Cracked Core","Golden Idol","Old Coin","Mummified Hand","Thread and Needle","Omamori","Happy Flower","Sozu","Letter Opener","Singing Bowl","Lizard Tail","Strawberry","Ornamental Fan","Smiling Mask","HandDrill"],"potions_floor_usage":[7,13,22,23,33],"damage_taken":[{"damage":0,"enemies":"2 Louse","floor":1,"turns":2},{"damage":9,"enemies":"Jaw Worm","floor":2,"turns":4},{"damage":0,"enemies":"Cultist","floor":4,"turns":4},{"damage":25,"enemies":"3 Sentries","floor":7,"turns":6},{"damage":7,"enemies":"Looter","floor":10,"turns":3},{"damage":9,"enemies":"Red Slaver","floor":11,"turns":4},{"damage":15,"enemies":"Gremlin Nob","floor":13,"turns":4},{"damage":0,"enemies":"Blue Slaver","floor":14,"turns":4},{"damage":9,"enemies":"Slime Boss","floor":16,"turns":12},{"damage":15,"enemies":"2 Thieves","floor":18,"turns":4},{"damage":0,"enemies":"Shell Parasite","floor":19,"turns":5},{"damage":1,"enemies":"Chosen and Byrds","floor":21,"turns":5},{"damage":7,"enemies":"Snake Plant","floor":22,"turns":5},{"damage":9,"enemies":"Centurion and Healer","floor":23,"turns":5},{"damage":6,"enemies":"Snecko","floor":28,"turns":4},{"damage":8,"enemies":"Cultist and Chosen","floor":31,"turns":4},{"damage":4,"enemies":"Champ","floor":33,"turns":8},{"damage":24,"enemies":"3 Shapes","floor":35,"turns":5},{"damage":2,"enemies":"Orb Walker","floor":38,"turns":3},{"damage":2,"enemies":"Transient","floor":39,"turns":5},{"damage":39,"enemies":"2 Orb Walkers","floor":41,"turns":5},{"damage":0,"enemies":"Maw","floor":42,"turns":7},{"damage":44,"enemies":"3 Darklings","floor":44,"turns":5},{"damage":0,"enemies":"Spire Growth","floor":45,"turns":5},{"damage":0,"enemies":"Maw","floor":46,"turns":6},{"damage":61,"enemies":"Awakened One","floor":50,"turns":8}],"seed_played":"-3283490750185590071","potions_obtained":[{"floor":1,"key":"Explosive Potion"},{"floor":10,"key":"SpeedPotion"},{"floor":13,"key":"Block Potion"},{"floor":14,"key":"Energy Potion"},{"floor":16,"key":"Strength Potion"}],"is_trial":false,"path_per_floor":["M","M","?","M","?","R","E","R","T","M","M","$","E","M","R","B",null,"M","M","?","M","M","M","R","?","T","T","M","R","?","M","R","B",null,"M","$","?","M","M","R","E","M","T","M","M","M","R","$","R","B"],"character_chosen":"DEFECT","items_purchased":["Capacitor","Thread and Needle","Omamori","Strawberry","Defragment","HandDrill","Go for the Eyes","White Noise"],"campfire_rested":4,"item_purchase_floors":[12,12,12,36,48,48,48,48],"current_hp_per_floor":[75,66,48,48,66,66,41,41,41,34,25,25,10,10,32,23,75,60,60,60,59,52,43,43,43,43,43,37,59,59,53,53,49,77,55,62,62,60,58,58,21,21,21,28,30,32,60,60,88,27],"gold":11,"neow_bonus":"HUNDRED_GOLD","is_prod":false,"is_daily":false,"chose_seed":false,"campfire_upgraded":5,"win_rate":0,"timestamp":1536792816,"path_taken":["M","M","?","M","?","R","E","R","T","?","M","$","E","M","R","BOSS","M","M","?","M","M","M","R","?","T","?","?","R","?","M","R","BOSS","M","$","?","M","M","R","E","M","T","M","?","M","R","?","R","BOSS"],"build_version":"2018-09-06","purchased_purges":0,"victory":true,"max_hp_per_floor":[75,75,75,75,75,75,75,75,75,75,75,75,75,75,75,75,75,75,75,75,75,75,75,75,75,75,75,75,75,75,77,77,77,77,79,86,86,86,86,86,88,88,88,90,92,94,94,94,94,94],"card_choices":[{"not_picked":["Reinforced Body","Coolheaded"],"picked":"Sweeping Beam","floor":1},{"not_picked":["Redo","Steam"],"picked":"Cold Snap","floor":2},{"not_picked":["FTL","Steam"],"picked":"Consume","floor":4},{"not_picked":["Leap","Go for the Eyes"],"picked":"Consume","floor":7},{"not_picked":["Coolheaded","Turbo"],"picked":"Cold Snap","floor":10},{"not_picked":["Undo","Sunder","Streamline"],"picked":"SKIP","floor":11},{"not_picked":["Streamline","Sunder","Heatsinks"],"picked":"SKIP","floor":13},{"not_picked":["Recycle","Leap"],"picked":"Conserve Battery","floor":14},{"not_picked":["Core Surge","Reboot"],"picked":"Creative AI","floor":16},{"not_picked":["Beam Cell","Go for the Eyes+1"],"picked":"Melter","floor":18},{"not_picked":["Stack+1","Scrape"],"picked":"Ball Lightning","floor":19},{"not_picked":["Scrape","Coolheaded+1"],"picked":"Loop","floor":21},{"not_picked":["Sunder","Leap"],"picked":"Ball Lightning","floor":22},{"not_picked":["Undo","Go for the Eyes"],"picked":"Static Discharge+1","floor":23},{"not_picked":["Steam Power","Turbo"],"picked":"Buffer","floor":28},{"not_picked":["Beam Cell","Go for the Eyes","Leap"],"picked":"Singing Bowl","floor":31},{"not_picked":["Seek","Rainbow"],"picked":"Buffer","floor":33},{"not_picked":["Rip and Tear","Leap","Streamline+1"],"picked":"Singing Bowl","floor":35},{"not_picked":["Redo","Go for the Eyes"],"picked":"Capacitor+1","floor":38},{"not_picked":["Hello World","Turbo+1"],"picked":"Tempest+1","floor":39},{"not_picked":["Machine Learning","Chill","Cold Snap+1"],"picked":"Singing Bowl","floor":41},{"not_picked":["Beam Cell+1","Heatsinks"],"picked":"White Noise+1","floor":42},{"not_picked":["Compile Driver+1","Reinforced Body","Rebound+1"],"picked":"Singing Bowl","floor":44},{"not_picked":["Reprogram","Leap","Rebound"],"picked":"Singing Bowl","floor":45},{"not_picked":["Undo+1","Turbo+1","Go for the Eyes+1"],"picked":"Singing Bowl","floor":46}],"player_experience":146749,"relics_obtained":[{"floor":7,"key":"Old Coin"},{"floor":9,"key":"Mummified Hand"},{"floor":13,"key":"Happy Flower"},{"floor":26,"key":"Letter Opener"},{"floor":27,"key":"Singing Bowl"},{"floor":41,"key":"Ornamental Fan"},{"floor":43,"key":"Smiling Mask"}],"event_choices":[{"event_name":"Golden Idol","player_choice":"Take Damage","floor":3,"damage_taken":0},{"event_name":"The Cleric","player_choice":"Healed","floor":5,"damage_taken":0},{"event_name":"Designer","player_choice":"Upgrade 2 Random Cards","floor":20,"damage_taken":0},{"event_name":"Beggar","player_choice":"Gave Gold","floor":25,"damage_taken":0},{"event_name":"Bonfire Elementals","player_choice":"BASIC","floor":30,"damage_taken":0},{"event_name":"Upgrade Shrine","player_choice":"Upgraded","floor":37,"damage_taken":0}],"is_beta":false,"boss_relics":[{"not_picked":["Pandora\u0027s Box","Ectoplasm"],"picked":"Sozu"},{"not_picked":["Snecko Eye","Nuclear Battery"],"picked":"Lizard Tail"}],"items_purged_floors":[],"is_endless":false,"potions_floor_spawned":[1,10,13,14,16,19,22,23,33,35,38,44],"ascension_level":3}