{"path_per_floor":["M","M","?","M","M","R","?","M","T","M","R","M","R","?","R","B",null,"M","M","$","?","?","R","M","R","T","M","M","?","T","M","R","B",null,"M","?","$","M","$","R","M","M","T","E","R","?","R","E","R","B"],"character_chosen":"DEFECT","items_purchased":["Gambling Chip","Streamline","Mango"],"gold_per_floor":[119,129,129,147,160,160,231,252,252,268,268,291,291,291,291,421,421,444,459,66,66,66,66,87,87,87,108,127,127,154,168,168,293,293,308,308,6,20,20,20,43,57,57,100,100,100,100,139,139,139],"floor_reached":51,"campfire_rested":4,"playtime":5994,"current_hp_per_floor":[68,65,48,47,39,39,23,12,12,9,30,30,30,23,44,24,61,55,58,58,58,58,65,71,71,71,47,46,46,46,29,53,14,64,36,26,40,53,53,53,65,73,73,52,52,52,52,55,94,41],"items_purged":["Strike_B"],"gold":139,"score":1076,"play_id":"12fcb891-8bf6-4df4-8b20-de3d8cfd3291","local_time":"20180518175318","is_prod":false,"is_daily":false,"chose_seed":false,"is_ascension_mode":true,"campfire_upgraded":0,"timestamp":1526658798,"campfire_choices":[{"floor":6.0,"key":"DIG"},{"floor":11.0,"key":"REST"},{"floor":13.0,"key":"DIG"},{"floor":15.0,"key":"REST"},{"floor":23,"key":"DIG"},{"floor":25,"key":"DIG"},{"floor":32,"key":"REST"},{"floor":40,"key":"DIG"},{"data":"Pain","floor":45,"key":"PURGE"},{"floor":47,"key":"DIG"},{"floor":49,"key":"REST"}],"path_taken":["M","M","?","?","M","R","?","M","T","M","R","M","R","?","R","BOSS","M","M","$","?","?","R","?","R","T","M","M","?","?","M","R","BOSS","M","?","$","M","$","R","M","M","T","E","R","?","R","E","R","BOSS"],"build_version":"2018-05-17","seed_source_timestamp":0,"purchased_purges":1,"victory":true,"master_deck":["Strike_B+1","Strike_B+1","Defend_B+1","Defend_B+1","Defend_B+1","Defend_B+1","Zap","Dualcast","Hologram","Genetic Algorithm","Coolheaded","Streamline","Chill","Defragment","Hologram","Echo Form","Ball Lightning","Streamline+1","Streamline","Decay","FTL","Recycle+1","Clumsy","Defragment","Reboot","Doubt","Clumsy","Clumsy","Coolheaded+1","Transmutation","Jack Of All Trades","Flash of Steel","BootSequence","Capacitor+1","All For One"],"max_hp_per_floor":[68,68,68,68,68,68,68,68,68,73,73,73,73,73,73,73,73,73,73,73,73,73,80,80,80,80,80,80,80,80,80,80,80,80,80,80,94,94,94,94,94,94,94,94,94,94,94,94,94,94],"relics":["Cracked Core","Shovel","Golden Idol","Ancient Tea Set","Cables","Gremlin Horn","Bird Faced Urn","Toolbox","Cursed Key","Gambling Chip","Strawberry","Lantern","Du-Vu Doll","Bag of Marbles","Calling Bell","Bag of Preparation","Matryoshka","Peace Pipe","Mango","DataDisk","Regal Pillow","Dream Catcher","Prayer Wheel","Meat on the Bone","Happy Flower"],"card_choices":[{"not_picked":["Go for the Eyes","Hello World"],"picked":"Hologram","floor":1.0},{"not_picked":["Rebound","Barrage"],"picked":"Genetic Algorithm","floor":2.0},{"not_picked":["Cold Snap","Sweeping Beam"],"picked":"Coolheaded","floor":4.0},{"not_picked":["Heatsinks","Coolheaded"],"picked":"Streamline","floor":5.0},{"not_picked":["Barrage","Rebound"],"picked":"Chill","floor":8.0},{"not_picked":["Aggregate","Glacier"],"picked":"Defragment","floor":10.0},{"not_picked":["All For One","Rebound"],"picked":"Hologram","floor":12.0},{"not_picked":["All For One","Seek"],"picked":"Echo Form","floor":16.0},{"not_picked":["Coolheaded","Turbo"],"picked":"Ball Lightning","floor":18.0},{"not_picked":["Ball Lightning","Beam Cell"],"picked":"Streamline+1","floor":19.0},{"not_picked":["Rip and Tear+1","Rebound","Axe Kick"],"picked":"SKIP","floor":24},{"not_picked":["Cold Snap+1","Double Energy"],"picked":"FTL","floor":27},{"not_picked":["Static Discharge","Axe Kick"],"picked":"Recycle+1","floor":28},{"not_picked":["Beam Cell","Conserve Battery"],"picked":"Defragment","floor":31},{"not_picked":["Buffer","Echo Form"],"picked":"Reboot","floor":33},{"not_picked":["Hello World+1","Steam+1"],"picked":"Coolheaded+1","floor":35},{"not_picked":["Enlightenment","Secret Weapon"],"picked":"Transmutation","floor":36},{"not_picked":["Deep Breath","Sadistic Nature"],"picked":"Jack Of All Trades","floor":36},{"not_picked":["Finesse","Trip"],"picked":"Flash of Steel","floor":36},{"not_picked":["Capacitor","Steam"],"picked":"BootSequence","floor":38},{"not_picked":["Sweeping Beam","Go for the Eyes","Steam"],"picked":"SKIP","floor":41},{"not_picked":["Gash","Steam+1","Cold Snap+1"],"picked":"SKIP","floor":42},{"not_picked":["Loop","Lockon"],"picked":"Capacitor+1","floor":44},{"not_picked":["Rebound+1","Steam"],"picked":"All For One","floor":48}],"player_experience":86642,"potions_floor_usage":[31,31,33,33,44],"damage_taken":[{"damage":0.0,"enemies":"Small Slimes","floor":1.0,"turns":2.0},{"damage":3.0,"enemies":"2 Louse","floor":2.0,"turns":2.0},{"damage":1.0,"enemies":"Cultist","floor":4.0,"turns":3.0},{"damage":8.0,"enemies":"Red Slaver","floor":5.0,"turns":4.0},{"damage":16.0,"enemies":"3 Sentries","floor":7.0,"turns":8.0},{"damage":11.0,"enemies":"3 Louse","floor":8.0,"turns":4.0},{"damage":8.0,"enemies":"Blue Slaver","floor":10.0,"turns":5.0},{"damage":0.0,"enemies":"Lots of Slimes","floor":12.0,"turns":3.0},{"damage":24.0,"enemies":"Slime Boss","floor":16.0,"turns":13.0},{"damage":10.0,"enemies":"Shell Parasite","floor":18.0,"turns":9.0},{"damage":1.0,"enemies":"Chosen","floor":19.0,"turns":5.0},{"damage":0,"enemies":"Centurion and Healer","floor":24,"turns":5},{"damage":24,"enemies":"Snecko","floor":27,"turns":5},{"damage":7,"enemies":"Chosen and Byrds","floor":28,"turns":5},{"damage":21,"enemies":"Cultist and Chosen","floor":31,"turns":6},{"damage":45,"enemies":"Champ","floor":33,"turns":10},{"damage":38,"enemies":"3 Darklings","floor":35,"turns":5},{"damage":1,"enemies":"Flame Bruiser 1 Orb","floor":38,"turns":5},{"damage":0,"enemies":"4 Shapes","floor":41,"turns":4},{"damage":0,"enemies":"Flame Bruiser 2 Orb","floor":42,"turns":6},{"damage":43,"enemies":"2 Orb Walkers","floor":44,"turns":5},{"damage":5,"enemies":"Nemesis","floor":48,"turns":5},{"damage":75,"enemies":"Donu and Deca","floor":50,"turns":11}],"relics_obtained":[{"floor":6.0,"key":"Ancient Tea Set"},{"floor":7.0,"key":"Cables"},{"floor":9.0,"key":"Gremlin Horn"},{"floor":13.0,"key":"Bird Faced Urn"},{"floor":23,"key":"Strawberry"},{"floor":25,"key":"Lantern"},{"floor":26,"key":"Du-Vu Doll"},{"floor":30,"key":"Bag of Marbles"},{"floor":34,"key":"Bag of Preparation"},{"floor":34,"key":"Matryoshka"},{"floor":34,"key":"Peace Pipe"},{"floor":40,"key":"DataDisk"},{"floor":43,"key":"Regal Pillow"},{"floor":43,"key":"Dream Catcher"},{"floor":44,"key":"Prayer Wheel"},{"floor":47,"key":"Meat on the Bone"},{"floor":48,"key":"Happy Flower"}],"event_choices":[{"event_name":"Golden Idol","player_choice":"Take Damage","floor":3.0,"damage_taken":0.0},{"event_name":"Dead Adventurer","player_choice":"Searched \u00272\u0027 times","floor":7.0,"damage_taken":0.0},{"event_name":"Scrap Ooze","player_choice":"success","floor":14.0,"damage_taken":7.0},{"event_name":"Drug Dealer","player_choice":"Ignored","floor":21,"damage_taken":0},{"event_name":"Addict","player_choice":"Ignored","floor":22,"damage_taken":0},{"event_name":"Back to Basics","player_choice":"Simplicity","floor":29,"damage_taken":0},{"event_name":"SensoryStone","player_choice":"Memory 3","floor":36,"damage_taken":0}],"boss_relics":[{"not_picked":["Runic Pyramid","Nuclear Battery"],"picked":"Calling Bell"}],"potions_floor_spawned":[7,8,10,16,19,27,31,33,35,38,42],"seed_played":"3988902761059000636","ascension_level":7,"potions_obtained":[{"floor":7.0,"key":"PowerPotion"},{"floor":8.0,"key":"Fruit Juice"},{"floor":10.0,"key":"Block Potion"},{"floor":16.0,"key":"SkillPotion"},{"floor":19.0,"key":"Poison Potion"},{"floor":31,"key":"EssenceOfSteel"},{"floor":33,"key":"GamblersBrew"},{"floor":35,"key":"Strength Potion"},{"floor":38,"key":"Regen Potion"},{"floor":42,"key":"SpeedPotion"}],"is_trial":false}