{"gold_per_floor":[110,35,210,225,25,56,56,71,119,19,19,37,37,4,4,4],"floor_reached":16,"playtime":423,"items_purged":["Strike_R","Doubt"],"score":108,"play_id":"2cc3683d-ebc7-438a-9600-f7a2e5099b8d","local_time":"20190326010126","is_ascension_mode":true,"campfire_choices":[{"data":"Shrug It Off","floor":7,"key":"SMITH"},{"data":"Sword Boomerang","floor":15,"key":"SMITH"}],"neow_cost":"NONE","seed_source_timestamp":12404912436408,"circlet_count":0,"master_deck":["Strike_R","Strike_R","Strike_R+1","Strike_R","Defend_R","Defend_R","Defend_R","Defend_R","Bash+1","Sword Boomerang+1","Shrug It Off+1","Parasite","Whirlwind"],"relics":["Burning Blood","Blood Vial","Dream Catcher"],"potions_floor_usage":[6,6,6,16,16,16],"damage_taken":[{"damage":6,"enemies":"Cultist","floor":1,"turns":4},{"damage":2,"enemies":"2 Louse","floor":4,"turns":2},{"damage":32,"enemies":"Lagavulin","floor":6,"turns":6},{"damage":3,"enemies":"Small Slimes","floor":8,"turns":4},{"damage":14,"enemies":"Looter","floor":12,"turns":4},{"damage":73,"enemies":"The Guardian","floor":16,"turns":12}],"seed_played":"-8845748419321067531","potions_obtained":[{"floor":4,"key":"PowerPotion"},{"floor":8,"key":"BloodPotion"}],"is_trial":false,"path_per_floor":["M","$","?","M","$","E","R","M","T","$","?","M","?","$","R","B"],"character_chosen":"IRONCLAD","items_purchased":["SkillPotion","Poison Potion","Fire Potion","Dexterity Potion","Whirlwind"],"campfire_rested":0,"item_purchase_floors":[5,5,10,10,14],"current_hp_per_floor":[80,80,80,80,80,54,54,59,59,59,79,72,56,56,56,0],"gold":4,"neow_bonus":"THREE_CARDS","is_prod":false,"is_daily":false,"chose_seed":false,"campfire_upgraded":2,"win_rate":0,"timestamp":1553576486,"path_taken":["M","?","?","M","$","E","R","M","T","$","?","M","?","?","R","BOSS"],"build_version":"2019-01-23","purchased_purges":2,"victory":false,"max_hp_per_floor":[80,80,80,80,80,80,80,80,80,80,80,80,80,80,80,80],"card_choices":[{"not_picked":["Burning Pact","Twin Strike"],"picked":"Sword Boomerang","floor":0},{"not_picked":["Heavy Blade","Sword Boomerang"],"picked":"Shrug It Off","floor":1},{"not_picked":["Hemokinesis","Fire Breathing","Thunderclap"],"picked":"SKIP","floor":4},{"not_picked":["Carnage","Heavy Blade","Armaments"],"picked":"SKIP","floor":6},{"not_picked":["Pommel Strike","Carnage","True Grit"],"picked":"SKIP","floor":8},{"not_picked":["Iron Wave","Sentinel","Pommel Strike"],"picked":"SKIP","floor":12}],"player_experience":749732,"relics_obtained":[{"floor":6,"key":"Blood Vial"},{"floor":9,"key":"Dream Catcher"}],"event_choices":[{"damage_healed":0,"gold_gain":175,"player_choice":"AGREE","damage_taken":0,"max_hp_gain":0,"max_hp_loss":0,"event_name":"Liars Game","floor":3,"gold_loss":0,"cards_obtained":["Doubt"]},{"damage_healed":20,"gold_gain":0,"player_choice":"Healed and dodged fight","damage_taken":0,"max_hp_gain":0,"max_hp_loss":0,"event_name":"Mushrooms","floor":11,"gold_loss":0,"cards_obtained":["Parasite"]},{"damage_healed":0,"gold_gain":0,"player_choice":"Entered Light","damage_taken":16,"max_hp_gain":0,"max_hp_loss":0,"event_name":"Shining Light","floor":13,"gold_loss":0,"cards_upgraded":["Bash","Strike_R"]}],"is_beta":false,"boss_relics":[],"items_purged_floors":[2,5],"is_endless":false,"potions_floor_spawned":[4,8],"killed_by":"The Guardian","ascension_level":2}