{"gold_per_floor":[111,111,111,127,127,127,127,127,127,127,146,166,179,179,179,179],"floor_reached":16,"playtime":648,"items_purged":[],"score":90,"play_id":"b0afe339-a04e-43b4-ac84-bf97ae5cf5ff","local_time":"20190124125503","is_ascension_mode":false,"campfire_choices":[{"data":"Survivor","floor":6,"key":"SMITH"},{"data":"Tactician","floor":8,"key":"SMITH"},{"data":"1","floor":10,"key":"LIFT"},{"floor":15,"key":"REST"}],"neow_cost":"NONE","seed_source_timestamp":39367198840141,"circlet_count":0,"master_deck":["Defend_G","Defend_G","Defend_G","Defend_G","Defend_G","Strike_G","Strike_G","Strike_G+1","Strike_G","Strike_G","Survivor+1","Neutralize+1","Pain","Clumsy","Tactician+1","Crippling Poison","Footwork"],"relics":["Calling Bell","Potion Belt","Mummified Hand","Turnip","Vajra","Paper Crane","Girya"],"potions_floor_usage":[12],"damage_taken":[{"damage":12,"enemies":"Cultist","floor":1,"turns":6},{"damage":5,"enemies":"Jaw Worm","floor":4,"turns":5},{"damage":4,"enemies":"Small Slimes","floor":11,"turns":4},{"damage":7,"enemies":"3 Louse","floor":12,"turns":4},{"damage":5,"enemies":"Exordium Wildlife","floor":13,"turns":7},{"damage":66,"enemies":"Slime Boss","floor":16,"turns":9}],"seed_played":"2328349462192861536","potions_obtained":[{"floor":1,"key":"Swift Potion"}],"is_trial":false,"path_per_floor":["M","T","T","M","?","R","?","R","T","R","M","M","M","?","R","B"],"character_chosen":"THE_SILENT","items_purchased":[],"campfire_rested":1,"item_purchase_floors":[],"current_hp_per_floor":[58,58,58,53,39,39,32,32,32,32,28,21,16,39,60,0],"gold":179,"neow_bonus":"BOSS_RELIC","is_prod":false,"is_daily":false,"chose_seed":false,"campfire_upgraded":2,"win_rate":0,"timestamp":1548352503,"path_taken":["M","?","?","M","?","R","?","R","T","R","M","?","M","?","R","BOSS"],"build_version":"2019-01-23","purchased_purges":0,"victory":false,"max_hp_per_floor":[70,70,70,70,70,70,70,70,70,70,70,70,70,70,70,70],"card_choices":[{"not_picked":["Acrobatics","Underhanded Strike"],"picked":"Tactician","floor":1},{"not_picked":["Dagger Spray","Deflect","Dagger Throw"],"picked":"SKIP","floor":4},{"not_picked":["Escape Plan","PiercingWail"],"picked":"Crippling Poison","floor":11},{"not_picked":["Underhanded Strike","Bane"],"picked":"Footwork","floor":12},{"not_picked":["Quick Slash","Grand Finale","Acrobatics"],"picked":"SKIP","floor":13}],"player_experience":579457,"relics_obtained":[{"floor":0,"key":"Potion Belt"},{"floor":0,"key":"Mummified Hand"},{"floor":0,"key":"Turnip"},{"floor":2,"key":"Vajra"},{"floor":3,"key":"Paper Crane"},{"floor":9,"key":"Girya"}],"event_choices":[{"damage_healed":0,"gold_gain":0,"player_choice":"Entered Light","damage_taken":14,"max_hp_gain":0,"max_hp_loss":0,"event_name":"Shining Light","floor":5,"gold_loss":0,"cards_upgraded":["Strike_G","Neutralize"]},{"cards_removed":["Normality"],"damage_healed":0,"gold_gain":0,"player_choice":"Card Removal","damage_taken":7,"max_hp_gain":0,"max_hp_loss":0,"event_name":"Golden Wing","floor":7,"gold_loss":0},{"damage_healed":23,"gold_gain":0,"player_choice":"Banana","damage_taken":0,"max_hp_gain":0,"max_hp_loss":0,"event_name":"Big Fish","floor":14,"gold_loss":0}],"is_beta":false,"boss_relics":[],"items_purged_floors":[],"is_endless":false,"potions_floor_spawned":[1],"killed_by":"Slime Boss","ascension_level":0}