{"path_per_floor":["M","?","M","$","M","E","R","M","T","M","M","R","?","M","R"],"character_chosen":"THE_SILENT","items_purchased":[],"gold_per_floor":[14,189,205,130,140,174,174,192,247,261,271,271,241,251,251,251],"floor_reached":16,"campfire_rested":1,"playtime":609,"current_hp_per_floor":[70,70,70,70,70,45,45,37,37,33,33,33,33,30,51,0],"items_purged":["Doubt"],"gold":251,"score":104,"play_id":"61db1cf7-88fc-47f7-979b-b8c1e6de00b8","local_time":"20180329151009","is_prod":false,"is_daily":false,"is_ascension_mode":false,"campfire_upgraded":2,"timestamp":1522329009,"path_taken":["M","?","M","$","M","E","R","M","T","?","M","R","?","M","R","BOSS"],"build_version":"2018-03-22v2","purchased_purges":2,"victory":false,"master_deck":["Defend_G","Defend_G","Defend_G","Defend_G","Defend_G","Strike_G","Strike_G","Strike_G","Strike_G","Strike_G","Survivor","Neutralize","Adrenaline+1","Acrobatics","Grand Finale","Setup+1","Prepared","Backflip","Tools of the Trade"],"max_hp_per_floor":[70,70,70,70,70,70,70,70,70,70,70,70,70,70,70,70],"relics":["Ring of the Snake","Ginger","Omamori"],"card_choices":[{"not_picked":["Night Terror","Die Die Die"],"picked":"Adrenaline","floor":0},{"not_picked":["Quick Slash","Bouncing Flask"],"picked":"Acrobatics","floor":1},{"not_picked":["Deadly Poison","Dash"],"picked":"Grand Finale","floor":5},{"not_picked":["Choke","Acrobatics"],"picked":"Setup","floor":6},{"not_picked":["Cloak And Dagger","Sucker Punch"],"picked":"Prepared","floor":8},{"not_picked":["Masterful Stab","Deadly Poison"],"picked":"Backflip","floor":10},{"not_picked":["Terror","Crippling Poison"],"picked":"Tools of the Trade","floor":11}],"player_experience":145166,"potions_floor_usage":[6,10,14,16,16],"damage_taken":[{"damage":0,"enemies":"Small Slimes","floor":1,"turns":3},{"damage":0,"enemies":"Jaw Worm","floor":3,"turns":6},{"damage":0,"enemies":"Cultist","floor":5,"turns":4},{"damage":25,"enemies":"Gremlin Nob","floor":6,"turns":6},{"damage":8,"enemies":"Blue Slaver","floor":8,"turns":5},{"damage":4,"enemies":"Gremlin Gang","floor":10,"turns":2},{"damage":0,"enemies":"Looter","floor":11,"turns":5},{"damage":3,"enemies":"Lots of Slimes","floor":14,"turns":2},{"damage":53,"enemies":"Slime Boss","floor":16,"turns":9}],"event_choices":[{"event_name":"Liars Game","player_choice":"agreed","floor":2,"damage_taken":0},{"event_name":"The Woman in Blue","player_choice":"Bought 2 Potions","floor":13,"damage_taken":0}],"boss_relics":[],"potions_floor_spawned":[3,6,8],"seed_played":"4811312111238088380","killed_by":"Slime Boss","ascension_level":0,"is_trial":false}