{"gold_per_floor":[113,21,21,32,52,84,84,115,115,115,115],"floor_reached":11,"playtime":383,"items_purged":[],"score":109,"play_id":"674103ef-dafb-49cd-a55d-3903d43c6fbc","local_time":"20190509131916","is_ascension_mode":true,"campfire_choices":[{"floor":7,"key":"REST"}],"neow_cost":"NONE","seed_source_timestamp":2473622887546083,"circlet_count":0,"master_deck":["Defend_G","Defend_G","Defend_G","Defend_G","Defend_G","Strike_G","Strike_G","Strike_G","Strike_G","Strike_G","Survivor","Neutralize","Deadly Poison","Sucker Punch","Terror+1","Malaise","Backstab+1"],"relics":["Ring of the Snake","NeowsBlessing","Smiling Mask","Molten Egg 2","Centennial Puzzle","Boot"],"potions_floor_usage":[11],"damage_taken":[{"damage":0,"enemies":"Small Slimes","floor":1,"turns":1},{"damage":0,"enemies":"Cultist","floor":4,"turns":1},{"damage":0,"enemies":"Jaw Worm","floor":5,"turns":1},{"damage":33,"enemies":"3 Sentries","floor":6,"turns":12},{"damage":39,"enemies":"Lagavulin","floor":8,"turns":8},{"damage":12,"enemies":"Gremlin Gang","floor":11,"turns":3}],"seed_played":"3222667134449255891","potions_obtained":[{"floor":4,"key":"Strength Potion"}],"is_trial":false,"path_per_floor":["M","?","$","M","M","E","R","E","T","?","M"],"character_chosen":"THE_SILENT","items_purchased":[],"campfire_rested":1,"item_purchase_floors":[],"current_hp_per_floor":[63,63,63,63,63,30,51,12,12,12,0],"gold":115,"neow_bonus":"THREE_ENEMY_KILL","is_prod":false,"is_daily":false,"chose_seed":false,"campfire_upgraded":0,"win_rate":0,"timestamp":1557397156,"path_taken":["M","?","?","?","?","E","R","E","T","?","M"],"build_version":"2019-01-23","purchased_purges":0,"victory":false,"max_hp_per_floor":[70,70,70,70,70,70,70,70,70,70,70],"card_choices":[{"not_picked":["Quick Slash","Setup"],"picked":"Deadly Poison","floor":1},{"not_picked":["Setup","Heel Hook"],"picked":"Sucker Punch","floor":4},{"not_picked":["Dagger Spray","Deflect"],"picked":"Terror","floor":5},{"not_picked":["All Out Attack","Dodge and Roll"],"picked":"Malaise","floor":6},{"not_picked":["Terror","Prepared"],"picked":"Backstab+1","floor":8}],"player_experience":323703,"relics_obtained":[{"floor":6,"key":"Molten Egg 2"},{"floor":8,"key":"Centennial Puzzle"},{"floor":9,"key":"Boot"}],"event_choices":[{"damage_healed":0,"gold_gain":0,"player_choice":"Paid Gold","damage_taken":0,"relics_obtained":["Smiling Mask"],"max_hp_gain":0,"max_hp_loss":0,"event_name":"WeMeetAgain","floor":2,"gold_loss":92},{"damage_healed":0,"gold_gain":0,"player_choice":"Grow","damage_taken":0,"max_hp_gain":0,"max_hp_loss":0,"event_name":"Living Wall","floor":10,"gold_loss":0,"cards_upgraded":["Terror"]}],"is_beta":false,"boss_relics":[],"items_purged_floors":[],"is_endless":false,"potions_floor_spawned":[4],"killed_by":"Gremlin Gang","ascension_level":7}