{"gold_per_floor":[117,117,117,131,96,126,126,141,188,188,207,223,233,233,233,332,332,345,365,18,30,44,44],"floor_reached":23,"playtime":2629,"items_purged":[],"score":220,"play_id":"02a5ac0a-0ad0-473f-94b9-5f9b56024a62","local_time":"20180629180118","is_ascension_mode":false,"campfire_choices":[{"data":"Endless Agony","floor":7,"key":"SMITH"},{"data":"Neutralize","floor":10,"key":"SMITH"},{"floor":15,"key":"REST"}],"neow_cost":"NONE","seed_source_timestamp":1282337600939886,"circlet_count":0,"master_deck":["Defend_G","Defend_G","Defend_G+1","Defend_G","Defend_G","Strike_G","Strike_G","Strike_G","Strike_G","Strike_G","Survivor+1","Neutralize+1","Flying Knee","Endless Agony+1","Deadly Poison","Malaise","Well Laid Plans","Calculated Gamble","Crippling Poison","Good Instincts","Wraith Form v2","Dagger Spray","Heel Hook","Acrobatics","Sucker Punch","Infinite Blades","Masterful Stab","Heel Hook"],"relics":["Ring of the Snake","NeowsBlessing","Pen Nib","Unceasing Top","Lantern","Philosopher\u0027s Stone","Lee\u0027s Waffle"],"potions_floor_usage":[16,16,22],"damage_taken":[{"damage":0,"enemies":"Small Slimes","floor":1,"turns":1},{"damage":0,"enemies":"2 Louse","floor":4,"turns":1},{"damage":0,"enemies":"Gremlin Nob","floor":6,"turns":1},{"damage":0,"enemies":"Jaw Worm","floor":8,"turns":2},{"damage":1,"enemies":"Exordium Wildlife","floor":11,"turns":3},{"damage":8,"enemies":"Exordium Thugs","floor":12,"turns":4},{"damage":0,"enemies":"2 Fungi Beasts","floor":13,"turns":3},{"damage":68,"enemies":"Slime Boss","floor":16,"turns":18},{"damage":18,"enemies":"Spheric Guardian","floor":18,"turns":6},{"damage":2,"enemies":"2 Thieves","floor":19,"turns":4},{"damage":35,"enemies":"Snake Plant","floor":21,"turns":5},{"damage":29,"enemies":"Slaver and Parasite","floor":22,"turns":6},{"damage":14,"enemies":"Centurion and Healer","floor":23,"turns":1}],"seed_played":"-4837032140371246666","potions_obtained":[{"floor":4,"key":"Energy Potion"},{"floor":11,"key":"Swift Potion"},{"floor":12,"key":"SpeedPotion"},{"floor":18,"key":"Weak Potion"},{"floor":21,"key":"EntropicBrew"}],"is_trial":false,"path_per_floor":["M","?","?","M","?","E","R","M","T","R","M","M","M","?","R","B",null,"M","M","$","M","M"],"character_chosen":"THE_SILENT","items_purchased":["Acrobatics","Lee\u0027s Waffle","Sucker Punch","Infinite Blades"],"campfire_rested":1,"item_purchase_floors":[20,20,20,20],"current_hp_per_floor":[70,56,44,44,61,61,61,61,61,61,60,52,52,52,70,2,70,52,50,77,42,13,0],"gold":44,"neow_bonus":"THREE_ENEMY_KILL","is_prod":false,"is_daily":false,"chose_seed":false,"campfire_upgraded":2,"win_rate":0.0,"timestamp":1530284478,"path_taken":["M","?","?","?","?","E","R","M","T","R","M","M","M","?","R","BOSS","M","M","$","M","?","M"],"build_version":"2018-06-28","purchased_purges":0,"victory":false,"max_hp_per_floor":[70,70,70,70,70,70,70,70,70,70,70,70,70,70,70,70,70,70,70,77,77,77,77],"card_choices":[{"not_picked":["Deflect","Heel Hook"],"picked":"Flying Knee","floor":1},{"not_picked":["Distraction","Eviscerate"],"picked":"Endless Agony","floor":4},{"not_picked":["Poisoned Stab","Dodge and Roll"],"picked":"Deadly Poison","floor":6},{"not_picked":["Backflip","Heel Hook"],"picked":"Malaise","floor":8},{"not_picked":["Acrobatics","Sucker Punch"],"picked":"Well Laid Plans","floor":11},{"not_picked":["Noxious Fumes","Dagger Spray"],"picked":"Calculated Gamble","floor":12},{"not_picked":["PiercingWail","Dagger Throw"],"picked":"Crippling Poison","floor":13},{"not_picked":["Bullet Time","Glass Knife"],"picked":"Wraith Form v2","floor":16},{"not_picked":["Malaise","Footwork"],"picked":"Dagger Spray","floor":18},{"not_picked":["Outmaneuver","Poisoned Stab+1"],"picked":"Heel Hook","floor":19},{"not_picked":["Underhanded Strike+1","Flechettes+1"],"picked":"Masterful Stab","floor":21},{"not_picked":["Poisoned Stab","Dagger Throw+1"],"picked":"Heel Hook","floor":22}],"player_experience":8924,"relics_obtained":[{"floor":6,"key":"Unceasing Top"},{"floor":9,"key":"Lantern"}],"event_choices":[{"event_name":"Shining Light","player_choice":"Entered Light","floor":2,"damage_taken":0},{"event_name":"Scrap Ooze","player_choice":"success","floor":3,"damage_taken":12},{"event_name":"The Cleric","player_choice":"Healed","floor":5,"damage_taken":0},{"event_name":"Match and Keep!","player_choice":"1 cards matched","floor":14,"damage_taken":0}],"boss_relics":[{"not_picked":["Ectoplasm","Cursed Key"],"picked":"Philosopher\u0027s Stone"}],"items_purged_floors":[],"is_endless":false,"potions_floor_spawned":[4,11,12,18,21],"killed_by":"Centurion and Healer","ascension_level":0}