{"gold_per_floor":[110,110,129,139,158,158,183,28,28,45,63,63,79,97,97,195,195,135,135,15,15,15,15],"floor_reached":23,"playtime":1681,"items_purged":[],"score":249,"play_id":"8bc8a803-b42c-4315-8b27-d2a4043181e7","local_time":"20190118142007","is_ascension_mode":true,"campfire_choices":[{"floor":6,"key":"REST"},{"floor":15,"key":"REST"}],"neow_cost":"NONE","seed_source_timestamp":403072508695646,"circlet_count":0,"master_deck":["Defend_G","Defend_G","Defend_G","Defend_G","Defend_G","Strike_G","Strike_G","Strike_G","Strike_G","Strike_G","Survivor","Neutralize","PiercingWail","Bouncing Flask","Deadly Poison","Cloak And Dagger","Prepared","Quick Slash","Terror","Deadly Poison","Blade Dance","Calculated Gamble","Wraith Form v2","Bane","Necronomicurse","Deadly Poison","Deadly Poison+1"],"relics":["Ring of the Snake","Potion Belt","Shuriken","Ectoplasm","Necronomicon","MutagenicStrength"],"potions_floor_usage":[5,10,14,23,23],"damage_taken":[{"damage":1,"enemies":"Jaw Worm","floor":1,"turns":8},{"damage":1,"enemies":"Small Slimes","floor":3,"turns":5},{"damage":6,"enemies":"2 Louse","floor":4,"turns":3},{"damage":15,"enemies":"Large Slime","floor":5,"turns":7},{"damage":40,"enemies":"3 Sentries","floor":7,"turns":12},{"damage":18,"enemies":"Exordium Thugs","floor":10,"turns":6},{"damage":10,"enemies":"3 Louse","floor":11,"turns":4},{"damage":7,"enemies":"Exordium Wildlife","floor":13,"turns":5},{"damage":8,"enemies":"Large Slime","floor":14,"turns":7},{"damage":36,"enemies":"Hexaghost","floor":16,"turns":8},{"damage":23,"enemies":"2 Thieves","floor":18,"turns":4},{"damage":1,"enemies":"Spheric Guardian","floor":22,"turns":4},{"damage":37,"enemies":"Slavers","floor":23,"turns":3}],"seed_played":"8134576275172286191","potions_obtained":[{"floor":1,"key":"FearPotion"},{"floor":4,"key":"Ancient Potion"},{"floor":7,"key":"AttackPotion"},{"floor":10,"key":"PowerPotion"},{"floor":16,"key":"Dexterity Potion"}],"is_trial":false,"path_per_floor":["M","?","M","M","M","R","E","$","T","M","M","?","M","M","R","B",null,"M","?","$","?","M","E"],"character_chosen":"THE_SILENT","items_purchased":["FairyPotion","Quick Slash","FairyPotion","Deadly Poison"],"campfire_rested":2,"item_purchase_floors":[8,8,20,20],"current_hp_per_floor":[76,76,75,69,54,77,37,37,37,19,9,34,27,19,42,6,77,54,38,38,38,37,7],"gold":15,"neow_bonus":"TEN_PERCENT_HP_BONUS","is_prod":false,"is_daily":false,"chose_seed":false,"campfire_upgraded":0,"win_rate":0,"timestamp":1547814007,"path_taken":["M","?","M","M","M","R","E","$","T","M","M","?","M","M","R","BOSS","M","?","$","?","M","E"],"build_version":"2019-01-17v2","purchased_purges":0,"victory":false,"max_hp_per_floor":[77,77,77,77,77,77,77,77,77,77,77,77,77,77,77,77,77,77,77,77,77,77,77],"card_choices":[{"not_picked":["Endless Agony","Bane"],"picked":"PiercingWail","floor":1},{"not_picked":["PiercingWail","Flying Knee"],"picked":"Bouncing Flask","floor":3},{"not_picked":["Eviscerate","Phantasmal Killer"],"picked":"Deadly Poison","floor":4},{"not_picked":["Flying Knee","Tactician"],"picked":"Cloak And Dagger","floor":5},{"not_picked":["Blade Dance","Acrobatics"],"picked":"Prepared","floor":7},{"not_picked":["Grand Finale","Flying Knee"],"picked":"Terror","floor":10},{"not_picked":["Slice","All Out Attack"],"picked":"Deadly Poison","floor":11},{"not_picked":["Outmaneuver","Caltrops"],"picked":"Blade Dance","floor":13},{"not_picked":["Accuracy","Dodge and Roll"],"picked":"Calculated Gamble","floor":14},{"not_picked":["Die Die Die","Doppelganger"],"picked":"Wraith Form v2","floor":16},{"not_picked":["Tactician+1","Slice"],"picked":"Bane","floor":18},{"not_picked":["Eviscerate","Outmaneuver"],"picked":"Deadly Poison+1","floor":22}],"player_experience":140433,"relics_obtained":[{"floor":7,"key":"Potion Belt"},{"floor":9,"key":"Shuriken"},{"floor":19,"key":"Necronomicon"}],"event_choices":[{"damage_healed":0,"gold_gain":0,"player_choice":"Ignored","damage_taken":0,"max_hp_gain":0,"max_hp_loss":0,"event_name":"Golden Wing","floor":2,"gold_loss":0},{"damage_healed":25,"gold_gain":0,"player_choice":"Banana","damage_taken":0,"max_hp_gain":0,"max_hp_loss":0,"event_name":"Big Fish","floor":12,"gold_loss":0},{"damage_healed":0,"gold_gain":0,"player_choice":"Obtained Book","damage_taken":16,"max_hp_gain":0,"max_hp_loss":0,"event_name":"Cursed Tome","floor":19,"gold_loss":0},{"damage_healed":0,"gold_gain":0,"player_choice":"Inject Mutagens","damage_taken":0,"relics_obtained":["MutagenicStrength"],"max_hp_gain":0,"max_hp_loss":0,"event_name":"Drug Dealer","floor":21,"gold_loss":0}],"is_beta":false,"boss_relics":[{"not_picked":["Sozu","Runic Dome"],"picked":"Ectoplasm"}],"items_purged_floors":[],"is_endless":false,"potions_floor_spawned":[1,4,7,10,16],"killed_by":"Slavers","ascension_level":3}