{"gold_per_floor":[115,40,57,74,74,74,87,116,141,156,171,171,203,222,222,293,293,313,339,339,89,89,89,119,119,169,169,169,201,212,50,50,127,127,145,157,32,32,132,158,170,170,170,204,204,41,51,51,51,51,51,51,51,51,85,85],"floor_reached":56,"playtime":2338,"items_purged":["Strike_B","Zap+1","Strike_B"],"score":2127,"play_id":"44237235-d471-4884-8e57-880110caeb48","local_time":"20190925124039","is_ascension_mode":true,"campfire_choices":[{"data":"Sunder","floor":6.0,"key":"SMITH"},{"data":"Zap","floor":12.0,"key":"SMITH"},{"data":"Beam Cell","floor":15.0,"key":"SMITH"},{"data":"Turbo","floor":23.0,"key":"SMITH"},{"data":"Defragment","floor":25.0,"key":"SMITH"},{"data":"Redo","floor":27.0,"key":"SMITH"},{"data":"Amplify","floor":32.0,"key":"SMITH"},{"data":"Dualcast","floor":42.0,"key":"SMITH"},{"floor":49.0,"key":"RECALL"},{"data":"Loop","floor":53.0,"key":"SMITH"}],"neow_cost":"NONE","seed_source_timestamp":244576474460564,"circlet_count":0,"master_deck":["AscendersBane","Strike_B","Defend_B","Defend_B","Defend_B","Defend_B+1","Dualcast+1","Undo","Sunder+1","Cold Snap","Glacier+1","Heatsinks","Turbo+1","Electrodynamics","Beam Cell+1","Echo Form","Compile Driver","Hologram+1","Ghostly","Ghostly","Ghostly","Meteor Strike","Defragment+1","Redo+1","Consume+1","Capacitor","Amplify+1","Turbo+1","Force Field","Multi-Cast","Self Repair","Loop+1","Go for the Eyes+1","Echo Form","Reinforced Body","Hologram+1","Turbo+1","Defragment+1"],"special_seed":0,"relics":["Cracked Core","NeowsBlessing","War Paint","Centennial Puzzle","Oddly Smooth Stone","Runic Pyramid","Red Mask","Bottled Flame","Ancient Tea Set","Orrery","Black Star","Cables","Lantern","Pantograph","Toy Ornithopter","Blue Candle","Chemical X","Happy Flower","HornCleat"],"potions_floor_usage":[56],"damage_taken":[{"damage":0.0,"enemies":"Cultist","floor":1.0,"turns":1.0},{"damage":0.0,"enemies":"Jaw Worm","floor":3.0,"turns":1.0},{"damage":0.0,"enemies":"Small Slimes","floor":4.0,"turns":1.0},{"damage":0.0,"enemies":"Blue Slaver","floor":7.0,"turns":6.0},{"damage":2.0,"enemies":"Lagavulin","floor":8.0,"turns":13.0},{"damage":2.0,"enemies":"3 Louse","floor":10.0,"turns":4.0},{"damage":0.0,"enemies":"2 Fungi Beasts","floor":11.0,"turns":2.0},{"damage":3.0,"enemies":"Gremlin Nob","floor":13.0,"turns":3.0},{"damage":0.0,"enemies":"Large Slime","floor":14.0,"turns":2.0},{"damage":5.0,"enemies":"The Guardian","floor":16.0,"turns":13.0},{"damage":0.0,"enemies":"Chosen","floor":18.0,"turns":5.0},{"damage":12.0,"enemies":"Masked Bandits","floor":19.0,"turns":2.0},{"damage":0.0,"enemies":"Book of Stabbing","floor":24.0,"turns":6.0},{"damage":18.0,"enemies":"Gremlin Leader","floor":29.0,"turns":6.0},{"damage":0.0,"enemies":"Spheric Guardian","floor":30.0,"turns":3.0},{"damage":0.0,"enemies":"Champ","floor":33.0,"turns":8.0},{"damage":20.0,"enemies":"3 Darklings","floor":35.0,"turns":5.0},{"damage":0.0,"enemies":"3 Shapes","floor":36.0,"turns":6.0},{"damage":6.0,"enemies":"Mind Bloom Boss Battle","floor":39.0,"turns":9.0},{"damage":5.0,"enemies":"Nemesis","floor":40.0,"turns":11.0},{"damage":0.0,"enemies":"3 Darklings","floor":41.0,"turns":3.0},{"damage":0.0,"enemies":"Reptomancer","floor":44.0,"turns":6.0},{"damage":4.0,"enemies":"Writhing Mass","floor":47.0,"turns":6.0},{"damage":4.0,"enemies":"Awakened One","floor":50.0,"turns":13.0},{"damage":13.0,"enemies":"Donu and Deca","floor":51.0,"turns":11.0},{"damage":14.0,"enemies":"Shield and Spear","floor":55.0,"turns":6.0},{"damage":35,"enemies":"The Heart","floor":56,"turns":3}],"seed_played":"128237049527865319","potions_obtained":[{"floor":4.0,"key":"DuplicationPotion"},{"floor":7.0,"key":"FocusPotion"},{"floor":16.0,"key":"Regen Potion"},{"floor":24.0,"key":"Explosive Potion"},{"floor":30.0,"key":"Dexterity Potion"},{"floor":39.0,"key":"Fire Potion"},{"floor":44.0,"key":"GamblersBrew"},{"floor":47.0,"key":"SpeedPotion"}],"is_trial":false,"path_per_floor":["M","$","M","M","?","R","M","E","T","M","M","R","E","M","R","B",null,"M","?","?","$","?","R","E","R","T","R","?","E","M","$","R","B",null,"M","M","$","?","?","E","M","R","T","E","?","$","M","?","R","B","B",null,"R","$","E","B"],"character_chosen":"DEFECT","items_purchased":["Meteor Strike","Orrery","Chemical X"],"campfire_rested":0,"item_purchase_floors":[21,31,46],"current_hp_per_floor":[64,64,64,64,64,64,64,62,62,60,60,60,57,57,57,52,66,66,54,35,35,35,35,35,35,35,35,28,24,24,24,24,24,36,16,16,16,33,33,33,33,33,33,33,31,31,31,31,31,31,31,31,31,31,31,1],"gold":85,"neow_bonus":"THREE_ENEMY_KILL","is_prod":false,"is_daily":false,"chose_seed":false,"campfire_upgraded":9,"win_rate":0,"timestamp":1569386439,"path_taken":["M","$","?","M","?","R","?","E","T","M","M","R","E","M","R","BOSS","M","?","?","$","?","R","E","R","T","R","?","E","M","$","R","BOSS","M","M","$","?","?","E","M","R","T","E","?","$","M","?","R","BOSS","BOSS","R","$","E","BOSS"],"build_version":"2019-09-24","purchased_purges":3,"victory":false,"max_hp_per_floor":[71,71,71,71,71,71,71,71,71,71,71,71,71,71,71,71,71,71,71,35,35,35,35,35,35,35,35,40,40,40,40,40,40,40,40,40,40,33,33,33,33,33,33,33,31,31,31,31,31,31,31,31,31,31,31,31],"card_choices":[{"not_picked":["Turbo","Rebound"],"picked":"Undo","floor":1.0},{"not_picked":["Conserve Battery","Auto Shields"],"picked":"Sunder","floor":3.0},{"not_picked":["Auto Shields","Sunder"],"picked":"Cold Snap","floor":4.0},{"not_picked":["Ball Lightning","Hologram"],"picked":"Glacier","floor":7.0},{"not_picked":["Steam","Consume"],"picked":"Heatsinks","floor":8.0},{"not_picked":["Steam","Self Repair"],"picked":"Turbo","floor":10.0},{"not_picked":["Stack","Thunder Strike","Streamline"],"picked":"SKIP","floor":11.0},{"not_picked":["Turbo","Compile Driver"],"picked":"Electrodynamics","floor":13.0},{"not_picked":["Leap","Hologram"],"picked":"Beam Cell","floor":14.0},{"not_picked":["Rainbow","Creative AI"],"picked":"Echo Form","floor":16.0},{"not_picked":["Capacitor","Redo"],"picked":"Compile Driver","floor":18.0},{"not_picked":["Capacitor","Chill+1"],"picked":"Hologram+1","floor":19.0},{"not_picked":["Leap","Blizzard"],"picked":"Redo","floor":24.0},{"not_picked":["Chaos","Rebound","Sweeping Beam"],"picked":"SKIP","floor":29.0},{"not_picked":["Fission","Storm"],"picked":"Consume+1","floor":30.0},{"not_picked":["Streamline","Gash"],"picked":"Capacitor","floor":31.0},{"not_picked":["Tempest","Barrage"],"picked":"Amplify","floor":31.0},{"not_picked":["Conserve Battery","Redo"],"picked":"Turbo+1","floor":31.0},{"not_picked":["Turbo","Cold Snap"],"picked":"Force Field","floor":31.0},{"not_picked":["Buffer","Rainbow"],"picked":"Multi-Cast","floor":33.0},{"not_picked":["Consume+1","White Noise"],"picked":"Self Repair","floor":35.0},{"not_picked":["Gash","Beam Cell+1"],"picked":"Loop","floor":36.0},{"not_picked":["Turbo","Lockon+1"],"picked":"Go for the Eyes+1","floor":39.0},{"not_picked":["Barrage","Ball Lightning"],"picked":"Echo Form","floor":40.0},{"not_picked":["Gash","Darkness"],"picked":"Reinforced Body","floor":41.0},{"not_picked":["Conserve Battery","Sweeping Beam"],"picked":"Hologram+1","floor":44.0},{"not_picked":["Streamline","Consume"],"picked":"Turbo+1","floor":47.0},{"not_picked":["Go for the Eyes+1","Turbo","Hello World"],"picked":"SKIP","floor":55.0}],"player_experience":986382,"relics_obtained":[{"floor":8.0,"key":"War Paint"},{"floor":9.0,"key":"Centennial Puzzle"},{"floor":13.0,"key":"Oddly Smooth Stone"},{"floor":19.0,"key":"Red Mask"},{"floor":24.0,"key":"Bottled Flame"},{"floor":29.0,"key":"Ancient Tea Set"},{"floor":40.0,"key":"Cables"},{"floor":40.0,"key":"Lantern"},{"floor":43.0,"key":"Pantograph"},{"floor":44.0,"key":"Toy Ornithopter"},{"floor":44.0,"key":"Blue Candle"},{"floor":55.0,"key":"Happy Flower"},{"floor":55.0,"key":"HornCleat"}],"event_choices":[{"cards_removed":["Strike_B"],"damage_healed":0.0,"max_hp_gain":0.0,"max_hp_loss":0.0,"gold_gain":0.0,"event_name":"Bonfire Elementals","player_choice":"Offered Basic","floor":5.0,"gold_loss":0.0,"damage_taken":0.0},{"damage_healed":0.0,"max_hp_gain":0.0,"max_hp_loss":0.0,"gold_gain":0.0,"event_name":"Masked Bandits","player_choice":"Fought Bandits","floor":19.0,"gold_loss":0.0,"damage_taken":0.0},{"damage_healed":0.0,"max_hp_gain":0.0,"max_hp_loss":36.0,"gold_gain":0.0,"event_name":"Ghosts","player_choice":"Became a Ghost","floor":20.0,"gold_loss":0.0,"damage_taken":0.0,"cards_obtained":["Ghostly","Ghostly","Ghostly"]},{"damage_healed":0.0,"max_hp_gain":0.0,"max_hp_loss":0.0,"gold_gain":0.0,"event_name":"The Library","player_choice":"Read","floor":22.0,"gold_loss":0.0,"damage_taken":0.0,"cards_obtained":["Defragment"]},{"damage_healed":0.0,"max_hp_gain":5.0,"max_hp_loss":0.0,"gold_gain":0.0,"event_name":"Forgotten Altar","player_choice":"Shed Blood","floor":28.0,"gold_loss":0.0,"damage_taken":12.0},{"damage_healed":33.0,"max_hp_gain":0.0,"max_hp_loss":7.0,"gold_gain":0.0,"event_name":"The Moai Head","player_choice":"Heal","floor":38.0,"gold_loss":0.0,"damage_taken":0.0},{"damage_healed":0.0,"max_hp_gain":0.0,"max_hp_loss":0.0,"gold_gain":0.0,"event_name":"MindBloom","player_choice":"Fight","floor":39.0,"gold_loss":0.0,"damage_taken":0.0},{"damage_healed":0.0,"max_hp_gain":0.0,"max_hp_loss":2.0,"gold_gain":0.0,"event_name":"Winding Halls","player_choice":"Max HP","floor":45.0,"gold_loss":0.0,"damage_taken":0.0},{"damage_healed":0.0,"max_hp_gain":0.0,"max_hp_loss":0.0,"gold_gain":0.0,"event_name":"Duplicator","player_choice":"Copied","floor":48.0,"gold_loss":0.0,"damage_taken":0.0,"cards_obtained":["Defragment"]}],"is_beta":true,"boss_relics":[{"not_picked":["Nuclear Battery","Pandora\u0027s Box"],"picked":"Runic Pyramid"},{"not_picked":["Busted Crown","Calling Bell"],"picked":"Black Star"}],"items_purged_floors":[2,21,37],"is_endless":false,"potions_floor_spawned":[4,7,10,16,24,30,39,40,44,47],"killed_by":"The Heart","ascension_level":20}