{"gold_per_floor":[113,123,123,123,138,138,158,173,173,173,10,40,115,133,133,237,237,255,9,9,27,44,58,58],"floor_reached":24,"playtime":993,"items_purged":[],"score":200,"play_id":"518fe5ac-b401-4f79-8782-a44b4077fe84","local_time":"20191003145639","is_ascension_mode":false,"campfire_choices":[{"data":"Zap","floor":6,"key":"SMITH"},{"data":"Dualcast","floor":10,"key":"SMITH"},{"floor":15,"key":"REST"}],"neow_cost":"NONE","seed_source_timestamp":578557439380800,"circlet_count":0,"master_deck":["Strike_B","Strike_B","Strike_B","Defend_B+1","Defend_B","Defend_B+1","Zap+1","Dualcast+1","Streamline","Steam","Rebound","All For One","Panache","Hologram","Hologram","All For One","Go for the Eyes","Panache","Self Repair","Scrape","Streamline"],"relics":["Cracked Core","Darkstone Periapt","Letter Opener","Happy Flower","Empty Cage","DollysMirror"],"potions_floor_usage":[12,12,16,22,22,23,23,24],"damage_taken":[{"damage":5,"enemies":"Small Slimes","floor":1,"turns":3},{"damage":6,"enemies":"Jaw Worm","floor":2,"turns":3},{"damage":0,"enemies":"Cultist","floor":5,"turns":3},{"damage":2,"enemies":"Large Slime","floor":7,"turns":4},{"damage":2,"enemies":"Looter","floor":8,"turns":2},{"damage":1,"enemies":"Lagavulin","floor":12,"turns":5},{"damage":0,"enemies":"Lots of Slimes","floor":14,"turns":2},{"damage":9,"enemies":"Hexaghost","floor":16,"turns":8},{"damage":15,"enemies":"3 Byrds","floor":18,"turns":4},{"damage":5,"enemies":"2 Thieves","floor":21,"turns":2},{"damage":10,"enemies":"Snake Plant","floor":22,"turns":4},{"damage":28,"enemies":"Centurion and Healer","floor":23,"turns":4},{"damage":25,"enemies":"3 Cultists","floor":24,"turns":3}],"seed_played":"1758689913646318291","potions_obtained":[{"floor":0,"key":"Weak Potion"},{"floor":0,"key":"GamblersBrew"},{"floor":0,"key":"SkillPotion"},{"floor":1,"key":"PowerPotion"},{"floor":7,"key":"Swift Potion"},{"floor":20,"key":"Block Potion"},{"floor":20,"key":"SneckoOil"},{"floor":20,"key":"PowerPotion"},{"floor":21,"key":"Swift Potion"},{"floor":22,"key":"Energy Potion"},{"floor":23,"key":"Ancient Potion"}],"is_trial":false,"path_per_floor":["M","M","?","?","M","R","M","M","T","R","$","E","?","M","R","B",null,"M","$","?","M","M","M","M"],"character_chosen":"DEFECT","items_purchased":["Panache","Go for the Eyes","DollysMirror"],"campfire_rested":1,"item_purchase_floors":[11,19,19],"current_hp_per_floor":[70,64,49,49,49,49,47,45,45,45,45,44,33,33,55,46,75,60,60,60,55,45,24,0],"gold":58,"neow_bonus":"THREE_SMALL_POTIONS","is_prod":false,"is_daily":false,"chose_seed":false,"campfire_upgraded":2,"win_rate":0.0,"timestamp":1570107399,"path_taken":["M","M","?","?","?","R","M","M","T","R","$","E","?","M","R","BOSS","M","$","?","M","?","?","?"],"build_version":"2019-07-17","purchased_purges":0,"victory":false,"max_hp_per_floor":[75,75,75,75,75,75,75,75,75,75,75,75,75,75,75,75,75,75,75,75,75,75,75,75],"card_choices":[{"not_picked":["Stack","Gash"],"picked":"Streamline","floor":1},{"not_picked":["Sweeping Beam","Barrage"],"picked":"Steam","floor":2},{"not_picked":["Conserve Battery","Turbo"],"picked":"Rebound","floor":5},{"not_picked":["Sunder","Cold Snap","Redo"],"picked":"SKIP","floor":7},{"not_picked":["Lockon","Rebound"],"picked":"All For One","floor":8},{"not_picked":["Cold Snap","Blizzard"],"picked":"Hologram","floor":12},{"not_picked":["Steam Power","Coolheaded"],"picked":"Hologram","floor":14},{"not_picked":["Core Surge","Electrodynamics"],"picked":"All For One","floor":16},{"not_picked":["Cold Snap","Redo","Conserve Battery"],"picked":"SKIP","floor":18},{"not_picked":["Double Energy+1","Rebound"],"picked":"Self Repair","floor":21},{"not_picked":["Streamline","Genetic Algorithm"],"picked":"Scrape","floor":22},{"not_picked":["Barrage+1","Doom and Gloom"],"picked":"Streamline","floor":23}],"player_experience":154129,"relics_obtained":[{"floor":9,"key":"Letter Opener"},{"floor":12,"key":"Happy Flower"}],"event_choices":[{"damage_healed":0,"gold_gain":0,"player_choice":"Entered Light","damage_taken":15,"max_hp_gain":0,"max_hp_loss":0,"event_name":"Shining Light","floor":3,"gold_loss":0,"cards_upgraded":["Defend_B","Defend_B"]},{"damage_healed":0,"gold_gain":0,"player_choice":"Gave Potion","damage_taken":0,"relics_obtained":["Darkstone Periapt"],"max_hp_gain":0,"max_hp_loss":0,"event_name":"WeMeetAgain","floor":4,"gold_loss":0},{"damage_healed":0,"gold_gain":75,"player_choice":"Gather Gold","damage_taken":11,"max_hp_gain":0,"max_hp_loss":0,"event_name":"World of Goop","floor":13,"gold_loss":0},{"damage_healed":0,"gold_gain":0,"player_choice":"Got Potions","damage_taken":0,"max_hp_gain":0,"max_hp_loss":0,"event_name":"Lab","floor":20,"gold_loss":0}],"is_beta":false,"boss_relics":[{"not_picked":["Coffee Dripper","Runic Pyramid"],"picked":"Empty Cage"}],"items_purged_floors":[],"is_endless":false,"potions_floor_spawned":[1,7,8,21,22,23],"killed_by":"3 Cultists","ascension_level":0}