{"gold_per_floor":[119,44,60,5,22,22,48,48,48,408,408,21,21,32,32,32],"floor_reached":16,"playtime":360,"items_purged":[],"score":196,"play_id":"cbf738f1-a48d-4f53-a91f-1037764de53a","local_time":"20191015201027","is_ascension_mode":true,"campfire_choices":[{"data":"Zap","floor":6.0,"key":"SMITH"},{"data":"Dualcast","floor":8.0,"key":"SMITH"},{"floor":11.0,"key":"REST"},{"data":"Doom and Gloom","floor":15.0,"key":"SMITH"}],"neow_cost":"NONE","seed_source_timestamp":0,"circlet_count":0,"master_deck":["AscendersBane","Strike_B+1","Strike_B","Strike_B+1","Defend_B","Defend_B","Defend_B","Defend_B","Zap+1","Dualcast+1","Compile Driver","Core Surge","Ball Lightning","Undo","Reinforced Body","Double Energy","Doom and Gloom+1","Chaos","Steam"],"special_seed":0,"relics":["Cracked Core","Whetstone","Darkstone Periapt","Old Coin","White Beast Statue"],"potions_floor_usage":[],"damage_taken":[{"damage":5.0,"enemies":"Small Slimes","floor":1.0,"turns":4.0},{"damage":4.0,"enemies":"2 Louse","floor":3.0,"turns":3.0},{"damage":9.0,"enemies":"Jaw Worm","floor":5.0,"turns":3.0},{"damage":17.0,"enemies":"3 Sentries","floor":7.0,"turns":7.0},{"damage":15.0,"enemies":"3 Sentries","floor":10.0,"turns":8.0},{"damage":1.0,"enemies":"Looter","floor":14.0,"turns":2.0},{"damage":25,"enemies":"Slime Boss","floor":16,"turns":3}],"seed_played":"-8959861316094677769","potions_obtained":[{"floor":5.0,"key":"LiquidBronze"},{"floor":7.0,"key":"GamblersBrew"},{"floor":10.0,"key":"AttackPotion"},{"floor":14.0,"key":"Weak Potion"}],"is_trial":false,"path_per_floor":["M","?","M","$","M","R","E","R","T","?","R","$","?","M","R","B"],"character_chosen":"DEFECT","items_purchased":["Ball Lightning","Doom and Gloom","Chaos","White Beast Statue"],"campfire_rested":1,"item_purchase_floors":[4,12,12,12],"current_hp_per_floor":[59,59,55,55,46,46,29,29,29,14,35,35,25,24,24,0],"gold":32,"neow_bonus":"RANDOM_COMMON_RELIC","is_prod":false,"is_daily":false,"chose_seed":false,"campfire_upgraded":3,"win_rate":0,"timestamp":1571141427,"path_taken":["M","?","M","$","M","R","E","R","T","?","R","?","?","M","R","BOSS"],"build_version":"2019-10-14","purchased_purges":0,"victory":false,"max_hp_per_floor":[71,71,71,71,71,71,71,71,71,71,71,71,71,71,71,71],"card_choices":[{"not_picked":["Steam","Beam Cell"],"picked":"Compile Driver","floor":1.0},{"not_picked":["Loop","Gash"],"picked":"Core Surge","floor":3.0},{"not_picked":["Chaos","Turbo"],"picked":"Undo","floor":5.0},{"not_picked":["Sweeping Beam","Hologram"],"picked":"Reinforced Body","floor":7.0},{"not_picked":["Storm","Streamline"],"picked":"Double Energy","floor":10.0},{"not_picked":["Streamline","Blizzard","Steam"],"picked":"SKIP","floor":14.0},{"not_picked":["Streamline","Blizzard"],"picked":"Steam","floor":14.0}],"player_experience":1089884,"relics_obtained":[{"floor":7.0,"key":"Darkstone Periapt"},{"floor":10.0,"key":"Old Coin"}],"event_choices":[{"cards_removed":["Strike_B"],"damage_healed":0.0,"max_hp_gain":0.0,"max_hp_loss":0.0,"gold_gain":0.0,"event_name":"The Cleric","player_choice":"Card Removal","floor":2.0,"gold_loss":75.0,"damage_taken":0.0},{"damage_healed":0.0,"max_hp_gain":0.0,"max_hp_loss":0.0,"gold_gain":0.0,"event_name":"Dead Adventurer","player_choice":"Searched \u00272\u0027 times","floor":10.0,"gold_loss":0.0,"damage_taken":0.0},{"damage_healed":0.0,"max_hp_gain":0.0,"max_hp_loss":0.0,"gold_gain":0.0,"event_name":"Wheel of Change","player_choice":"Damaged","floor":13.0,"gold_loss":0.0,"damage_taken":10.0}],"is_beta":true,"boss_relics":[],"items_purged_floors":[],"is_endless":false,"potions_floor_spawned":[5,7,10,14],"killed_by":"Slime Boss","ascension_level":20}