{"path_per_floor":["M","M","?","M","M","R","?","E","T","R","?","$","?","E","R","B",null,"M","$","M","?","M","R","E","$","T","?","?","M","M","M","R","B",null,"M","?","?","?","M","R"],"character_chosen":"DEFECT","items_purchased":["Capacitor","Capacitor"],"gold_per_floor":[117,130,130,140,155,155,155,189,212,212,212,84,84,113,113,216,216,233,81,99,99,113,113,140,15,15,15,15,25,41,54,54,159,159,176,176,176,176,186,186,186],"floor_reached":41,"campfire_rested":2,"playtime":1858,"current_hp_per_floor":[75,75,75,75,71,75,75,63,63,63,63,63,63,54,54,42,75,43,43,42,42,39,39,27,27,27,85,69,46,29,30,57,26,90,79,68,68,68,32,32,0],"items_purged":["Strike_B","Strike_B","Strike_B"],"gold":186,"score":469,"play_id":"9c1135fd-2800-43b0-8db4-c58b071ba19b","local_time":"20180503033101","is_prod":false,"is_daily":false,"chose_seed":false,"is_ascension_mode":false,"campfire_upgraded":4,"timestamp":1525343461,"path_taken":["M","M","?","M","?","R","?","E","T","R","?","$","?","E","R","BOSS","M","$","M","?","M","R","E","?","T","?","?","M","M","M","R","BOSS","M","?","?","?","M","R","M"],"build_version":"2018-05-02","seed_source_timestamp":1782703179408191,"purchased_purges":3,"victory":false,"master_deck":["Strike_B","Defend_B","Defend_B","Defend_B","Defend_B","Zap","Dualcast+1","Cold Snap","Ball Lightning","Loop+1","Barrage","Rainbow+1","Capacitor","Storm+1","Conserve Battery","Capacitor+1","Force Field","Capacitor","Blizzard","White Noise","Cold Snap","Capacitor","Fusion","Madness+1","Madness","Madness","Zap","Blizzard","Aggregate+1"],"max_hp_per_floor":[75,75,75,75,75,75,75,75,75,75,75,75,75,75,75,75,75,75,75,75,75,75,75,75,75,75,85,90,90,90,90,90,90,90,90,90,90,90,90,90,90],"relics":["Cracked Core","Juzu Bracelet","Happy Flower","Bronze Scales","Meat on the Bone","Velvet Choker","Pen Nib","Dream Catcher","Sozu"],"card_choices":[{"not_picked":["Hologram","Self Repair"],"picked":"Cold Snap","floor":1},{"not_picked":["Reinforced Body","Auto Shields"],"picked":"Ball Lightning","floor":2},{"not_picked":["Capacitor","Leap"],"picked":"Loop","floor":4},{"not_picked":["Self Repair","Melter"],"picked":"Barrage","floor":5},{"not_picked":["Capacitor","Melter"],"picked":"Rainbow","floor":8},{"not_picked":["Hologram","Barrage"],"picked":"Storm","floor":14},{"not_picked":["Amplify","Thunder Strike"],"picked":"Fission","floor":16},{"not_picked":["Coolheaded","BootSequence"],"picked":"Conserve Battery","floor":18},{"not_picked":["Self Repair","Impulse"],"picked":"Force Field","floor":20},{"not_picked":["Streamline","Axe Kick"],"picked":"Capacitor","floor":22},{"not_picked":["Go for the Eyes","Rainbow"],"picked":"Blizzard","floor":24},{"not_picked":["Gash","Chill"],"picked":"White Noise","floor":30},{"not_picked":["Beam Cell","Consume"],"picked":"Cold Snap","floor":31},{"not_picked":["Coolheaded","Doom and Gloom"],"picked":"Capacitor","floor":32},{"not_picked":["Redo","Creative AI"],"picked":"Fusion","floor":33},{"not_picked":["Mind Blast","Deep Breath"],"picked":"Madness","floor":37},{"not_picked":["Go for the Eyes","Axe Kick"],"picked":"Aggregate","floor":39}],"player_experience":500,"potions_floor_usage":[8,14,22,22,24,33,33],"damage_taken":[{"damage":0,"enemies":"2 Louse","floor":1,"turns":3},{"damage":0,"enemies":"Cultist","floor":2,"turns":3},{"damage":0,"enemies":"Small Slimes","floor":4,"turns":3},{"damage":4,"enemies":"3 Louse","floor":5,"turns":3},{"damage":12,"enemies":"Gremlin Nob","floor":8,"turns":3},{"damage":21,"enemies":"3 Sentries","floor":14,"turns":6},{"damage":24,"enemies":"The Guardian","floor":16,"turns":8},{"damage":32,"enemies":"Shell Parasite","floor":18,"turns":5},{"damage":13,"enemies":"2 Thieves","floor":20,"turns":3},{"damage":15,"enemies":"Centurion and Healer","floor":22,"turns":6},{"damage":24,"enemies":"Book of Stabbing","floor":24,"turns":5},{"damage":23,"enemies":"Cultist and Chosen","floor":29,"turns":6},{"damage":29,"enemies":"Snake Plant","floor":30,"turns":3},{"damage":11,"enemies":"3 Cultists","floor":31,"turns":4},{"damage":43,"enemies":"Champ","floor":33,"turns":8},{"damage":11,"enemies":"3 Shapes","floor":35,"turns":5},{"damage":48,"enemies":"Flame Bruiser 1 Orb","floor":39,"turns":5},{"damage":41,"enemies":"Maw","floor":41,"turns":7}],"event_choices":[{"event_name":"The Lab","player_choice":"Got Potions","floor":3,"damage_taken":0},{"event_name":"Accursed Blacksmith","player_choice":"Forge","floor":7,"damage_taken":0},{"event_name":"Living Wall","player_choice":"Grow","floor":11,"damage_taken":0},{"event_name":"Big Fish","player_choice":"Box","floor":13,"damage_taken":0},{"event_name":"Purifier","player_choice":"One Purge","floor":21,"damage_taken":0},{"event_name":"Bonfire Elementals","player_choice":"RARE","floor":27,"damage_taken":0},{"event_name":"Forgotten Altar","player_choice":"Shed Blood","floor":28,"damage_taken":0},{"event_name":"Winding Halls","player_choice":"Embrace Madness","floor":36,"damage_taken":0},{"event_name":"SensoryStone","player_choice":"Memory 1","floor":37,"damage_taken":0},{"event_name":"Match and Keep!","player_choice":"2 cards matched","floor":38,"damage_taken":0}],"boss_relics":[{"not_picked":["Black Star","Ectoplasm"],"picked":"Velvet Choker"},{"not_picked":["Philosopher\u0027s Stone","Tiny House"],"picked":"Sozu"}],"potions_floor_spawned":[4,8,14,20,22,29,31],"seed_played":"-2543497688496961334","killed_by":"Maw","ascension_level":0,"is_trial":false}