{"gold_per_floor":[110,110,110,35,53,53,82,82,82,82,116,133,133,173,173,251,251,269,68,68,81,81,81,109,109,155,155],"floor_reached":27,"playtime":538,"items_purged":["Pain","Strike_B"],"score":540,"play_id":"fb2be600-2e89-4699-94ea-caec69d66e85","local_time":"20190923164351","is_ascension_mode":true,"campfire_choices":[{"data":"Doom and Gloom","floor":6,"key":"SMITH"},{"data":"Zap","floor":8,"key":"SMITH"},{"data":"Dualcast","floor":10,"key":"SMITH"},{"data":"Chaos","floor":13,"key":"SMITH"},{"data":"Lockon","floor":15,"key":"SMITH"},{"data":"Coolheaded","floor":23,"key":"SMITH"},{"floor":25,"key":"REST"}],"neow_cost":"NONE","seed_source_timestamp":88431407362733,"circlet_count":0,"master_deck":["AscendersBane","Strike_B+1","Strike_B+1","Defend_B","Defend_B","Defend_B","Defend_B","Zap+1","Dualcast+1","Recycle","Doom and Gloom+1","Glacier","Lockon+1","Chaos+1","Heatsinks","Electrodynamics","Redo","Coolheaded+1","Capacitor"],"relics":["Cracked Core","NeowsBlessing","WarpedTongs","Singing Bowl","WingedGreaves","CeramicFish","Dodecahedron","Runic Pyramid","Enchiridion","Ice Cream","Whetstone"],"potions_floor_usage":[16,18,24],"damage_taken":[{"damage":0,"enemies":"Small Slimes","floor":1,"turns":1},{"damage":0,"enemies":"2 Louse","floor":5,"turns":1},{"damage":0,"enemies":"3 Sentries","floor":7,"turns":1},{"damage":10,"enemies":"Lagavulin","floor":11,"turns":6},{"damage":0,"enemies":"Cultist","floor":12,"turns":4},{"damage":12,"enemies":"Gremlin Nob","floor":14,"turns":3},{"damage":12,"enemies":"Hexaghost","floor":16,"turns":9},{"damage":4,"enemies":"3 Byrds","floor":18,"turns":2},{"damage":24,"enemies":"Shell Parasite","floor":21,"turns":5},{"damage":10,"enemies":"Slavers","floor":24,"turns":3},{"damage":28,"enemies":"Book of Stabbing","floor":27,"turns":5}],"seed_played":"-3206459338538342052","potions_obtained":[{"floor":1,"key":"Energy Potion"},{"floor":5,"key":"Explosive Potion"},{"floor":12,"key":"SkillPotion"},{"floor":21,"key":"Explosive Potion"}],"is_trial":false,"path_per_floor":["M","?","?","$","M","R","E","R","T","R","E","M","R","E","R","B",null,"M","$","?","M","?","R","E","R","T","E"],"character_chosen":"DEFECT","items_purchased":["Coolheaded","Capacitor"],"campfire_rested":1,"item_purchase_floors":[19,19],"current_hp_per_floor":[64,57,57,57,57,57,57,57,57,57,47,47,47,35,35,23,59,55,55,34,12,12,12,4,26,26,0],"gold":155,"neow_bonus":"THREE_ENEMY_KILL","is_prod":false,"is_daily":false,"chose_seed":false,"campfire_upgraded":6,"win_rate":0,"timestamp":1569228231,"path_taken":["M","?","?","$","?","R","E","R","T","R","E","M","R","E","R","BOSS","M","$","?","M","?","R","E","R","T","E"],"build_version":"2019-09-20","purchased_purges":2,"victory":false,"max_hp_per_floor":[71,71,71,71,71,71,71,71,71,71,71,71,71,71,71,71,71,71,71,71,73,73,73,75,75,75,75],"card_choices":[{"not_picked":["Darkness","Conserve Battery"],"picked":"Recycle","floor":1},{"not_picked":["Storm","Recycle"],"picked":"Doom and Gloom","floor":5},{"not_picked":["Cold Snap","Reprogram"],"picked":"Glacier","floor":7},{"not_picked":["Stack","Double Energy"],"picked":"Lockon","floor":11},{"not_picked":["Sweeping Beam","Fusion"],"picked":"Chaos","floor":12},{"not_picked":["Aggregate","Force Field"],"picked":"Heatsinks","floor":14},{"not_picked":["Creative AI","Reboot"],"picked":"Electrodynamics","floor":16},{"not_picked":["Glacier","Conserve Battery"],"picked":"Redo","floor":18},{"not_picked":["Streamline","Gash","Steam"],"picked":"Singing Bowl","floor":21},{"not_picked":["Go for the Eyes","Beam Cell","Conserve Battery"],"picked":"Singing Bowl","floor":24}],"player_experience":944613,"relics_obtained":[{"floor":7,"key":"Singing Bowl"},{"floor":9,"key":"WingedGreaves"},{"floor":11,"key":"CeramicFish"},{"floor":14,"key":"Dodecahedron"},{"floor":20,"key":"Enchiridion"},{"floor":24,"key":"Ice Cream"},{"floor":26,"key":"Whetstone"}],"event_choices":[{"cards_removed":["Strike_B"],"damage_healed":0,"gold_gain":0,"player_choice":"Card Removal","damage_taken":7,"max_hp_gain":0,"max_hp_loss":0,"event_name":"Golden Wing","floor":2,"gold_loss":0},{"damage_healed":0,"gold_gain":0,"player_choice":"Rummage","damage_taken":0,"relics_obtained":["WarpedTongs"],"max_hp_gain":0,"max_hp_loss":0,"event_name":"Accursed Blacksmith","floor":3,"gold_loss":0,"cards_obtained":["Pain"]},{"damage_healed":0,"gold_gain":0,"player_choice":"Obtained Book","damage_taken":21,"max_hp_gain":0,"max_hp_loss":0,"event_name":"Cursed Tome","floor":20,"gold_loss":0}],"is_beta":true,"boss_relics":[{"not_picked":["Calling Bell","Inserter"],"picked":"Runic Pyramid"}],"items_purged_floors":[4,19],"is_endless":false,"potions_floor_spawned":[1,5,7,12,21],"killed_by":"Book of Stabbing","ascension_level":20}