{"path_per_floor":["M","?","M","$","M","E","R","?","T","M","M","M","R","M","R","B",null,"M","M","T","$","?","R","M","R","T","?","R","$","M","M","R"],"character_chosen":"THE_SILENT","items_purchased":["Envenom","Caltrops"],"gold_per_floor":[119,119,130,55,67,94,94,94,94,106,118,135,135,153,153,250,250,264,282,335,82,82,82,101,101,101,101,101,19,34,48,48],"floor_reached":33,"campfire_rested":1,"playtime":3253,"current_hp_per_floor":[70,70,66,66,66,44,44,30,30,42,37,37,37,47,47,38,70,54,54,54,54,54,54,32,32,32,32,32,32,29,41,70],"items_purged":["Strike_G","Normality"],"gold":48,"play_id":"140dc6cf-2615-4930-9165-82bdc4c5a01c","is_prod":false,"is_daily":false,"is_ascension_mode":false,"campfire_upgraded":1,"path_taken":["M","?","M","$","M","E","R","?","T","M","?","M","R","M","R","BOSS","M","M","?","$","?","R","?","R","T","?","R","$","M","?","R","BOSS"],"build_version":"2018-01-25-PROD3","purchased_purges":2,"victory":false,"master_deck":["Defend_G+1","Defend_G+1","Defend_G","Defend_G","Defend_G+1","Strike_G","Strike_G","Strike_G","Survivor+1","Neutralize","Backflip","Dagger Throw","Caltrops+1","Blade Dance","Infinite Blades","Dash","Outmaneuver","Envenom+1","Writhe","Decay","Blur","Cloak And Dagger","Envenom","Infinite Blades+1","Caltrops","Cloak And Dagger+1","Terror"],"max_hp_per_floor":[70,70,70,70,70,70,70,70,70,70,70,70,70,70,70,70,70,70,70,70,70,70,70,70,70,70,70,70,70,70,70,70],"relics":["Ring of the Snake","War Paint","Shovel","Anchor","Meat on the Bone","Paper Crane","Calling Bell","Vajra","Pen Nib","Prayer Wheel","Tiny Chest","Omamori","Centennial Puzzle","Unceasing Top","Regal Pillow"],"card_choices":[{"not_picked":["Skewer","Sucker Punch"],"picked":"Backflip"},{"not_picked":["Dagger Spray","Crippling Poison"],"picked":"Caltrops"},{"not_picked":["Backstab","Deadly Poison"],"picked":"Blade Dance"},{"not_picked":["Distraction","Underhanded Strike"],"picked":"Infinite Blades"},{"not_picked":["Noxious Fumes","Bane"],"picked":"Dash"},{"not_picked":["Endless Agony","Dagger Throw"],"picked":"Outmaneuver"},{"not_picked":["After Image","Tactician"],"picked":"Envenom"},{"not_picked":["Dagger Spray","Outmaneuver"],"picked":"Blur"},{"not_picked":["Leg Sweep","Dagger Spray"],"picked":"Cloak And Dagger"},{"not_picked":["Backflip","Dagger Spray"],"picked":"Infinite Blades"},{"not_picked":["Bane","Dodge and Roll"],"picked":"Cloak And Dagger"},{"not_picked":["Outmaneuver","Bouncing Flask"],"picked":"Terror"}],"player_experience":50325,"potions_floor_usage":[10,16,16,18,31],"damage_taken":[{"damage":0,"enemies":"Small Slimes","floor":1,"turns":3},{"damage":4,"enemies":"Blue Slaver","floor":3,"turns":6},{"damage":0,"enemies":"2 Louse","floor":5,"turns":2},{"damage":22,"enemies":"Lagavulin","floor":6,"turns":12},{"damage":0,"enemies":"Large Slime","floor":10,"turns":8},{"damage":5,"enemies":"Gremlin Gang","floor":11,"turns":5},{"damage":0,"enemies":"Lots of Slimes","floor":12,"turns":4},{"damage":2,"enemies":"Exordium Wildlife","floor":14,"turns":5},{"damage":21,"enemies":"Hexaghost","floor":16,"turns":13},{"damage":16,"enemies":"Chosen","floor":18,"turns":7},{"damage":0,"enemies":"3 Byrds","floor":19,"turns":3},{"damage":34,"enemies":"Slaver and Parasite","floor":24,"turns":9},{"damage":15,"enemies":"Centurion and Healer","floor":30,"turns":8},{"damage":0,"enemies":"Snake Plant","floor":31,"turns":4},{"damage":71,"enemies":"Champ","floor":33,"turns":11}],"event_choices":[{"event_name":"Transmorgrifier","player_choice":"Transform","floor":2,"damage_taken":0},{"event_name":"Shining Light","player_choice":"Entered Light","floor":8,"damage_taken":0},{"event_name":"Addict","player_choice":"Ignored","floor":22,"damage_taken":0},{"event_name":"Upgrade Shrine","player_choice":"Upgraded","floor":27,"damage_taken":0}],"boss_relics":[{"not_picked":["Cursed Key","Snecko Eye"],"picked":"Calling Bell"}],"potions_floor_spawned":[3,5,6,10,19,30],"seed_played":"4479023449925108159","killed_by":"Champ","ascension_level":0,"is_trial":false}