{"path_per_floor":["M","M","?","$","M","R","M","M","T","?","?","M","$","M","R","B",null,"M","M","$","?","$","R","M"],"character_chosen":"THE_SILENT","items_purchased":["Noxious Fumes","Mercury Hourglass","Toy Ornithopter","Caltrops","Elixir"],"gold_per_floor":[117,134,134,22,39,39,49,61,61,311,486,498,159,177,177,281,281,300,313,33,33,33,33,51],"floor_reached":25,"campfire_rested":1,"playtime":2034,"current_hp_per_floor":[68,68,61,61,61,61,50,50,50,50,50,34,34,27,48,25,70,57,43,43,43,43,43,3],"items_purged":["Strike_G","Deadly Poison"],"gold":51,"play_id":"bf6a7060-e101-40e8-8469-fc28d158eed8","is_prod":false,"is_daily":false,"is_ascension_mode":false,"campfire_upgraded":2,"path_taken":["M","M","?","?","M","R","M","M","T","?","?","M","$","M","R","BOSS","M","M","$","?","$","R","M","M"],"build_version":"2018-01-25-PROD3","purchased_purges":2,"victory":false,"master_deck":["Defend_G","Defend_G","Defend_G","Defend_G","Defend_G","Strike_G","Strike_G","Strike_G","Survivor","Neutralize","Adrenaline","Infinite Blades","Noxious Fumes+1","Catalyst","Infinite Blades","Regret","Doubt","Tools of the Trade","Slice+1","Noxious Fumes+1","Caltrops","Blade Dance"],"max_hp_per_floor":[70,70,70,70,70,70,70,70,70,70,70,70,70,70,70,70,70,70,70,70,70,70,70,70],"relics":["Ring of the Snake","Du-Vu Doll","Mercury Hourglass","White Beast Statue","Nloth\u0027s Gift"],"card_choices":[{"not_picked":["Eviscerate","Flying Knee"],"picked":"Infinite Blades"},{"not_picked":["Venomology","Slice"],"picked":"Catalyst"},{"not_picked":["Prepared","Escape Plan"],"picked":"Infinite Blades"},{"not_picked":["Backflip","Choke"],"picked":"Deadly Poison"},{"not_picked":["Tactician","Burst"],"picked":"Tools of the Trade"},{"not_picked":["Masterful Stab","Flying Knee"],"picked":"Slice"},{"not_picked":["Distraction","Choke"],"picked":"Noxious Fumes"},{"not_picked":["Bouncing Flask","PiercingWail"],"picked":"Blade Dance"}],"player_experience":37238,"potions_floor_usage":[16,16,16,19,24],"damage_taken":[{"damage":2,"enemies":"Cultist","floor":1,"turns":5},{"damage":0,"enemies":"2 Louse","floor":2,"turns":4},{"damage":0,"enemies":"Jaw Worm","floor":5,"turns":4},{"damage":11,"enemies":"Lots of Slimes","floor":7,"turns":5},{"damage":0,"enemies":"Red Slaver","floor":8,"turns":4},{"damage":16,"enemies":"2 Fungi Beasts","floor":12,"turns":3},{"damage":7,"enemies":"Looter","floor":14,"turns":3},{"damage":23,"enemies":"Slime Boss","floor":16,"turns":6},{"damage":13,"enemies":"Chosen","floor":18,"turns":6},{"damage":14,"enemies":"Spheric Guardian","floor":19,"turns":5},{"damage":40,"enemies":"Slaver and Parasite","floor":24,"turns":5},{"damage":11,"enemies":"Snecko","floor":25,"turns":3}],"event_choices":[{"event_name":"Golden Wing","player_choice":"Card Removal","floor":3,"damage_taken":0},{"event_name":"Golden Shrine","player_choice":"Desecrate","floor":10,"damage_taken":0},{"event_name":"Liars Game","player_choice":"agreed","floor":11,"damage_taken":0},{"event_name":"N\u0027loth","player_choice":"Traded a Toy Ornithopter","floor":21,"damage_taken":0}],"boss_relics":[{"not_picked":["Philosopher\u0027s Stone","Sozu"],"picked":"White Beast Statue"}],"potions_floor_spawned":[1,7,12,14,18,19,24],"seed_played":"-2301700472468377651","killed_by":"Snecko","ascension_level":0,"is_trial":false}