{"gold_per_floor":[111,111,128,148,161,161,194,210,265,292,292,5,5,5,5,130,130,146,146,164,57,72,72,88,88,113,42,65,81,81,125,125,246,246,265,285,301,54,75,75,100,100,127,145,161,161,161,8,8,8],"floor_reached":50,"playtime":3003,"items_purged":[],"score":579,"play_id":"99c5137f-db48-4536-9215-93ecdd774a81","local_time":"20191010110914","is_ascension_mode":true,"campfire_choices":[{"floor":6,"key":"REST"},{"data":"Noxious Fumes","floor":11,"key":"SMITH"},{"floor":15,"key":"REST"},{"data":"Footwork","floor":23,"key":"SMITH"},{"floor":32,"key":"REST"},{"data":"Night Terror","floor":40,"key":"SMITH"},{"floor":47,"key":"REST"},{"floor":49,"key":"RECALL"}],"neow_cost":"NONE","seed_source_timestamp":1663459034300,"circlet_count":0,"master_deck":["Strike_G+1","Strike_G+1","Strike_G+1","Defend_G+1","Defend_G+1","Defend_G+1","Defend_G+1","Survivor+1","Neutralize","Finisher","Backstab","Noxious Fumes+1","Backflip","Backflip","Well Laid Plans","Glass Knife","Footwork+1","Backstab","Deflect+1","Deflect+1","Endless Agony","Sucker Punch+1","Night Terror+1","Noxious Fumes+1","Deflect+1","Bullet Time"],"relics":["Ring of the Snake","NeowsBlessing","Bronze Scales","Dodecahedron","Omamori","Thread and Needle","Golden Idol","Empty Cage","Art of War","Happy Flower","StoneCalendar","WristBlade","Mercury Hourglass","Oddly Smooth Stone","Ancient Tea Set"],"potions_floor_usage":[7,16,22,31,31,33,41,44,46,50],"damage_taken":[{"damage":0,"enemies":"2 Louse","floor":1,"turns":1},{"damage":0,"enemies":"Jaw Worm","floor":3,"turns":1},{"damage":0,"enemies":"Cultist","floor":4,"turns":1},{"damage":0,"enemies":"3 Louse","floor":5,"turns":3},{"damage":8,"enemies":"Gremlin Nob","floor":7,"turns":4},{"damage":2,"enemies":"Exordium Thugs","floor":8,"turns":6},{"damage":21,"enemies":"Lagavulin","floor":10,"turns":6},{"damage":0,"enemies":"The Guardian","floor":16,"turns":10},{"damage":0,"enemies":"Chosen","floor":18,"turns":4},{"damage":0,"enemies":"3 Byrds","floor":20,"turns":3},{"damage":5,"enemies":"Snecko","floor":22,"turns":8},{"damage":4,"enemies":"Cultist and Chosen","floor":24,"turns":7},{"damage":0,"enemies":"Centurion and Healer","floor":29,"turns":5},{"damage":20,"enemies":"Slavers","floor":31,"turns":6},{"damage":31,"enemies":"Automaton","floor":33,"turns":12},{"damage":7,"enemies":"3 Darklings","floor":35,"turns":5},{"damage":0,"enemies":"3 Shapes","floor":36,"turns":3},{"damage":20,"enemies":"Spire Growth","floor":37,"turns":6},{"damage":5,"enemies":"Jaw Worm Horde","floor":39,"turns":4},{"damage":3,"enemies":"Writhing Mass","floor":41,"turns":5},{"damage":11,"enemies":"3 Darklings","floor":44,"turns":7},{"damage":5,"enemies":"Jaw Worm Horde","floor":45,"turns":5},{"damage":8,"enemies":"Sphere and 2 Shapes","floor":46,"turns":5},{"damage":29,"enemies":"Awakened One","floor":50,"turns":5}],"seed_played":"-4068490464824445476","potions_obtained":[{"floor":3,"key":"Block Potion"},{"floor":5,"key":"GhostInAJar"},{"floor":7,"key":"EntropicBrew"},{"floor":8,"key":"Regen Potion"},{"floor":20,"key":"Dexterity Potion"},{"floor":33,"key":"Weak Potion"},{"floor":39,"key":"Weak Potion"},{"floor":42,"key":"Strength Potion"},{"floor":42,"key":"SkillPotion"},{"floor":45,"key":"SpeedPotion"}],"is_trial":false,"path_per_floor":["M","?","M","M","M","R","E","M","T","E","R","$","?","?","R","B",null,"M","?","M","$","M","R","M","?","T","$","T","M","?","E","R","B",null,"M","M","M","$","M","R","M","?","T","M","M","M","R","$","R","B"],"character_chosen":"THE_SILENT","items_purchased":["Thread and Needle","Footwork","Backstab","Endless Agony","Mercury Hourglass","Ancient Tea Set"],"campfire_rested":4,"item_purchase_floors":[12,21,21,27,38,48],"current_hp_per_floor":[70,37,37,37,37,58,50,48,48,27,27,27,13,13,32,47,65,65,65,65,65,60,60,56,56,56,56,56,56,56,36,55,24,65,58,58,38,38,33,33,30,30,30,19,14,6,25,25,25,0],"gold":8,"neow_bonus":"THREE_ENEMY_KILL","is_prod":false,"is_daily":false,"chose_seed":false,"campfire_upgraded":3,"win_rate":0,"timestamp":1570698554,"path_taken":["M","?","M","M","M","R","E","M","T","E","R","$","?","?","R","BOSS","M","?","?","$","M","R","M","?","T","$","?","M","?","E","R","BOSS","M","M","M","$","M","R","M","?","T","M","M","M","R","$","R","BOSS"],"build_version":"2019-07-17","purchased_purges":0,"victory":false,"max_hp_per_floor":[70,70,70,70,70,70,70,70,70,70,70,70,70,65,65,65,65,65,65,65,65,65,65,65,65,65,65,65,65,65,65,65,65,65,65,65,65,65,65,65,65,65,65,65,65,65,65,65,65,65],"card_choices":[{"not_picked":["Dagger Throw","Dagger Spray"],"picked":"Finisher","floor":1},{"not_picked":["Finisher","Prepared","Tactician"],"picked":"SKIP","floor":3},{"not_picked":["Dagger Throw","Caltrops"],"picked":"Backstab","floor":4},{"not_picked":["Deadly Poison","Dagger Spray"],"picked":"Noxious Fumes","floor":5},{"not_picked":["Blade Dance","Bane"],"picked":"Backflip","floor":7},{"not_picked":["Dagger Throw","Quick Slash","Flying Knee"],"picked":"SKIP","floor":8},{"not_picked":["Unload","Dagger Throw"],"picked":"Backflip","floor":10},{"not_picked":["Eviscerate","Outmaneuver"],"picked":"Well Laid Plans","floor":18},{"not_picked":["Dagger Spray+1","Terror","Quick Slash"],"picked":"SKIP","floor":20},{"not_picked":["Bane","Escape Plan"],"picked":"Deflect+1","floor":22},{"not_picked":["Backstab","Prepared+1"],"picked":"Deflect+1","floor":24},{"not_picked":["Grand Finale","Flying Knee","Slice+1"],"picked":"SKIP","floor":29},{"not_picked":["Backflip","Finisher"],"picked":"Sucker Punch+1","floor":31},{"not_picked":["Malaise","Doppelganger"],"picked":"Night Terror","floor":33},{"not_picked":["Prepared+1","Catalyst"],"picked":"Noxious Fumes+1","floor":35},{"not_picked":["PiercingWail+1","Escape Plan"],"picked":"Deflect+1","floor":36},{"not_picked":["Sucker Punch+1","Expertise","Underhanded Strike"],"picked":"SKIP","floor":37},{"not_picked":["Sucker Punch+1","Dagger Spray","Poisoned Stab"],"picked":"SKIP","floor":39},{"not_picked":["Dagger Throw","Quick Slash+1","Underhanded Strike"],"picked":"SKIP","floor":41},{"not_picked":["Underhanded Strike","Deadly Poison","Reflex"],"picked":"SKIP","floor":44},{"not_picked":["Footwork","Dagger Spray"],"picked":"Bullet Time","floor":45}],"player_experience":280233,"relics_obtained":[{"floor":7,"key":"Dodecahedron"},{"floor":10,"key":"Omamori"},{"floor":26,"key":"Art of War"},{"floor":28,"key":"Happy Flower"},{"floor":31,"key":"StoneCalendar"},{"floor":43,"key":"Oddly Smooth Stone"}],"event_choices":[{"damage_healed":0,"gold_gain":0,"player_choice":"Success","damage_taken":33,"relics_obtained":["Bronze Scales"],"max_hp_gain":0,"max_hp_loss":0,"event_name":"Scrap Ooze","floor":2,"gold_loss":0},{"damage_healed":0,"gold_gain":0,"player_choice":"Entered Light","damage_taken":14,"max_hp_gain":0,"max_hp_loss":0,"event_name":"Shining Light","floor":13,"gold_loss":0,"cards_upgraded":["Strike_G","Survivor"]},{"damage_healed":0,"gold_gain":0,"player_choice":"Lose Max HP","damage_taken":0,"relics_obtained":["Golden Idol"],"max_hp_gain":0,"max_hp_loss":5,"event_name":"Golden Idol","floor":14,"gold_loss":0},{"damage_healed":0,"gold_gain":0,"cards_transformed":["Strike_G"],"player_choice":"Transformed","damage_taken":0,"max_hp_gain":0,"max_hp_loss":0,"event_name":"Transmorgrifier","floor":19,"gold_loss":0,"cards_obtained":["Glass Knife"]},{"damage_healed":0,"gold_gain":0,"player_choice":"Simplicity","damage_taken":0,"max_hp_gain":0,"max_hp_loss":0,"event_name":"Back to Basics","floor":25,"gold_loss":0,"cards_upgraded":["Strike_G","Strike_G","Defend_G","Defend_G","Defend_G","Defend_G"]},{"damage_healed":0,"gold_gain":0,"player_choice":"Ignored","damage_taken":0,"max_hp_gain":0,"max_hp_loss":0,"event_name":"The Mausoleum","floor":30,"gold_loss":0},{"damage_healed":0,"gold_gain":0,"player_choice":"Got Potions","damage_taken":0,"max_hp_gain":0,"max_hp_loss":0,"event_name":"Lab","floor":42,"gold_loss":0}],"is_beta":false,"boss_relics":[{"not_picked":["Sozu","Astrolabe"],"picked":"Empty Cage"},{"not_picked":["Velvet Choker","Philosopher\u0027s Stone"],"picked":"WristBlade"}],"items_purged_floors":[],"is_endless":false,"potions_floor_spawned":[3,5,7,8,20,33,39,45,46],"killed_by":"Awakened One","ascension_level":2}