{"path_per_floor":["M","?","?","M","?","R","M","R","T","R","M","?","$","M","R","B",null,"M","?","$","M","M","E","M","E","T","?","?","R","$","M","R","B",null,"M","?","?","M","$","M","?","R","T","R","M","$","?","M","R","B"],"character_chosen":"THE_SILENT","items_purchased":["Letter Opener","Regen Potion","Backflip","Dexterity Potion"],"gold_per_floor":[109,284,284,302,302,302,327,327,351,351,372,372,3,21,21,140,140,159,159,11,35,56,89,114,149,149,179,179,179,54,65,65,161,161,171,171,171,188,38,56,56,56,56,56,72,20,20,37,37,37],"floor_reached":51,"campfire_rested":3,"playtime":3861,"current_hp_per_floor":[70,70,56,56,39,39,39,39,39,39,39,21,21,27,48,28,70,41,41,41,36,36,16,16,6,6,6,6,27,27,32,53,25,70,44,44,44,42,42,38,28,28,28,28,33,33,60,60,60,60],"items_purged":["Strike_G","Doubt","Writhe","Normality"],"gold":37,"play_id":"f93f309b-0aed-4957-bd62-6d8d1d05d37d","is_prod":false,"is_daily":false,"is_ascension_mode":false,"campfire_upgraded":4,"path_taken":["M","?","?","M","?","R","?","R","T","R","M","?","$","M","R","BOSS","M","?","$","M","M","E","M","E","T","?","?","R","$","M","R","BOSS","M","?","?","M","$","M","?","R","T","R","?","$","?","M","R","BOSS"],"build_version":"2018-01-25-PROD3","purchased_purges":4,"victory":true,"master_deck":["Defend_G+1","Defend_G+1","Defend_G","Defend_G","Defend_G","Strike_G","Strike_G","Strike_G","Survivor","Neutralize","Well Laid Plans+1","Outmaneuver+1","Wraith Form+1","Blur","Adrenaline","Dodge and Roll","Backflip","Backflip","Burst+1","Distraction+1","Wraith Form+1","Backflip+1","Madness","Madness"],"max_hp_per_floor":[70,70,70,70,70,70,70,70,70,70,70,70,70,70,70,70,70,70,70,70,70,70,70,70,70,70,70,70,70,70,70,70,70,70,70,70,70,70,70,70,70,70,70,70,70,70,60,60,60,60],"relics":["Ring of the Snake","Bloody Idol","Anchor","Frozen Eye","Letter Opener","Runic Dome","Girya","Oddly Smooth Stone","Ice Cream","Tiny Chest","Calling Bell","Matryoshka","Peace Pipe","Torii","Pen Nib","Calipers"],"card_choices":[{"not_picked":["Slice","Skewer"],"picked":"Well Laid Plans"},{"not_picked":["PiercingWail","Sucker Punch"],"picked":"Outmaneuver"},{"not_picked":["Poisoned Stab","Dagger Spray"],"picked":"Wraith Form"},{"not_picked":["Well Laid Plans","Flying Knee"],"picked":"Blur"},{"not_picked":["Envenom","Bullet Time"],"picked":"Adrenaline"},{"not_picked":["Bane","Flying Knee"],"picked":"Dodge and Roll"},{"not_picked":["PiercingWail","Deflect"],"picked":"Backflip"},{"not_picked":["Night Terror","Phantasmal Killer"],"picked":"Burst"},{"not_picked":["Dodge and Roll","Deflect"],"picked":"Distraction"},{"not_picked":["Backstab","Sucker Punch"],"picked":"Backflip"}],"player_experience":33377,"potions_floor_usage":[14,16,16,25,38,50,50],"damage_taken":[{"damage":0,"enemies":"Jaw Worm","floor":1,"turns":6},{"damage":0,"enemies":"Small Slimes","floor":4,"turns":4},{"damage":0,"enemies":"Cultist","floor":7,"turns":6},{"damage":0,"enemies":"Exordium Wildlife","floor":11,"turns":6},{"damage":9,"enemies":"Large Slime","floor":14,"turns":6},{"damage":20,"enemies":"Hexaghost","floor":16,"turns":13},{"damage":29,"enemies":"3 Byrds","floor":18,"turns":5},{"damage":5,"enemies":"2 Thieves","floor":21,"turns":4},{"damage":0,"enemies":"Snake Plant","floor":22,"turns":4},{"damage":20,"enemies":"Gremlin Leader","floor":23,"turns":8},{"damage":0,"enemies":"Sentry and Sphere","floor":24,"turns":5},{"damage":10,"enemies":"Slavers","floor":25,"turns":6},{"damage":0,"enemies":"Slaver and Parasite","floor":31,"turns":7},{"damage":33,"enemies":"Champ","floor":33,"turns":15},{"damage":31,"enemies":"Orb Walker","floor":35,"turns":6},{"damage":7,"enemies":"3 Darklings","floor":38,"turns":6},{"damage":9,"enemies":"Sphere and 2 Shapes","floor":40,"turns":5},{"damage":0,"enemies":"Maw","floor":45,"turns":6},{"damage":0,"enemies":"4 Shapes","floor":48,"turns":4},{"damage":0,"enemies":"Time Eater","floor":50,"turns":10}],"event_choices":[{"event_name":"Liars Game","player_choice":"agreed","floor":2,"damage_taken":0},{"event_name":"Shining Light","player_choice":"Entered Light","floor":3,"damage_taken":0},{"event_name":"Golden Idol","player_choice":"Take Damage","floor":5,"damage_taken":0},{"event_name":"Scrap Ooze","player_choice":"success","floor":12,"damage_taken":18},{"event_name":"Vampires","player_choice":"Ignored","floor":19,"damage_taken":0},{"event_name":"The Mausoleum","player_choice":"Yes","floor":27,"damage_taken":0},{"event_name":"Forgotten Altar","player_choice":"Gave Idol","floor":28,"damage_taken":0},{"event_name":"Duplicator","player_choice":"One dupe","floor":36,"damage_taken":0},{"event_name":"Winding Halls","player_choice":"Embrace Madness","floor":41,"damage_taken":0},{"event_name":"The Moai Head","player_choice":"Heal","floor":47,"damage_taken":0}],"boss_relics":[{"not_picked":["Velvet Choker","Ectoplasm"],"picked":"Runic Dome"},{"not_picked":["Runic Pyramid","The Specimen"],"picked":"Calling Bell"}],"potions_floor_spawned":[1,11,23,31,33,35,45,48],"seed_played":"4684521214381307440","ascension_level":0,"is_trial":false}