{"gold_per_floor":[118,138,156,22,38,63,63,93,93,93,107,107],"floor_reached":12,"playtime":364,"items_purged":[],"score":180,"play_id":"bacacc10-af3d-4e62-a0ba-dd21d244c1a8","local_time":"20190927145120","is_ascension_mode":true,"campfire_choices":[{"floor":7,"key":"REST"},{"data":"Darkness","floor":10,"key":"SMITH"}],"neow_cost":"TEN_PERCENT_HP_LOSS","seed_source_timestamp":427460790065808,"circlet_count":0,"master_deck":["AscendersBane","Strike_B","Strike_B","Defend_B","Defend_B","Defend_B","Defend_B","Zap","Dualcast","Ball Lightning","Gash","Cold Snap","Darkness+1","Turbo","Compile Driver","Heatsinks","Cold Snap","Blizzard","Coolheaded","Loop"],"relics":["Cracked Core","Sundial","HornCleat","Symbiotic Virus"],"potions_floor_usage":[5,12],"damage_taken":[{"damage":0,"enemies":"Small Slimes","floor":1,"turns":2},{"damage":2,"enemies":"Jaw Worm","floor":2,"turns":3},{"damage":0,"enemies":"Cultist","floor":3,"turns":3},{"damage":33,"enemies":"Gremlin Gang","floor":5,"turns":5},{"damage":25,"enemies":"Lagavulin","floor":6,"turns":8},{"damage":19,"enemies":"3 Sentries","floor":8,"turns":6},{"damage":1,"enemies":"Exordium Wildlife","floor":11,"turns":3},{"damage":7,"enemies":"The Mushroom Lair","floor":12,"turns":3}],"seed_played":"2862886752754188324","potions_obtained":[{"floor":1,"key":"GamblersBrew"},{"floor":8,"key":"Ancient Potion"},{"floor":11,"key":"Fire Potion"}],"is_trial":false,"path_per_floor":["M","M","M","$","M","E","R","E","T","R","M","?"],"character_chosen":"DEFECT","items_purchased":["Compile Driver","Heatsinks"],"campfire_rested":1,"item_purchase_floors":[4,4],"current_hp_per_floor":[64,62,62,62,29,4,23,4,4,4,3,0],"gold":107,"neow_bonus":"TRANSFORM_TWO_CARDS","is_prod":false,"is_daily":false,"chose_seed":false,"campfire_upgraded":1,"win_rate":0,"timestamp":1569567080,"path_taken":["M","M","M","$","M","E","R","E","T","R","M","?"],"build_version":"2019-09-26","purchased_purges":0,"victory":false,"max_hp_per_floor":[64,64,64,64,64,64,64,64,64,64,64,64],"card_choices":[{"not_picked":["Reinforced Body","Steam"],"picked":"Cold Snap","floor":1},{"not_picked":["Ball Lightning","Coolheaded"],"picked":"Darkness","floor":2},{"not_picked":["Steam","Beam Cell"],"picked":"Turbo","floor":3},{"not_picked":["Hello World","Barrage"],"picked":"Cold Snap","floor":5},{"not_picked":["Aggregate","Steam"],"picked":"Blizzard","floor":6},{"not_picked":["Rebound","Genetic Algorithm"],"picked":"Coolheaded","floor":8},{"not_picked":["Genetic Algorithm","Turbo"],"picked":"Loop","floor":11}],"player_experience":1026552,"relics_obtained":[{"floor":6,"key":"Sundial"},{"floor":8,"key":"HornCleat"},{"floor":9,"key":"Symbiotic Virus"}],"event_choices":[{"damage_healed":0,"gold_gain":0,"player_choice":"Fought Mushrooms","damage_taken":0,"max_hp_gain":0,"max_hp_loss":0,"event_name":"Mushrooms","floor":12,"gold_loss":0}],"is_beta":true,"boss_relics":[],"items_purged_floors":[],"is_endless":false,"potions_floor_spawned":[1,8,11],"killed_by":"The Mushroom Lair","ascension_level":20}