{"gold_per_floor":[361,9,9,9,34,74,93,109,134,146,202,214,250,278,290,427,439,470,506,518,544,556],"floor_reached":22,"playtime":1691,"items_purged":["Clumsy"],"score":228,"play_id":"1597556f-f5f4-468c-af63-b90b3ef124c6","local_time":"20190118220718","is_ascension_mode":true,"campfire_choices":[{"floor":10,"key":"REST"},{"floor":12,"key":"REST"},{"floor":15,"key":"REST"}],"neow_cost":"CURSE","seed_source_timestamp":431085359382739,"circlet_count":0,"master_deck":["Defend_G","Defend_G","Defend_G","Defend_G","Defend_G","Strike_G","Strike_G","Strike_G","Strike_G","Strike_G","Survivor","Neutralize","Poisoned Stab","Well Laid Plans","Prepared","Injury","Deadly Poison","Dash","Blur","Deflect","Catalyst","Deadly Poison","Bouncing Flask","Envenom","Cloak And Dagger","Backstab","Backflip"],"relics":["Ring of the Snake","Art of War","Golden Idol","Potion Belt","MawBank","Strawberry","Fusion Hammer"],"potions_floor_usage":[6,6,11,22],"damage_taken":[{"damage":8,"enemies":"Small Slimes","floor":1,"turns":6},{"damage":4,"enemies":"2 Louse","floor":5,"turns":5},{"damage":24,"enemies":"3 Sentries","floor":6,"turns":11},{"damage":0,"enemies":"Jaw Worm","floor":7,"turns":4},{"damage":5,"enemies":"Red Slaver","floor":8,"turns":4},{"damage":19,"enemies":"Lagavulin","floor":11,"turns":8},{"damage":10,"enemies":"Gremlin Gang","floor":13,"turns":7},{"damage":3,"enemies":"Exordium Wildlife","floor":14,"turns":4},{"damage":44,"enemies":"The Guardian","floor":16,"turns":8},{"damage":2,"enemies":"Shell Parasite","floor":18,"turns":4},{"damage":28,"enemies":"3 Byrds","floor":19,"turns":6},{"damage":44,"enemies":"Snecko","floor":21,"turns":6},{"damage":12,"enemies":"Snake Plant","floor":22,"turns":2}],"seed_played":"-4754146542478024094","potions_obtained":[{"floor":1,"key":"Poison Potion"},{"floor":5,"key":"SkillPotion"},{"floor":8,"key":"Regen Potion"},{"floor":14,"key":"FearPotion"},{"floor":16,"key":"FairyPotion"},{"floor":21,"key":"SkillPotion"}],"is_trial":false,"path_per_floor":["M","$","?","?","M","E","M","M","T","R","E","R","M","M","R","B",null,"M","M","?","M","M"],"character_chosen":"THE_SILENT","items_purchased":["Well Laid Plans","Art of War","Prepared"],"campfire_rested":3,"item_purchase_floors":[2,2,2],"current_hp_per_floor":[62,62,62,62,58,34,34,29,29,50,53,76,66,63,77,33,77,75,47,47,3,0],"gold":556,"neow_bonus":"TWO_FIFTY_GOLD","is_prod":false,"is_daily":false,"chose_seed":false,"campfire_upgraded":0,"win_rate":0,"timestamp":1547842038,"path_taken":["M","$","?","?","M","E","M","M","T","R","E","R","M","M","R","BOSS","M","M","?","M","M"],"build_version":"2019-01-17v2","purchased_purges":1,"victory":false,"max_hp_per_floor":[70,70,70,70,70,70,70,70,70,70,77,77,77,77,77,77,77,77,77,77,77,77],"card_choices":[{"not_picked":["Footwork","Noxious Fumes"],"picked":"Poisoned Stab","floor":1},{"not_picked":["Catalyst","Acrobatics"],"picked":"Deadly Poison","floor":5},{"not_picked":["Backflip","Calculated Gamble"],"picked":"Dash","floor":6},{"not_picked":["Cloak And Dagger","Quick Slash"],"picked":"Blur","floor":7},{"not_picked":["Dagger Throw","Infinite Blades"],"picked":"Deflect","floor":8},{"not_picked":["Deflect","Sucker Punch"],"picked":"Catalyst","floor":11},{"not_picked":["Setup","Deflect"],"picked":"Deadly Poison","floor":13},{"not_picked":["Backflip","Well Laid Plans"],"picked":"Bouncing Flask","floor":14},{"not_picked":["Venomology","Tools of the Trade"],"picked":"Envenom","floor":16},{"not_picked":["All Out Attack","Dagger Spray"],"picked":"Cloak And Dagger","floor":18},{"not_picked":["Deadly Poison","Dagger Spray+1"],"picked":"Backstab","floor":19},{"not_picked":["Dagger Throw","Accuracy+1"],"picked":"Backflip","floor":21}],"player_experience":145824,"relics_obtained":[{"floor":6,"key":"Potion Belt"},{"floor":9,"key":"MawBank"},{"floor":11,"key":"Strawberry"}],"event_choices":[{"damage_healed":0,"gold_gain":0,"player_choice":"Take Wound","damage_taken":0,"relics_obtained":["Golden Idol"],"max_hp_gain":0,"max_hp_loss":0,"event_name":"Golden Idol","floor":3,"gold_loss":0,"cards_obtained":["Injury"]},{"damage_healed":0,"gold_gain":0,"player_choice":"Leave","damage_taken":0,"max_hp_gain":0,"max_hp_loss":0,"event_name":"The Cleric","floor":4,"gold_loss":0},{"damage_healed":0,"gold_gain":0,"player_choice":"Ignored","damage_taken":0,"max_hp_gain":0,"max_hp_loss":0,"event_name":"Ghosts","floor":20,"gold_loss":0}],"is_beta":false,"boss_relics":[{"not_picked":["Eternal Feather","Pandora\u0027s Box"],"picked":"Fusion Hammer"}],"items_purged_floors":[2],"is_endless":false,"potions_floor_spawned":[1,5,8,14,16,21],"killed_by":"Snake Plant","ascension_level":3}