{"gold_per_floor":[116,191,191,204,50,77,77,93,93,12,12,12,22,22,22,95,95,109,109,159,179,229,229,229],"floor_reached":24,"playtime":438,"items_purged":["Strike_B"],"score":434,"play_id":"8bb5353c-80f3-4614-8d0d-07c6349ee311","local_time":"20191009161034","is_ascension_mode":true,"campfire_choices":[{"data":"Zap","floor":7,"key":"SMITH"},{"data":"Beam Cell","floor":11,"key":"SMITH"},{"data":"Rip and Tear","floor":15,"key":"SMITH"},{"floor":23,"key":"REST"}],"neow_cost":"NONE","seed_source_timestamp":77801977137402,"circlet_count":0,"master_deck":["AscendersBane","Defend_B","Defend_B","Defend_B","Defend_B","Zap+1","Dualcast","Hologram+1","Chill+1","Rip and Tear+1","Ball Lightning","Turbo+1","Beam Cell+1","Redo+1","Seek+1","Turbo+1","Hologram+1"],"relics":["Cracked Core","NeowsBlessing","Toxic Egg 2","Sundial","Empty Cage"],"potions_floor_usage":[16,24],"damage_taken":[{"damage":0,"enemies":"Jaw Worm","floor":1,"turns":1},{"damage":0,"enemies":"2 Louse","floor":4,"turns":1},{"damage":0,"enemies":"3 Sentries","floor":6,"turns":1},{"damage":0,"enemies":"Cultist","floor":8,"turns":2},{"damage":0,"enemies":"Exordium Thugs","floor":13,"turns":4},{"damage":50,"enemies":"Slime Boss","floor":16,"turns":8},{"damage":7,"enemies":"Spheric Guardian","floor":18,"turns":4},{"damage":24,"enemies":"Shell Parasite","floor":21,"turns":5},{"damage":59,"enemies":"Gremlin Leader","floor":24,"turns":6}],"seed_played":"-1067866076837020582","potions_obtained":[{"floor":4,"key":"PotionOfCapacity"},{"floor":6,"key":"EssenceOfSteel"},{"floor":16,"key":"Explosive Potion"}],"is_trial":false,"path_per_floor":["M","?","?","M","$","E","R","M","T","$","R","?","M","?","R","B",null,"M","?","?","M","?","R","E"],"character_chosen":"DEFECT","items_purchased":["Rip and Tear","Turbo+1","Beam Cell"],"campfire_rested":1,"item_purchase_floors":[5,10,10],"current_hp_per_floor":[64,53,53,53,53,53,53,53,53,53,53,32,32,55,55,5,55,48,48,48,24,24,45,0],"gold":229,"neow_bonus":"THREE_ENEMY_KILL","is_prod":false,"is_daily":false,"chose_seed":false,"campfire_upgraded":3,"win_rate":0,"timestamp":1570608634,"path_taken":["M","?","?","?","$","E","R","M","T","?","R","?","M","?","R","BOSS","M","?","?","?","?","R","E"],"build_version":"2019-10-08","purchased_purges":1,"victory":false,"max_hp_per_floor":[71,71,71,71,71,71,71,71,71,71,71,71,71,71,71,71,71,71,71,71,71,71,71,71],"card_choices":[{"not_picked":["Sweeping Beam","Steam"],"picked":"Hologram","floor":1},{"not_picked":["Scrape","Stack"],"picked":"Chill","floor":4},{"not_picked":["Sweeping Beam","Leap","Streamline"],"picked":"SKIP","floor":6},{"not_picked":["Barrage","Gash"],"picked":"Ball Lightning","floor":8},{"not_picked":["Aggregate+1","Go for the Eyes"],"picked":"Redo+1","floor":13},{"not_picked":["Buffer","Reboot+1"],"picked":"Seek+1","floor":16},{"not_picked":["Stack+1","Blizzard"],"picked":"Turbo+1","floor":18},{"not_picked":["Stack+1","Streamline"],"picked":"Hologram+1","floor":21}],"player_experience":1070512,"relics_obtained":[{"floor":6,"key":"Toxic Egg 2"},{"floor":9,"key":"Sundial"}],"event_choices":[{"damage_healed":0,"gold_gain":75,"player_choice":"Gather Gold","damage_taken":11,"max_hp_gain":0,"max_hp_loss":0,"event_name":"World of Goop","floor":2,"gold_loss":0},{"cards_removed":["Strike_B"],"damage_healed":0,"gold_gain":0,"player_choice":"Offered Basic","damage_taken":0,"max_hp_gain":0,"max_hp_loss":0,"event_name":"Bonfire Elementals","floor":3,"gold_loss":0},{"damage_healed":0,"gold_gain":0,"player_choice":"Entered Light","damage_taken":21,"max_hp_gain":0,"max_hp_loss":0,"event_name":"Shining Light","floor":12,"gold_loss":0,"cards_upgraded":["Hologram","Chill"]},{"damage_healed":23,"gold_gain":0,"player_choice":"Banana","damage_taken":0,"max_hp_gain":0,"max_hp_loss":0,"event_name":"Big Fish","floor":14,"gold_loss":0},{"damage_healed":0,"gold_gain":0,"player_choice":"Ignored","damage_taken":0,"max_hp_gain":0,"max_hp_loss":0,"event_name":"The Mausoleum","floor":19,"gold_loss":0},{"damage_healed":0,"gold_gain":50,"player_choice":"Pray","damage_taken":0,"max_hp_gain":0,"max_hp_loss":0,"event_name":"Golden Shrine","floor":20,"gold_loss":0},{"damage_healed":0,"gold_gain":50,"player_choice":"Stole From Cult","damage_taken":0,"max_hp_gain":0,"max_hp_loss":0,"event_name":"Nest","floor":22,"gold_loss":0}],"is_beta":true,"boss_relics":[{"not_picked":["Busted Crown","Philosopher\u0027s Stone"],"picked":"Empty Cage"}],"items_purged_floors":[5],"is_endless":false,"potions_floor_spawned":[4,6,8,16],"killed_by":"Gremlin Leader","ascension_level":20}