{"gold_per_floor":[119,129,77,90,90,90,190,215,215,246,262,295,312,331,331,427,427,443,13,28,28],"floor_reached":21,"playtime":1101,"items_purged":[],"score":221,"play_id":"a097c27e-7bbb-4c67-b447-15016f7d4188","local_time":"20191008143437","is_ascension_mode":true,"campfire_choices":[{"data":"Inflame","floor":6,"key":"SMITH"},{"floor":15,"key":"REST"}],"neow_cost":"NONE","seed_source_timestamp":276243021685100,"circlet_count":0,"master_deck":["Strike_R","Strike_R","Strike_R","Defend_R","Defend_R","Defend_R","Defend_R","Bash","Inflame+1","True Grit+1","Feel No Pain","Shrug It Off","Limit Break","True Grit","Cleave","Demon Form","Ghostly Armor","Intimidate"],"relics":["Burning Blood","Mercury Hourglass","Pen Nib","Lantern","Anchor","Empty Cage","Shovel","PreservedInsect"],"potions_floor_usage":[8,12,16,21],"damage_taken":[{"damage":4,"enemies":"Jaw Worm","floor":1,"turns":4},{"damage":0,"enemies":"Small Slimes","floor":2,"turns":3},{"damage":1,"enemies":"Cultist","floor":4,"turns":3},{"damage":40,"enemies":"3 Sentries","floor":8,"turns":14},{"damage":15,"enemies":"Gremlin Nob","floor":10,"turns":4},{"damage":12,"enemies":"Large Slime","floor":11,"turns":6},{"damage":19,"enemies":"Lagavulin","floor":12,"turns":5},{"damage":4,"enemies":"Lots of Slimes","floor":13,"turns":4},{"damage":2,"enemies":"Exordium Wildlife","floor":14,"turns":6},{"damage":49,"enemies":"The Guardian","floor":16,"turns":12},{"damage":42,"enemies":"Chosen","floor":18,"turns":7},{"damage":33,"enemies":"2 Thieves","floor":20,"turns":4},{"damage":31,"enemies":"Centurion and Healer","floor":21,"turns":5}],"seed_played":"-3028440675619131613","potions_obtained":[{"floor":4,"key":"Block Potion"},{"floor":10,"key":"Strength Potion"},{"floor":12,"key":"PowerPotion"},{"floor":16,"key":"SpeedPotion"},{"floor":20,"key":"AttackPotion"}],"is_trial":false,"path_per_floor":["M","M","$","M","?","R","?","E","T","E","M","E","M","M","R","B",null,"M","$","M","M"],"character_chosen":"IRONCLAD","items_purchased":["True Grit","Shovel","PreservedInsect"],"campfire_rested":1,"item_purchase_floors":[3,19,19],"current_hp_per_floor":[88,88,88,88,88,88,88,54,54,45,39,26,28,32,58,15,88,52,52,25,0],"gold":28,"neow_bonus":"TEN_PERCENT_HP_BONUS","is_prod":false,"is_daily":false,"chose_seed":false,"campfire_upgraded":1,"win_rate":0,"timestamp":1570538077,"path_taken":["M","M","$","M","?","R","?","E","T","E","M","E","M","?","R","BOSS","M","$","M","M"],"build_version":"2019-07-17","purchased_purges":0,"victory":false,"max_hp_per_floor":[88,88,88,88,88,88,88,88,88,88,88,88,88,88,88,88,88,88,88,88,88],"card_choices":[{"not_picked":["Pommel Strike","Wild Strike"],"picked":"Inflame","floor":1},{"not_picked":["Flex","Bloodletting","Seeing Red"],"picked":"SKIP","floor":2},{"not_picked":["Battle Trance","Perfected Strike","Clash"],"picked":"SKIP","floor":4},{"not_picked":["Pommel Strike","Iron Wave"],"picked":"Feel No Pain","floor":8},{"not_picked":["Clothesline","Corruption","Hemokinesis"],"picked":"SKIP","floor":10},{"not_picked":["Pommel Strike","Searing Blow"],"picked":"Shrug It Off","floor":11},{"not_picked":["Bloodletting","Berserk"],"picked":"Limit Break","floor":12},{"not_picked":["Flame Barrier","Carnage"],"picked":"True Grit","floor":13},{"not_picked":["Searing Blow","Flex"],"picked":"Cleave","floor":14},{"not_picked":["Berserk","Feed"],"picked":"Demon Form","floor":16},{"not_picked":["Perfected Strike","Reckless Charge+1"],"picked":"Ghostly Armor","floor":18},{"not_picked":["Cleave","Warcry"],"picked":"Intimidate","floor":20}],"player_experience":258001,"relics_obtained":[{"floor":8,"key":"Mercury Hourglass"},{"floor":9,"key":"Pen Nib"},{"floor":10,"key":"Lantern"},{"floor":12,"key":"Anchor"}],"event_choices":[{"damage_healed":0,"gold_gain":0,"player_choice":"Grow","damage_taken":0,"max_hp_gain":0,"max_hp_loss":0,"event_name":"Living Wall","floor":5,"gold_loss":0,"cards_upgraded":["True Grit"]},{"damage_healed":0,"gold_gain":100,"player_choice":"Pray","damage_taken":0,"max_hp_gain":0,"max_hp_loss":0,"event_name":"Golden Shrine","floor":7,"gold_loss":0}],"is_beta":false,"boss_relics":[{"not_picked":["Runic Cube","Eternal Feather"],"picked":"Empty Cage"}],"items_purged_floors":[],"is_endless":false,"potions_floor_spawned":[4,10,12,16,20],"killed_by":"Centurion and Healer","ascension_level":2}