{"path_per_floor":["M","$","?","?","M","R","M","R","T","E","R","?","M","M","R","B",null,"M","$","M","?","?","R","?","?","T","$","M","R","M","E","R"],"character_chosen":"THE_SILENT","items_purchased":["Dramatic Entrance","Bottled Tornado","Prepared"],"gold_per_floor":[109,9,9,9,22,22,36,36,62,98,98,98,89,110,110,241,241,266,24,48,48,48,48,48,48,48,3,22,22,46,84,84],"floor_reached":33,"campfire_rested":6,"playtime":1449,"current_hp_per_floor":[63,63,45,28,28,49,49,70,70,36,57,70,55,55,55,37,62,41,41,41,25,25,46,46,46,46,46,29,50,28,40,65],"items_purged":[],"gold":84,"score":342,"play_id":"b5228b9f-602c-4f0d-8c64-cc9e83bd386d","is_prod":false,"is_daily":false,"is_ascension_mode":true,"campfire_upgraded":1,"path_taken":["M","$","?","?","M","R","M","R","T","E","R","?","M","?","R","BOSS","M","$","M","?","?","R","?","?","T","?","M","R","M","E","R","BOSS"],"build_version":"2018-02-08-PROD1","purchased_purges":0,"victory":false,"master_deck":["Defend_G","Defend_G","Defend_G","Defend_G","Defend_G","Strike_G","Strike_G","Survivor","Neutralize","Bouncing Flask","Dramatic Entrance","Flying Knee","PiercingWail+1","Noxious Fumes","Parasite","Well Laid Plans","Venomology","Predator+1","Doppelganger+1","Eviscerate+1","Acrobatics","Prepared","Terror+1","Tactician"],"max_hp_per_floor":[70,70,70,70,70,70,70,70,70,70,70,70,70,70,70,70,70,70,70,70,70,70,70,70,70,70,70,70,70,70,84,84],"relics":["Ring of the Snake","Tingsha","Golden Idol","Bag of Marbles","Lantern","Astrolabe","Bottled Tornado","Nilry\u0027s Codex","Kunai","Calipers","Mango"],"card_choices":[{"not_picked":["PiercingWail","Bane"],"picked":"Bouncing Flask"},{"not_picked":["Expertise","Underhanded Strike"],"picked":"Flying Knee"},{"not_picked":["Deflect","Dagger Throw"],"picked":"PiercingWail"},{"not_picked":["Cloak And Dagger","Sucker Punch"],"picked":"Noxious Fumes"},{"not_picked":["Quick Slash","Grand Finale"],"picked":"Well Laid Plans"},{"not_picked":["Corpse Explosion","Grand Finale"],"picked":"Venomology"},{"not_picked":["Footwork","Underhanded Strike"],"picked":"Acrobatics"},{"not_picked":["Deadly Poison","Acrobatics"],"picked":"Terror"},{"not_picked":["Poisoned Stab","Flying Knee"],"picked":"Tactician"}],"player_experience":153369,"potions_floor_usage":[10,16,16,28,28,30,31,31,31,31,33],"damage_taken":[{"damage":0,"enemies":"Small Slimes","floor":1,"turns":5},{"damage":0,"enemies":"2 Louse","floor":5,"turns":2},{"damage":0,"enemies":"Cultist","floor":7,"turns":3},{"damage":34,"enemies":"Lagavulin","floor":10,"turns":7},{"damage":15,"enemies":"Exordium Thugs","floor":13,"turns":5},{"damage":0,"enemies":"Looter","floor":14,"turns":2},{"damage":18,"enemies":"The Guardian","floor":16,"turns":9},{"damage":21,"enemies":"3 Byrds","floor":18,"turns":5},{"damage":0,"enemies":"Chosen","floor":20,"turns":4},{"damage":17,"enemies":"Slaver and Parasite","floor":28,"turns":6},{"damage":22,"enemies":"Snecko","floor":30,"turns":5},{"damage":11,"enemies":"Book of Stabbing","floor":31,"turns":4},{"damage":66,"enemies":"Automaton","floor":33,"turns":6}],"event_choices":[{"event_name":"Scrap Ooze","player_choice":"success","floor":3,"damage_taken":18},{"event_name":"Golden Idol","player_choice":"Take Damage","floor":4,"damage_taken":0},{"event_name":"Mushrooms","player_choice":"Healed and dodged fight","floor":12,"damage_taken":0},{"event_name":"Cursed Tome","player_choice":"Obtained Book","floor":21,"damage_taken":0},{"event_name":"Addict","player_choice":"Ignored","floor":22,"damage_taken":0},{"event_name":"Drug Dealer","player_choice":"Ignored","floor":24,"damage_taken":0},{"event_name":"The Mausoleum","player_choice":"Yes","floor":25,"damage_taken":0}],"boss_relics":[{"not_picked":["Eternal Feather","Ectoplasm"],"picked":"Astrolabe"}],"potions_floor_spawned":[1,7,14,16,18,30],"seed_played":"-1995972879790713358","killed_by":"Automaton","ascension_level":6,"is_trial":false}