{"gold_per_floor":[109,123,142,160,235,262,275,275,275,275,275,301,318,334,334,430,430,443,58,74,93,112,112,112,123,149,165,165],"floor_reached":28,"playtime":1511,"items_purged":[],"score":296,"play_id":"efb76211-2608-4188-b176-41dadcc501a9","local_time":"20190126215554","is_ascension_mode":true,"campfire_choices":[{"floor":8,"key":"REST"},{"data":"1","floor":10,"key":"LIFT"},{"floor":15,"key":"REST"},{"floor":23,"key":"REST"}],"neow_cost":"NONE","seed_source_timestamp":1121808282208474,"circlet_count":0,"master_deck":["Defend_G","Defend_G","Defend_G","Defend_G","Defend_G","Strike_G","Strike_G","Strike_G","Strike_G","Survivor","Neutralize","Dagger Throw","Backflip","Dash","Sucker Punch","Poisoned Stab","PiercingWail","Poisoned Stab","Deadly Poison","Dagger Spray","Envenom","Poisoned Stab","Blade Dance","Terror","Noxious Fumes","Bane","Bandage Up","Blur","Accuracy+1","Catalyst","Poisoned Stab+1","Dagger Throw+1","Backstab+1"],"relics":["Ring of the Snake","Anchor","Girya","Pocketwatch","Orrery","Molten Egg 2","Smiling Mask"],"potions_floor_usage":[6,12,25,27,27],"damage_taken":[{"damage":0,"enemies":"Cultist","floor":1,"turns":4},{"damage":0,"enemies":"2 Louse","floor":2,"turns":3},{"damage":6,"enemies":"Small Slimes","floor":3,"turns":4},{"damage":0,"enemies":"Blue Slaver","floor":4,"turns":5},{"damage":20,"enemies":"Gremlin Nob","floor":6,"turns":5},{"damage":0,"enemies":"3 Louse","floor":7,"turns":3},{"damage":25,"enemies":"Lagavulin","floor":12,"turns":6},{"damage":0,"enemies":"Looter","floor":13,"turns":2},{"damage":5,"enemies":"Lots of Slimes","floor":14,"turns":4},{"damage":28,"enemies":"The Guardian","floor":16,"turns":9},{"damage":0,"enemies":"Chosen","floor":18,"turns":4},{"damage":29,"enemies":"Spheric Guardian","floor":20,"turns":7},{"damage":24,"enemies":"Snake Plant","floor":21,"turns":5},{"damage":10,"enemies":"Snecko","floor":22,"turns":5},{"damage":30,"enemies":"Shelled Parasite and Fungi","floor":25,"turns":7},{"damage":4,"enemies":"Chosen and Byrds","floor":27,"turns":4},{"damage":10,"enemies":"Slavers","floor":28,"turns":2}],"seed_played":"5142082905518826795","potions_obtained":[{"floor":3,"key":"Poison Potion"},{"floor":7,"key":"Poison Potion"},{"floor":16,"key":"Energy Potion"},{"floor":20,"key":"Fire Potion"},{"floor":22,"key":"Strength Potion"},{"floor":27,"key":"LiquidBronze"}],"is_trial":false,"path_per_floor":["M","M","M","M","?","E","M","R","T","R","?","E","M","M","R","B",null,"M","$","M","M","M","R","?","M","T","M","E"],"character_chosen":"THE_SILENT","items_purchased":["Bandage Up","Blur","Molten Egg 2"],"campfire_rested":3,"item_purchase_floors":[19,19,19],"current_hp_per_floor":[77,77,71,71,60,40,40,63,63,63,63,38,38,33,56,28,77,77,77,50,30,24,47,47,21,21,21,15],"gold":165,"neow_bonus":"TEN_PERCENT_HP_BONUS","is_prod":false,"is_daily":false,"chose_seed":false,"campfire_upgraded":0,"win_rate":0,"timestamp":1548532554,"path_taken":["M","M","M","M","?","E","M","R","T","R","?","E","?","M","R","BOSS","M","$","M","M","M","R","?","M","T","?","E"],"build_version":"2019-01-23","purchased_purges":0,"victory":false,"max_hp_per_floor":[77,77,77,77,77,77,77,77,77,77,77,77,77,77,77,77,77,77,77,77,77,77,77,77,77,77,77,77],"card_choices":[{"not_picked":["Outmaneuver","Quick Slash"],"picked":"Dagger Throw","floor":1},{"not_picked":["Heel Hook","Acrobatics"],"picked":"Backflip","floor":2},{"not_picked":["Flying Knee","Unload"],"picked":"Dash","floor":3},{"not_picked":["Bane","Eviscerate"],"picked":"Sucker Punch","floor":4},{"not_picked":["Expertise","Deflect"],"picked":"Poisoned Stab","floor":6},{"not_picked":["Dagger Throw","Backflip"],"picked":"PiercingWail","floor":7},{"not_picked":["Blur","Dagger Throw"],"picked":"Poisoned Stab","floor":12},{"not_picked":["Backstab","Underhanded Strike"],"picked":"Deadly Poison","floor":13},{"not_picked":["Calculated Gamble","Slice"],"picked":"Dagger Spray","floor":14},{"not_picked":["Doppelganger","Grand Finale"],"picked":"Envenom","floor":16},{"not_picked":["Blade Dance","Prepared"],"picked":"Poisoned Stab","floor":17},{"not_picked":["Dagger Throw","Sucker Punch"],"picked":"Blade Dance","floor":17},{"not_picked":["PiercingWail","Outmaneuver"],"picked":"Terror","floor":17},{"not_picked":["Poisoned Stab","Cloak And Dagger"],"picked":"Noxious Fumes","floor":17},{"not_picked":["Poisoned Stab","Dagger Spray"],"picked":"Bane","floor":17},{"not_picked":["Choke","Sucker Punch","Glass Knife"],"picked":"SKIP","floor":18},{"not_picked":["Acrobatics","Noxious Fumes"],"picked":"Accuracy+1","floor":20},{"not_picked":["Backflip+1","Prepared"],"picked":"Catalyst","floor":21},{"not_picked":["Concentrate","Dodge and Roll"],"picked":"Poisoned Stab+1","floor":22},{"not_picked":["Setup+1","Underhanded Strike+1"],"picked":"Dagger Throw+1","floor":25},{"not_picked":["Deadly Poison","Dagger Spray+1"],"picked":"Backstab+1","floor":27}],"player_experience":177122,"relics_obtained":[{"floor":6,"key":"Anchor"},{"floor":9,"key":"Girya"},{"floor":12,"key":"Pocketwatch"},{"floor":26,"key":"Smiling Mask"}],"event_choices":[{"damage_healed":0,"gold_gain":75,"player_choice":"Gather Gold","damage_taken":11,"max_hp_gain":0,"max_hp_loss":0,"event_name":"World of Goop","floor":5,"gold_loss":0},{"damage_healed":0,"gold_gain":0,"player_choice":"Bought 0 Potions","damage_taken":0,"max_hp_gain":0,"max_hp_loss":0,"event_name":"The Woman in Blue","floor":11,"gold_loss":0},{"cards_removed":["Strike_G"],"damage_healed":0,"gold_gain":0,"player_choice":"Offered Basic","damage_taken":0,"max_hp_gain":0,"max_hp_loss":0,"event_name":"Bonfire Elementals","floor":24,"gold_loss":0}],"is_beta":false,"boss_relics":[{"not_picked":["Astrolabe","White Beast Statue"],"picked":"Orrery"}],"items_purged_floors":[],"is_endless":false,"potions_floor_spawned":[3,7,16,20,22,27],"killed_by":"Slavers","ascension_level":3}