{"gold_per_floor":[209,219,230,241,255,285,285,250,250,250,265,322,322,48,48,152,202,214,67,81,81],"floor_reached":21,"playtime":1184,"items_purged":["Strike_G"],"score":220,"play_id":"be1ae396-7f66-464e-b90f-265332b6c01d","local_time":"20191019145224","is_ascension_mode":true,"campfire_choices":[{"floor":7,"key":"REST"},{"data":"Blade Dance","floor":10,"key":"SMITH"},{"floor":13,"key":"REST"},{"floor":15,"key":"REST"}],"neow_cost":"NONE","seed_source_timestamp":716297983579600,"circlet_count":0,"master_deck":["Strike_G+1","Strike_G","Strike_G","Strike_G","Defend_G","Defend_G","Defend_G+1","Defend_G","Defend_G+1","Survivor","Neutralize","Choke","Well Laid Plans","Heel Hook","Blade Dance+1","Accuracy","Blade Dance","Burst","Deflect","Calculated Gamble"],"relics":["Ring of the Snake","Art of War","War Paint","Tiny Chest","Anchor","Tiny House"],"potions_floor_usage":[4,6,16,18],"damage_taken":[{"damage":1,"enemies":"Cultist","floor":1,"turns":4},{"damage":6,"enemies":"Jaw Worm","floor":2,"turns":5},{"damage":0,"enemies":"2 Louse","floor":3,"turns":2},{"damage":14,"enemies":"Lots of Slimes","floor":4,"turns":4},{"damage":1,"enemies":"Blue Slaver","floor":5,"turns":5},{"damage":31,"enemies":"Gremlin Nob","floor":6,"turns":4},{"damage":6,"enemies":"Exordium Wildlife","floor":11,"turns":3},{"damage":24,"enemies":"3 Sentries","floor":12,"turns":11},{"damage":52,"enemies":"The Guardian","floor":16,"turns":14},{"damage":43,"enemies":"Spheric Guardian","floor":18,"turns":6},{"damage":6,"enemies":"2 Thieves","floor":20,"turns":4},{"damage":31,"enemies":"3 Cultists","floor":21,"turns":4}],"seed_played":"4752547707318490166","potions_obtained":[{"floor":1,"key":"Weak Potion"},{"floor":2,"key":"PowerPotion"},{"floor":5,"key":"Explosive Potion"},{"floor":6,"key":"Weak Potion"},{"floor":17,"key":"Ancient Potion"},{"floor":18,"key":"SneckoOil"}],"is_trial":false,"path_per_floor":["M","M","M","M","M","E","R","?","T","R","M","E","R","$","R","B",null,"M","$","M","M"],"character_chosen":"THE_SILENT","items_purchased":["Accuracy","Blade Dance","Anchor","Calculated Gamble"],"campfire_rested":3,"item_purchase_floors":[14,14,14,19],"current_hp_per_floor":[69,63,63,49,48,17,38,55,55,55,49,25,46,46,67,15,75,32,32,26,0],"gold":81,"neow_bonus":"HUNDRED_GOLD","is_prod":false,"is_daily":false,"chose_seed":false,"campfire_upgraded":1,"win_rate":0,"timestamp":1571489544,"path_taken":["M","M","M","M","M","E","R","?","T","R","M","E","R","$","R","BOSS","M","$","M","M"],"build_version":"2019-07-17","purchased_purges":1,"victory":false,"max_hp_per_floor":[70,70,70,70,70,70,70,70,70,70,70,70,70,70,70,70,75,75,75,75,75],"card_choices":[{"not_picked":["Crippling Poison","PiercingWail","Terror"],"picked":"SKIP","floor":1},{"not_picked":["Escape Plan","Footwork"],"picked":"Choke","floor":2},{"not_picked":["Prepared","Backflip"],"picked":"Well Laid Plans","floor":3},{"not_picked":["Riddle With Holes","Distraction"],"picked":"Heel Hook","floor":4},{"not_picked":["Quick Slash","Acrobatics","Bane"],"picked":"SKIP","floor":5},{"not_picked":["Cloak And Dagger","Deflect"],"picked":"Blade Dance","floor":6},{"not_picked":["Slice","Outmaneuver","Reflex"],"picked":"SKIP","floor":11},{"not_picked":["Deadly Poison","Heel Hook","Poisoned Stab"],"picked":"SKIP","floor":12},{"not_picked":["Adrenaline","Doppelganger"],"picked":"Burst","floor":16},{"not_picked":["Underhanded Strike+1","Dagger Spray"],"picked":"Deflect","floor":18},{"not_picked":["Riddle With Holes+1","PiercingWail","Quick Slash"],"picked":"SKIP","floor":20}],"player_experience":388029,"relics_obtained":[{"floor":6,"key":"Art of War"},{"floor":9,"key":"War Paint"},{"floor":12,"key":"Tiny Chest"}],"event_choices":[{"damage_healed":17,"gold_gain":0,"player_choice":"Healed","damage_taken":0,"max_hp_gain":0,"max_hp_loss":0,"event_name":"The Cleric","floor":8,"gold_loss":35}],"is_beta":false,"boss_relics":[{"not_picked":["Runic Dome","Astrolabe"],"picked":"Tiny House"}],"items_purged_floors":[19],"is_endless":false,"potions_floor_spawned":[1,2,5,6,18],"killed_by":"3 Cultists","ascension_level":3}