{"gold_per_floor":[116,126,137,153,78,78,106,123,123,150,161,161,186,196,196,293,293,309,322,77,77,93,93,125,125,125,139,139,169,180,197,197,197],"floor_reached":33,"playtime":2021,"items_purged":["Strike_B","Strike_B"],"score":467,"play_id":"4addccf3-68ac-4bfa-915b-d2ecc0ff5f5b","local_time":"20191019112124","is_ascension_mode":true,"campfire_choices":[{"data":"Streamline","floor":6,"key":"SMITH"},{"floor":12,"key":"REST"},{"data":"Defragment","floor":15,"key":"SMITH"},{"data":"Rainbow","floor":23,"key":"SMITH"},{"data":"Conserve Battery","floor":25,"key":"SMITH"},{"data":"Glacier","floor":28,"key":"SMITH"},{"data":"Rebound","floor":32,"key":"SMITH"}],"neow_cost":"NONE","seed_source_timestamp":662306386502800,"circlet_count":0,"master_deck":["AscendersBane","Strike_B","Defend_B","Defend_B","Defend_B","Defend_B","Zap","Dualcast","Streamline+1","Rebound+1","Hologram","Compile Driver","BootSequence","Sweeping Beam","FTL","Defragment+1","Conserve Battery+1","Glacier+1","Rainbow+1","Ball Lightning+1","Biased Cognition","Leap+1","Go for the Eyes+1","Reprogram","Electrodynamics","Lockon","Coolheaded+1"],"relics":["Cracked Core","Thread and Needle","Gremlin Horn","Bronze Scales","Letter Opener","Philosopher\u0027s Stone","Bottled Lightning","Potion Belt","Symbiotic Virus"],"potions_floor_usage":[7,10,16,16,22,24,33,33],"damage_taken":[{"damage":1,"enemies":"Cultist","floor":1,"turns":3},{"damage":0,"enemies":"2 Louse","floor":2,"turns":1},{"damage":7,"enemies":"Jaw Worm","floor":3,"turns":3},{"damage":18,"enemies":"Large Slime","floor":4,"turns":4},{"damage":39,"enemies":"Lagavulin","floor":7,"turns":6},{"damage":1,"enemies":"2 Fungi Beasts","floor":8,"turns":3},{"damage":8,"enemies":"3 Sentries","floor":10,"turns":6},{"damage":0,"enemies":"Exordium Wildlife","floor":11,"turns":2},{"damage":6,"enemies":"Lagavulin","floor":13,"turns":6},{"damage":0,"enemies":"Red Slaver","floor":14,"turns":3},{"damage":8,"enemies":"Slime Boss","floor":16,"turns":8},{"damage":0,"enemies":"Chosen","floor":18,"turns":4},{"damage":0,"enemies":"3 Byrds","floor":19,"turns":2},{"damage":5,"enemies":"Snake Plant","floor":22,"turns":2},{"damage":7,"enemies":"Book of Stabbing","floor":24,"turns":4},{"damage":0,"enemies":"Cultist and Chosen","floor":27,"turns":4},{"damage":11,"enemies":"Slavers","floor":29,"turns":5},{"damage":10,"enemies":"Snecko","floor":30,"turns":3},{"damage":6,"enemies":"Snake Plant","floor":31,"turns":3},{"damage":60,"enemies":"Automaton","floor":33,"turns":6}],"seed_played":"7926405465968280525","potions_obtained":[{"floor":1,"key":"SkillPotion"},{"floor":2,"key":"LiquidBronze"},{"floor":7,"key":"PowerPotion"},{"floor":11,"key":"Fire Potion"},{"floor":14,"key":"Energy Potion"},{"floor":19,"key":"Energy Potion"},{"floor":22,"key":"Energy Potion"},{"floor":24,"key":"Weak Potion"}],"is_trial":false,"path_per_floor":["M","M","M","M","$","R","E","M","T","E","M","R","E","M","R","B",null,"M","M","$","?","M","R","E","R","T","M","R","E","M","M","R","B"],"character_chosen":"DEFECT","items_purchased":["Biased Cognition"],"campfire_rested":1,"item_purchase_floors":[20],"current_hp_per_floor":[74,74,67,49,49,49,10,9,9,1,1,25,19,19,19,11,64,64,64,64,64,59,59,52,52,52,52,52,41,31,25,25,0],"gold":197,"neow_bonus":"TEN_PERCENT_HP_BONUS","is_prod":false,"is_daily":false,"chose_seed":false,"campfire_upgraded":6,"win_rate":0,"timestamp":1571476884,"path_taken":["M","M","M","M","?","R","E","M","T","E","M","R","E","M","R","BOSS","M","M","$","?","M","R","E","R","T","M","R","E","M","M","R","BOSS"],"build_version":"2019-07-17","purchased_purges":2,"victory":false,"max_hp_per_floor":[82,82,82,82,82,82,82,82,82,82,82,82,82,82,82,82,82,82,82,82,82,82,82,82,82,82,82,82,82,82,82,82,82],"card_choices":[{"not_picked":["Capacitor","Genetic Algorithm"],"picked":"Streamline","floor":1},{"not_picked":["Streamline","White Noise"],"picked":"Rebound","floor":2},{"not_picked":["BootSequence","Stack"],"picked":"Hologram","floor":3},{"not_picked":["Steam","Barrage"],"picked":"Compile Driver","floor":4},{"not_picked":["Steam Power","Steam"],"picked":"BootSequence","floor":7},{"not_picked":["Gash","Chill"],"picked":"Sweeping Beam","floor":8},{"not_picked":["Meteor Strike","Leap"],"picked":"FTL","floor":10},{"not_picked":["Redo","Gash"],"picked":"Defragment","floor":11},{"not_picked":["Sweeping Beam","Heatsinks"],"picked":"Conserve Battery","floor":13},{"not_picked":["Melter","Conserve Battery"],"picked":"Glacier","floor":14},{"not_picked":["Fission","Amplify"],"picked":"Rainbow","floor":16},{"not_picked":["Coolheaded","Melter"],"picked":"Ball Lightning+1","floor":18},{"not_picked":["Static Discharge","Hello World+1","Steam"],"picked":"SKIP","floor":19},{"not_picked":["Go for the Eyes","Scrape"],"picked":"Leap+1","floor":22},{"not_picked":["Reinforced Body","Conserve Battery"],"picked":"Go for the Eyes+1","floor":24},{"not_picked":["Coolheaded","Cold Snap"],"picked":"Reprogram","floor":27},{"not_picked":["Chaos","Rebound"],"picked":"Electrodynamics","floor":29},{"not_picked":["Heatsinks","Force Field"],"picked":"Lockon","floor":30},{"not_picked":["Glacier","Recycle"],"picked":"Coolheaded+1","floor":31}],"player_experience":427833,"relics_obtained":[{"floor":7,"key":"Thread and Needle"},{"floor":9,"key":"Gremlin Horn"},{"floor":10,"key":"Bronze Scales"},{"floor":13,"key":"Letter Opener"},{"floor":24,"key":"Bottled Lightning"},{"floor":26,"key":"Potion Belt"},{"floor":29,"key":"Symbiotic Virus"}],"event_choices":[{"cards_removed":["Strike_B"],"damage_healed":0,"gold_gain":0,"player_choice":"Elegance","damage_taken":0,"max_hp_gain":0,"max_hp_loss":0,"event_name":"Back to Basics","floor":21,"gold_loss":0}],"is_beta":false,"boss_relics":[{"not_picked":["Snecko Eye","Empty Cage"],"picked":"Philosopher\u0027s Stone"}],"items_purged_floors":[5,20],"is_endless":false,"potions_floor_spawned":[1,2,7,11,14,19,22,24],"killed_by":"Automaton","ascension_level":10}