{"gold_per_floor":[116,69,86,105,380,380,415,428,428,443,443],"floor_reached":11,"playtime":436,"items_purged":[],"score":90,"play_id":"a2f5312c-4d44-4137-8547-746d0b98c6d8","local_time":"20190208003522","is_ascension_mode":true,"campfire_choices":[{"data":"Terror","floor":6,"key":"SMITH"}],"neow_cost":"NONE","seed_source_timestamp":2169281442694899,"circlet_count":0,"master_deck":["Defend_G","Defend_G","Defend_G","Defend_G","Defend_G","Strike_G","Strike_G","Strike_G","Strike_G","Strike_G","Survivor","Neutralize","Blade Dance","Cloak And Dagger","Terror+1","Crippling Poison","Regret","Heel Hook","PiercingWail","Caltrops"],"relics":["Ring of the Snake","Singing Bowl","StoneCalendar"],"potions_floor_usage":[10,10],"damage_taken":[{"damage":0,"enemies":"2 Louse","floor":1,"turns":3},{"damage":1,"enemies":"Cultist","floor":3,"turns":4},{"damage":0,"enemies":"Jaw Worm","floor":4,"turns":5},{"damage":30,"enemies":"Gremlin Nob","floor":7,"turns":5},{"damage":3,"enemies":"2 Fungi Beasts","floor":8,"turns":3},{"damage":11,"enemies":"Exordium Thugs","floor":10,"turns":4},{"damage":27,"enemies":"Lagavulin","floor":11,"turns":6}],"seed_played":"-1188215794798318484","potions_obtained":[{"floor":7,"key":"Swift Potion"},{"floor":8,"key":"Energy Potion"},{"floor":10,"key":"LiquidBronze"}],"is_trial":false,"path_per_floor":["M","$","M","M","?","R","E","M","T","M","E"],"character_chosen":"THE_SILENT","items_purchased":["Cloak And Dagger"],"campfire_rested":0,"item_purchase_floors":[2],"current_hp_per_floor":[77,77,76,76,76,76,46,43,43,32,5],"gold":443,"neow_bonus":"TEN_PERCENT_HP_BONUS","is_prod":false,"is_daily":false,"chose_seed":false,"campfire_upgraded":1,"win_rate":0,"timestamp":1549578922,"path_taken":["M","$","M","M","?","R","E","M","T","M","E"],"build_version":"2019-01-23","purchased_purges":0,"victory":false,"max_hp_per_floor":[77,77,77,77,77,77,77,77,77,77,77],"card_choices":[{"not_picked":["Dodge and Roll","Underhanded Strike"],"picked":"Blade Dance","floor":1},{"not_picked":["Quick Slash","Prepared"],"picked":"Terror","floor":3},{"not_picked":["Masterful Stab","Deflect"],"picked":"Crippling Poison","floor":4},{"not_picked":["Outmaneuver","Expertise"],"picked":"Heel Hook","floor":7},{"not_picked":["Quick Slash","Endless Agony"],"picked":"PiercingWail","floor":8},{"not_picked":["PiercingWail","Outmaneuver"],"picked":"Caltrops","floor":10}],"player_experience":190594,"relics_obtained":[{"floor":7,"key":"Singing Bowl"},{"floor":9,"key":"StoneCalendar"}],"event_choices":[{"damage_healed":0,"gold_gain":275,"player_choice":"Desecrate","damage_taken":0,"max_hp_gain":0,"max_hp_loss":0,"event_name":"Golden Shrine","floor":5,"gold_loss":0,"cards_obtained":["Regret"]}],"is_beta":false,"boss_relics":[],"items_purged_floors":[],"is_endless":false,"potions_floor_spawned":[7,8,10],"killed_by":"Lagavulin","ascension_level":4}