{"gold_per_floor":[209,220,64,77,77,77,97,126,196,196,216,143,160,191,191,292,292,279,279,294,202,221,221,221],"floor_reached":24,"playtime":2239,"items_purged":[],"score":239,"play_id":"ed561f71-db80-445d-96b4-0fda7bd178f6","local_time":"20190107000815","is_ascension_mode":true,"campfire_choices":[{"data":"Riddle With Holes","floor":6,"key":"SMITH"},{"floor":10,"key":"REST"},{"floor":15,"key":"REST"},{"floor":23,"key":"REST"}],"neow_cost":"NONE","seed_source_timestamp":1403752950939420,"circlet_count":0,"master_deck":["Defend_G","Defend_G","Defend_G","Defend_G","Strike_G","Strike_G","Strike_G","Survivor","Neutralize","Riddle With Holes+1","Prepared","Dagger Spray","Slice","Deadly Poison","Quick Slash","Blur","Distraction","Envenom","Burst","Acrobatics+1","Heel Hook+1","Acrobatics+1","Cloak And Dagger","Neutralize","Riddle With Holes","Bandage Up","Deflect"],"relics":["Ring of the Snake","Art of War","Thread and Needle","Dodecahedron","Lantern","Astrolabe"],"potions_floor_usage":[8,16,18,22,24],"damage_taken":[{"damage":0,"enemies":"Small Slimes","floor":1,"turns":6},{"damage":0,"enemies":"2 Louse","floor":2,"turns":2},{"damage":0,"enemies":"Cultist","floor":4,"turns":3},{"damage":16,"enemies":"2 Fungi Beasts","floor":7,"turns":4},{"damage":15,"enemies":"Gremlin Nob","floor":8,"turns":5},{"damage":13,"enemies":"Gremlin Gang","floor":11,"turns":4},{"damage":0,"enemies":"Exordium Wildlife","floor":13,"turns":4},{"damage":25,"enemies":"3 Sentries","floor":14,"turns":7},{"damage":39,"enemies":"Slime Boss","floor":16,"turns":13},{"damage":10,"enemies":"2 Thieves","floor":18,"turns":4},{"damage":0,"enemies":"3 Byrds","floor":20,"turns":6},{"damage":54,"enemies":"3 Cultists","floor":22,"turns":8},{"damage":40,"enemies":"Gremlin Leader","floor":24,"turns":3}],"seed_played":"-5043384295721437544","potions_obtained":[{"floor":4,"key":"Block Potion"},{"floor":11,"key":"Energy Potion"},{"floor":14,"key":"Dexterity Potion"},{"floor":16,"key":"Dexterity Potion"},{"floor":20,"key":"LiquidBronze"}],"is_trial":false,"path_per_floor":["M","M","$","M","?","R","M","E","T","R","M","$","M","E","R","B",null,"M","?","M","$","M","R","E"],"character_chosen":"THE_SILENT","items_purchased":["Art of War","Blur","Bandage Up"],"campfire_rested":3,"item_purchase_floors":[3,12,21],"current_hp_per_floor":[70,70,70,70,70,70,54,39,39,60,47,47,47,22,43,4,70,60,60,60,60,10,31,0],"gold":221,"neow_bonus":"HUNDRED_GOLD","is_prod":false,"is_daily":false,"chose_seed":false,"campfire_upgraded":1,"win_rate":0,"timestamp":1546812495,"path_taken":["M","M","$","M","?","R","M","E","T","R","M","$","M","E","R","BOSS","M","?","M","$","M","R","E"],"build_version":"2019-01-03v4","purchased_purges":0,"victory":false,"max_hp_per_floor":[70,70,70,70,70,70,70,70,70,70,70,70,70,70,70,70,70,70,70,70,70,70,70,70],"card_choices":[{"not_picked":["Dodge and Roll","Cloak And Dagger"],"picked":"Riddle With Holes","floor":1},{"not_picked":["Outmaneuver","Flechettes"],"picked":"Prepared","floor":2},{"not_picked":["Outmaneuver","Expertise"],"picked":"Dagger Spray","floor":4},{"not_picked":["Cloak And Dagger","Storm of Steel"],"picked":"Slice","floor":7},{"not_picked":["Cloak And Dagger","Dagger Spray"],"picked":"Deadly Poison","floor":8},{"not_picked":["Bane","Underhanded Strike"],"picked":"Quick Slash","floor":11},{"not_picked":["Prepared","Masterful Stab"],"picked":"Distraction","floor":13},{"not_picked":["Bane","Dagger Spray"],"picked":"Envenom","floor":14},{"not_picked":["Die Die Die","Grand Finale"],"picked":"Burst","floor":16},{"not_picked":["Underhanded Strike","Outmaneuver"],"picked":"Cloak And Dagger","floor":18},{"not_picked":["Underhanded Strike+1","Sucker Punch"],"picked":"Riddle With Holes","floor":20},{"not_picked":["Outmaneuver","Acrobatics+1"],"picked":"Deflect","floor":22}],"player_experience":125344,"relics_obtained":[{"floor":8,"key":"Thread and Needle"},{"floor":9,"key":"Dodecahedron"},{"floor":14,"key":"Lantern"}],"event_choices":[{"damage_healed":0,"gold_gain":0,"player_choice":"Ignored","damage_taken":0,"max_hp_gain":0,"max_hp_loss":0,"event_name":"Golden Wing","floor":5,"gold_loss":0},{"damage_healed":0,"gold_gain":0,"player_choice":"1 cards matched","damage_taken":0,"max_hp_gain":0,"max_hp_loss":0,"event_name":"Match and Keep!","floor":19,"gold_loss":0,"cards_obtained":["Neutralize"]}],"is_beta":false,"boss_relics":[{"not_picked":["Sozu","WristBlade"],"picked":"Astrolabe"}],"items_purged_floors":[],"is_endless":false,"potions_floor_spawned":[4,11,14,16,20],"killed_by":"Gremlin Leader","ascension_level":3}