{"gold_per_floor":[119,119,44,2,77,77,107,107,107,20,50,50,50,63,63,136,136,153,36,86,1,1,1,26,26,49,49,60,76,86,119,119,197,197,211,211,230,241,29,60,72,113,150,162,203,215,256,285,297,309,321,333,345,35,61,61],"floor_reached":57,"playtime":2005,"items_purged":["Strike_R","Strike_R","Uppercut+1"],"score":3195,"play_id":"e11afd76-fd17-4043-8245-3ce75287966f","local_time":"20190923224234","is_ascension_mode":true,"campfire_choices":[{"data":"Armaments","floor":6.0,"key":"SMITH"},{"data":"Carnage","floor":8.0,"key":"SMITH"},{"data":"Feel No Pain","floor":13.0,"key":"SMITH"},{"data":"1","floor":15.0,"key":"LIFT"},{"data":"Fire Breathing","floor":23.0,"key":"SMITH"},{"data":"Body Slam","floor":25.0,"key":"SMITH"},{"floor":32.0,"key":"REST"},{"floor":41,"key":"RECALL"},{"data":"Barricade","floor":44,"key":"SMITH"},{"data":"Offering","floor":46,"key":"SMITH"},{"data":"Evolve","floor":49,"key":"SMITH"},{"data":"Battle Trance","floor":53,"key":"SMITH"}],"neow_cost":"NONE","seed_source_timestamp":108393975713851,"circlet_count":0,"master_deck":["AscendersBane","Defend_R","Defend_R","Defend_R","Defend_R","Armaments+1","Carnage+1","Power Through","Feel No Pain+1","Evolve+1","Offering+1","Pommel Strike+1","Disarm","Fire Breathing+1","Body Slam+1","True Grit","Barricade+1","Seeing Red+1","Intimidate+1","Battle Trance+1","Backflip","Recycle"],"special_seed":0,"relics":["Burning Blood","NeowsBlessing","MealTicket","Girya","Singing Bowl","Gambling Chip","Ornamental Fan","Mark of Pain","The Courier","Bronze Scales","Blood Vial","Ancient Tea Set","Astrolabe","PrismaticShard","MawBank","Toy Ornithopter","Kunai","Happy Flower","Toolbox","Self Forming Clay"],"potions_floor_usage":[35,38,40,47,50,54,55,56],"damage_taken":[{"damage":0.0,"enemies":"2 Louse","floor":1.0,"turns":1.0},{"damage":0.0,"enemies":"Lagavulin","floor":7.0,"turns":1.0},{"damage":0.0,"enemies":"3 Sentries","floor":11.0,"turns":2.0},{"damage":8.0,"enemies":"Jaw Worm","floor":14.0,"turns":4.0},{"damage":53.0,"enemies":"The Guardian","floor":16.0,"turns":15.0},{"damage":17.0,"enemies":"2 Thieves","floor":18.0,"turns":4.0},{"damage":38.0,"enemies":"Gremlin Leader","floor":24.0,"turns":6.0},{"damage":0.0,"enemies":"Chosen","floor":28.0,"turns":4.0},{"damage":23.0,"enemies":"Snecko","floor":29.0,"turns":5.0},{"damage":6.0,"enemies":"Centurion and Healer","floor":30.0,"turns":5.0},{"damage":25.0,"enemies":"Book of Stabbing","floor":31.0,"turns":4.0},{"damage":43.0,"enemies":"Automaton","floor":33.0,"turns":7.0},{"damage":20,"enemies":"3 Darklings","floor":35,"turns":4},{"damage":9,"enemies":"Orb Walker","floor":37,"turns":4},{"damage":7,"enemies":"4 Shapes","floor":38,"turns":3},{"damage":6,"enemies":"Nemesis","floor":40,"turns":5},{"damage":45,"enemies":"Reptomancer","floor":42,"turns":5},{"damage":0,"enemies":"Nemesis","floor":45,"turns":7},{"damage":6,"enemies":"Reptomancer","floor":47,"turns":5},{"damage":6,"enemies":"3 Darklings","floor":48,"turns":5},{"damage":9,"enemies":"Time Eater","floor":50,"turns":10},{"damage":27,"enemies":"Donu and Deca","floor":51,"turns":6},{"damage":18,"enemies":"Shield and Spear","floor":55,"turns":5},{"damage":51,"enemies":"The Heart","floor":56,"turns":9}],"seed_played":"2111179556013164511","potions_obtained":[{"floor":11.0,"key":"Energy Potion"},{"floor":16.0,"key":"Swift Potion"},{"floor":28.0,"key":"HeartOfIron"},{"floor":33.0,"key":"Dexterity Potion"},{"floor":35,"key":"Weak Potion"},{"floor":36,"key":"ElixirPotion"},{"floor":42,"key":"Block Potion"},{"floor":45,"key":"Weak Potion"},{"floor":48,"key":"BloodPotion"}],"is_trial":false,"path_per_floor":["M","?","?","$","?","R","E","R","T","$","E","T","R","M","R","B",null,"M","$","?","?","?","R","E","R","T","?","M","M","M","E","R","B",null,"M","?","M","M","$","E","R","E","T","R","E","R","E","M","R","B","B",null,"R","$","E","B",null],"character_chosen":"IRONCLAD","items_purchased":["Carnage","Feel No Pain","Disarm","PrismaticShard","Dexterity Potion","Swift Potion","Toolbox"],"campfire_rested":1,"item_purchase_floors":[4,10,19,39,54,54,54],"current_hp_per_floor":[74,48,48,63,52,52,58,58,58,73,75,75,75,75,75,28,65,54,69,69,69,69,69,37,37,37,37,45,32,36,21,45,10,65,53,53,54,57,72,76,76,41,41,41,49,49,58,62,62,66,47,83,83,95,88,50],"gold":61,"neow_bonus":"THREE_ENEMY_KILL","is_prod":false,"is_daily":false,"chose_seed":false,"campfire_upgraded":9,"win_rate":0,"timestamp":1569249754,"path_taken":["M","?","?","?","?","R","E","R","T","?","E","?","R","M","R","BOSS","M","$","?","?","?","R","E","R","T","?","M","?","M","E","R","BOSS","M","?","M","M","$","E","R","E","T","R","E","R","E","M","R","BOSS","BOSS","R","$","E","BOSS"],"build_version":"2019-09-20","purchased_purges":3,"victory":true,"max_hp_per_floor":[75,75,75,75,75,75,75,75,75,75,75,75,75,77,77,77,77,77,77,77,77,77,77,77,77,77,77,77,79,81,83,83,83,83,83,83,85,87,87,89,89,91,91,91,91,91,93,95,95,95,95,95,95,95,95,95],"card_choices":[{"not_picked":["Cleave","Clash"],"picked":"Armaments","floor":1.0},{"not_picked":["Combust","Barricade"],"picked":"Power Through","floor":7.0},{"not_picked":["Headbutt","Heavy Blade"],"picked":"Evolve","floor":11.0},{"not_picked":["Cleave","Dropkick","Entrench"],"picked":"Singing Bowl","floor":14.0},{"not_picked":["Feed","Fiend Fire"],"picked":"Offering","floor":16.0},{"not_picked":["Heavy Blade","Havoc"],"picked":"Pommel Strike+1","floor":18.0},{"not_picked":["Evolve","Brutality"],"picked":"Body Slam","floor":24.0},{"not_picked":["Searing Blow+1","Thunderclap"],"picked":"True Grit","floor":28.0},{"not_picked":["Shockwave","Sword Boomerang","Thunderclap"],"picked":"Singing Bowl","floor":29.0},{"not_picked":["Pommel Strike","Headbutt","Rage+1"],"picked":"Singing Bowl","floor":30.0},{"not_picked":["Heavy Blade","Exhume","Iron Wave"],"picked":"Singing Bowl","floor":31.0},{"not_picked":["Offering","Juggernaut"],"picked":"Barricade","floor":33.0},{"not_picked":["Infernal Blade","Iron Wave"],"picked":"Battle Trance","floor":35},{"not_picked":["Body Slam","Perfected Strike","Sentinel"],"picked":"Singing Bowl","floor":37},{"not_picked":["Perfected Strike+1","Havoc+1","Carnage"],"picked":"Singing Bowl","floor":38},{"not_picked":["Stack","True Grit","Omniscience"],"picked":"Singing Bowl","floor":40},{"not_picked":["Infinite Blades","Biased Cognition","Slice"],"picked":"Singing Bowl","floor":42},{"not_picked":["Heel Hook","Consume+1"],"picked":"Backflip","floor":45},{"not_picked":["Chill+1","Warcry","Protect"],"picked":"Singing Bowl","floor":47},{"not_picked":["Flying Knee","Consecrate","Cold Snap"],"picked":"Singing Bowl","floor":48},{"not_picked":["Tempest","Sword Boomerang+1"],"picked":"Recycle","floor":55}],"player_experience":957752,"relics_obtained":[{"floor":7.0,"key":"Girya"},{"floor":9.0,"key":"Singing Bowl"},{"floor":11.0,"key":"Gambling Chip"},{"floor":12.0,"key":"Ornamental Fan"},{"floor":24.0,"key":"Bronze Scales"},{"floor":26.0,"key":"Blood Vial"},{"floor":31.0,"key":"Ancient Tea Set"},{"floor":40,"key":"MawBank"},{"floor":42,"key":"Toy Ornithopter"},{"floor":45,"key":"Kunai"},{"floor":47,"key":"Happy Flower"},{"floor":55,"key":"Self Forming Clay"}],"event_choices":[{"damage_healed":0.0,"max_hp_gain":0.0,"max_hp_loss":0.0,"gold_gain":0.0,"event_name":"Scrap Ooze","player_choice":"Success","floor":2.0,"gold_loss":0.0,"damage_taken":26.0,"relics_obtained":["MealTicket"]},{"cards_removed":["Strike_R"],"damage_healed":0.0,"max_hp_gain":0.0,"max_hp_loss":0.0,"gold_gain":0.0,"event_name":"The Cleric","player_choice":"Card Removal","floor":3.0,"gold_loss":75.0,"damage_taken":0.0},{"damage_healed":0.0,"max_hp_gain":0.0,"max_hp_loss":0.0,"gold_gain":75.0,"event_name":"World of Goop","player_choice":"Gather Gold","floor":5.0,"gold_loss":0.0,"damage_taken":11.0},{"damage_healed":0.0,"max_hp_gain":0.0,"max_hp_loss":0.0,"gold_gain":50.0,"event_name":"Nest","player_choice":"Stole From Cult","floor":20.0,"gold_loss":0.0,"damage_taken":0.0},{"damage_healed":0.0,"max_hp_gain":0.0,"max_hp_loss":0.0,"gold_gain":0.0,"event_name":"Addict","player_choice":"Obtained Relic","floor":21.0,"gold_loss":85.0,"damage_taken":0.0,"relics_obtained":["The Courier"]},{"damage_healed":0.0,"max_hp_gain":0.0,"max_hp_loss":0.0,"gold_gain":0.0,"event_name":"The Library","player_choice":"Read","floor":22.0,"gold_loss":0.0,"damage_taken":0.0,"cards_obtained":["Fire Breathing"]},{"damage_healed":0.0,"max_hp_gain":0.0,"max_hp_loss":0.0,"gold_gain":0.0,"cards_transformed":["Strike_R"],"event_name":"Transmorgrifier","player_choice":"Transformed","floor":27.0,"gold_loss":0.0,"damage_taken":0.0,"cards_obtained":["Juggernaut"]},{"damage_healed":0,"gold_gain":0,"player_choice":"Got Potions","damage_taken":0,"max_hp_gain":0,"max_hp_loss":0,"event_name":"Lab","floor":36,"gold_loss":0}],"is_beta":true,"boss_relics":[{"not_picked":["Tiny House","Busted Crown"],"picked":"Mark of Pain"},{"not_picked":["Runic Cube","Pandora\u0027s Box"],"picked":"Astrolabe"}],"items_purged_floors":[19,39,54],"is_endless":false,"potions_floor_spawned":[11,16,28,29,33,35,37,42,45,48],"ascension_level":20}