{"gold_per_floor":[111,111,126,142,157,157,188,188,188,25,58,85,150,162,162,260,260,278,298,308,322,347,347,379,397,420,420,431,443,443],"floor_reached":30,"playtime":1162,"items_purged":[],"score":397,"play_id":"3053af1c-9587-497d-ac13-9ce3375ed43c","local_time":"20191013194515","is_ascension_mode":true,"campfire_choices":[{"data":"Scrape","floor":6,"key":"SMITH"},{"data":"All For One","floor":8,"key":"SMITH"},{"data":"Zap","floor":15,"key":"SMITH"},{"data":"Streamline","floor":23,"key":"SMITH"},{"floor":27,"key":"REST"}],"neow_cost":"NONE","seed_source_timestamp":174991310627800,"circlet_count":0,"master_deck":["Strike_B","Strike_B","Strike_B","Defend_B","Defend_B","Defend_B","Defend_B","Zap+1","Dualcast","Gash","Go for the Eyes","Scrape+1","Stack","All For One+1","Master of Strategy","Gash","Beam Cell","Streamline+1","Core Surge","Steam+1","Tempest","Leap","Steam Power","Electrodynamics"],"relics":["Cracked Core","NeowsBlessing","Pear","Darkstone Periapt","Bottled Flame","Boot","Tiny Chest","Busted Crown","Potion Belt","Art of War","Lantern"],"potions_floor_usage":[7,13,28],"damage_taken":[{"damage":0,"enemies":"2 Louse","floor":1,"turns":1},{"damage":0,"enemies":"Cultist","floor":3,"turns":1},{"damage":0,"enemies":"Small Slimes","floor":4,"turns":1},{"damage":10,"enemies":"3 Louse","floor":5,"turns":3},{"damage":13,"enemies":"Lagavulin","floor":7,"turns":6},{"damage":12,"enemies":"Gremlin Nob","floor":11,"turns":3},{"damage":10,"enemies":"3 Sentries","floor":13,"turns":6},{"damage":8,"enemies":"Gremlin Gang","floor":14,"turns":4},{"damage":21,"enemies":"The Guardian","floor":16,"turns":8},{"damage":2,"enemies":"Chosen","floor":18,"turns":4},{"damage":0,"enemies":"Shell Parasite","floor":19,"turns":2},{"damage":0,"enemies":"Centurion and Healer","floor":20,"turns":5},{"damage":26,"enemies":"Shelled Parasite and Fungi","floor":21,"turns":4},{"damage":10,"enemies":"Book of Stabbing","floor":24,"turns":3},{"damage":2,"enemies":"Snecko","floor":25,"turns":3},{"damage":23,"enemies":"Snake Plant","floor":28,"turns":3},{"damage":11,"enemies":"Sentry and Sphere","floor":29,"turns":3},{"damage":30,"enemies":"Slavers","floor":30,"turns":3}],"seed_played":"1052309656921778711","potions_obtained":[{"floor":1,"key":"SkillPotion"},{"floor":3,"key":"FairyPotion"},{"floor":4,"key":"SkillPotion"},{"floor":13,"key":"Ancient Potion"},{"floor":20,"key":"PowerPotion"},{"floor":24,"key":"LiquidBronze"},{"floor":28,"key":"SpeedPotion"}],"is_trial":false,"path_per_floor":["M","?","M","M","M","R","E","R","T","$","E","T","E","M","R","B",null,"M","M","M","M","T","R","E","M","T","R","M","M","E"],"character_chosen":"DEFECT","items_purchased":["Master of Strategy"],"campfire_rested":1,"item_purchase_floors":[10],"current_hp_per_floor":[68,68,68,68,58,58,55,55,55,55,43,43,33,25,25,4,65,63,63,63,37,37,37,27,25,25,50,27,16,0],"gold":443,"neow_bonus":"THREE_ENEMY_KILL","is_prod":false,"is_daily":false,"chose_seed":false,"campfire_upgraded":4,"win_rate":0,"timestamp":1570988715,"path_taken":["M","?","M","?","M","R","E","R","T","$","E","?","E","M","R","BOSS","M","M","M","M","?","R","E","M","T","R","M","M","E"],"build_version":"2019-07-17","purchased_purges":0,"victory":false,"max_hp_per_floor":[75,75,75,75,75,75,85,85,85,85,85,85,85,85,85,85,85,85,85,85,85,85,85,85,85,85,85,85,85,85],"card_choices":[{"not_picked":["White Noise","Rebound"],"picked":"Gash","floor":1},{"not_picked":["Hello World","Steam Power"],"picked":"Go for the Eyes","floor":3},{"not_picked":["Recycle","Streamline"],"picked":"Scrape","floor":4},{"not_picked":["Compile Driver","Barrage"],"picked":"Stack","floor":5},{"not_picked":["Turbo","Reprogram"],"picked":"All For One","floor":7},{"not_picked":["Hello World","Reprogram"],"picked":"Gash","floor":11},{"not_picked":["Hello World","Reprogram"],"picked":"Beam Cell","floor":13},{"not_picked":["Redo","Genetic Algorithm"],"picked":"Streamline","floor":14},{"not_picked":["Biased Cognition","Amplify"],"picked":"Core Surge","floor":16},{"not_picked":["Turbo"],"picked":"SKIP","floor":18},{"not_picked":[],"picked":"Steam+1","floor":19},{"not_picked":[],"picked":"Tempest","floor":20},{"not_picked":["Cold Snap"],"picked":"SKIP","floor":21},{"not_picked":[],"picked":"Leap","floor":24},{"not_picked":[],"picked":"Steam Power","floor":25},{"not_picked":[],"picked":"Electrodynamics","floor":28},{"not_picked":["Barrage"],"picked":"SKIP","floor":29}],"player_experience":413503,"relics_obtained":[{"floor":7,"key":"Pear"},{"floor":9,"key":"Darkstone Periapt"},{"floor":11,"key":"Bottled Flame"},{"floor":12,"key":"Boot"},{"floor":13,"key":"Tiny Chest"},{"floor":22,"key":"Potion Belt"},{"floor":24,"key":"Art of War"},{"floor":26,"key":"Lantern"}],"event_choices":[{"cards_removed":["Strike_B"],"damage_healed":0,"gold_gain":0,"player_choice":"Offered Basic","damage_taken":0,"max_hp_gain":0,"max_hp_loss":0,"event_name":"Bonfire Elementals","floor":2,"gold_loss":0}],"is_beta":false,"boss_relics":[{"not_picked":["Runic Dome","Lizard Tail"],"picked":"Busted Crown"}],"items_purged_floors":[],"is_endless":false,"potions_floor_spawned":[1,3,4,13,20,24,28],"killed_by":"Slavers","ascension_level":9}