{"gold_per_floor":[218,218,143,160,177,210,210,238,238,35,35,35,51,66,66,194,194,119,139,63,76,100,0,25,25,25,25,25,69,69,84,84,209,209,222,297,310,333,352,352,383,407,407,423,439,474,474,495,495,495],"floor_reached":51,"playtime":3814,"items_purged":["Pain"],"score":760,"play_id":"f293b5b3-32e9-4338-ae70-26c76bcbb7a2","local_time":"20191020220519","is_ascension_mode":true,"campfire_choices":[{"data":"Chill","floor":7,"key":"SMITH"},{"floor":15,"key":"REST"},{"data":"Chill","floor":25,"key":"SMITH"},{"data":"Capacitor","floor":27,"key":"SMITH"},{"data":"White Noise","floor":30,"key":"SMITH"},{"data":"Blizzard","floor":32,"key":"SMITH"},{"data":"Loop","floor":40,"key":"SMITH"},{"data":"Defragment","floor":47,"key":"SMITH"},{"data":"Consume","floor":49,"key":"SMITH"}],"neow_cost":"NONE","seed_source_timestamp":561934124252000,"circlet_count":0,"master_deck":["Strike_B","Strike_B+1","Strike_B","Strike_B+1","Defend_B","Defend_B","Defend_B","Defend_B","Zap","Dualcast","Self Repair","Go for the Eyes","Chill+1","White Noise+1","Blizzard+1","Self Repair","Finesse","Force Field","Capacitor+1","Cold Snap+1","Chill+1","Loop","Self Repair","Shame","Seek","Reinforced Body+1","Hologram","Hologram+1","Loop+1","Machine Learning","Genetic Algorithm","Defragment+1","Parasite","Consume+1"],"relics":["FrozenCore","WarpedTongs","Regal Pillow","Emotion Chip","Matryoshka","Golden Idol","Bronze Scales","Bottled Lightning","Mango","DataDisk","Inserter","Dream Catcher","Whetstone","Kunai","Meat on the Bone"],"potions_floor_usage":[8,13,24,29,33,33],"damage_taken":[{"damage":4,"enemies":"Jaw Worm","floor":1,"turns":4},{"damage":6,"enemies":"Cultist","floor":4,"turns":3},{"damage":4,"enemies":"Small Slimes","floor":5,"turns":4},{"damage":42,"enemies":"Lagavulin","floor":6,"turns":6},{"damage":25,"enemies":"Gremlin Nob","floor":8,"turns":5},{"damage":2,"enemies":"Red Slaver","floor":13,"turns":4},{"damage":3,"enemies":"Gremlin Gang","floor":14,"turns":6},{"damage":35,"enemies":"The Guardian","floor":16,"turns":10},{"damage":9,"enemies":"2 Thieves","floor":18,"turns":5},{"damage":28,"enemies":"3 Byrds","floor":19,"turns":9},{"damage":14,"enemies":"Snake Plant","floor":21,"turns":8},{"damage":10,"enemies":"Snecko","floor":22,"turns":8},{"damage":7,"enemies":"Chosen and Byrds","floor":24,"turns":11},{"damage":36,"enemies":"Book of Stabbing","floor":29,"turns":6},{"damage":3,"enemies":"Shelled Parasite and Fungi","floor":31,"turns":7},{"damage":43,"enemies":"Champ","floor":33,"turns":15},{"damage":7,"enemies":"Orb Walker","floor":35,"turns":4},{"damage":31,"enemies":"3 Shapes","floor":37,"turns":6},{"damage":11,"enemies":"Spire Growth","floor":38,"turns":8},{"damage":15,"enemies":"Jaw Worm Horde","floor":39,"turns":6},{"damage":9,"enemies":"Nemesis","floor":41,"turns":17},{"damage":47,"enemies":"4 Shapes","floor":42,"turns":6},{"damage":35,"enemies":"Maw","floor":44,"turns":7},{"damage":11,"enemies":"Spire Growth","floor":45,"turns":10},{"damage":33,"enemies":"Reptomancer","floor":46,"turns":8},{"damage":3,"enemies":"Writhing Mass","floor":48,"turns":8},{"damage":8,"enemies":"Donu and Deca","floor":50,"turns":16}],"seed_played":"9199247833955582023","potions_obtained":[{"floor":4,"key":"Swift Potion"},{"floor":6,"key":"FocusPotion"},{"floor":13,"key":"SteroidPotion"},{"floor":21,"key":"Ancient Potion"},{"floor":24,"key":"EssenceOfSteel"},{"floor":29,"key":"SkillPotion"},{"floor":31,"key":"SpeedPotion"},{"floor":37,"key":"Dexterity Potion"},{"floor":41,"key":"SteroidPotion"},{"floor":42,"key":"Dexterity Potion"},{"floor":45,"key":"FearPotion"}],"is_trial":false,"path_per_floor":["M","?","$","M","M","E","R","E","T","$","?","?","M","M","R","B",null,"M","M","$","M","M","?","M","R","T","R","?","E","R","M","R","B",null,"M","?","M","M","M","R","E","M","T","M","M","E","R","M","R","B",null],"character_chosen":"DEFECT","items_purchased":["Blizzard","Self Repair","Finesse","Loop"],"campfire_rested":1,"item_purchase_floors":[10,10,10,20],"current_hp_per_floor":[71,71,71,65,68,33,33,15,15,15,15,15,27,38,75,54,75,75,61,61,61,68,68,75,75,75,75,89,80,80,89,89,67,89,89,81,71,81,89,89,89,69,69,55,65,56,56,77,77,89],"gold":495,"neow_bonus":"HUNDRED_GOLD","is_prod":false,"is_daily":false,"chose_seed":false,"campfire_upgraded":8,"win_rate":0,"timestamp":1571623519,"path_taken":["M","?","$","M","M","E","R","E","T","?","?","?","?","M","R","BOSS","M","M","$","?","?","?","M","R","T","R","?","E","R","M","R","BOSS","M","?","?","M","M","R","E","M","T","M","M","E","R","M","R","BOSS"],"build_version":"2019-07-17","purchased_purges":1,"victory":true,"max_hp_per_floor":[75,75,75,75,75,75,75,75,75,75,75,75,75,75,75,75,75,75,75,75,75,75,75,75,75,75,75,89,89,89,89,89,89,89,89,89,89,89,89,89,89,89,89,89,89,89,89,89,89,89],"card_choices":[{"not_picked":["Ball Lightning","Sweeping Beam","Stack"],"picked":"SKIP","floor":1},{"not_picked":["Steam","Sunder"],"picked":"Self Repair","floor":4},{"not_picked":["Darkness","Lockon"],"picked":"Go for the Eyes","floor":5},{"not_picked":["Steam","Capacitor"],"picked":"Chill","floor":6},{"not_picked":["Sweeping Beam","Creative AI"],"picked":"White Noise","floor":8},{"not_picked":["Barrage","Ball Lightning"],"picked":"Force Field","floor":13},{"not_picked":["Darkness","Sunder"],"picked":"Capacitor","floor":14},{"not_picked":["Redo+1","Rip and Tear+1"],"picked":"Cold Snap+1","floor":18},{"not_picked":["Static Discharge","Leap"],"picked":"Chill","floor":19},{"not_picked":["Go for the Eyes","Redo","Chaos"],"picked":"SKIP","floor":21},{"not_picked":["Ball Lightning+1","Hologram+1","Rip and Tear"],"picked":"SKIP","floor":22},{"not_picked":["Darkness+1","Sweeping Beam"],"picked":"Self Repair","floor":24},{"not_picked":["Fusion+1","Rebound","Auto Shields"],"picked":"SKIP","floor":29},{"not_picked":["Ball Lightning","Skim","Conserve Battery"],"picked":"SKIP","floor":31},{"not_picked":["Thunder Strike","Echo Form"],"picked":"Seek","floor":33},{"not_picked":["Ball Lightning","Blizzard"],"picked":"Reinforced Body+1","floor":35},{"not_picked":["Steam","Rebound+1"],"picked":"Hologram","floor":37},{"not_picked":["Leap","Turbo"],"picked":"Hologram+1","floor":38},{"not_picked":["Double Energy+1","Steam+1"],"picked":"Loop","floor":39},{"not_picked":["Redo+1","Barrage+1"],"picked":"Machine Learning","floor":41},{"not_picked":["Rebound+1","Reinforced Body"],"picked":"Genetic Algorithm","floor":42},{"not_picked":["Steam+1","Leap","Sweeping Beam"],"picked":"SKIP","floor":44},{"not_picked":["Double Energy","Ball Lightning+1"],"picked":"Defragment","floor":45},{"not_picked":["Sweeping Beam+1","Gash","Darkness+1"],"picked":"SKIP","floor":46},{"not_picked":["Static Discharge+1","White Noise"],"picked":"Consume","floor":48}],"player_experience":230531,"relics_obtained":[{"floor":6,"key":"Regal Pillow"},{"floor":8,"key":"Emotion Chip"},{"floor":9,"key":"Matryoshka"},{"floor":26,"key":"Bronze Scales"},{"floor":26,"key":"Bottled Lightning"},{"floor":29,"key":"DataDisk"},{"floor":41,"key":"Dream Catcher"},{"floor":43,"key":"Whetstone"},{"floor":43,"key":"Kunai"},{"floor":46,"key":"Meat on the Bone"}],"event_choices":[{"damage_healed":0,"gold_gain":0,"player_choice":"Rummage","damage_taken":0,"relics_obtained":["WarpedTongs"],"max_hp_gain":0,"max_hp_loss":0,"event_name":"Accursed Blacksmith","floor":2,"gold_loss":0,"cards_obtained":["Pain"]},{"damage_healed":0,"gold_gain":0,"player_choice":"Take Wound","damage_taken":0,"relics_obtained":["Golden Idol"],"max_hp_gain":0,"max_hp_loss":0,"event_name":"Golden Idol","floor":11,"gold_loss":0,"cards_obtained":["Injury"]},{"cards_removed":["Injury"],"damage_healed":0,"gold_gain":0,"player_choice":"Purged","damage_taken":0,"max_hp_gain":0,"max_hp_loss":0,"event_name":"Purifier","floor":12,"gold_loss":0},{"damage_healed":0,"gold_gain":0,"player_choice":"Paid Fearfully","damage_taken":0,"max_hp_gain":0,"max_hp_loss":0,"event_name":"Masked Bandits","floor":23,"gold_loss":100},{"damage_healed":0,"gold_gain":0,"player_choice":"Stole Relic","damage_taken":0,"relics_obtained":["Mango"],"max_hp_gain":0,"max_hp_loss":0,"event_name":"Addict","floor":28,"gold_loss":0,"cards_obtained":["Shame"]},{"damage_healed":0,"gold_gain":75,"player_choice":"Touch","damage_taken":8,"max_hp_gain":0,"max_hp_loss":0,"event_name":"FaceTrader","floor":36,"gold_loss":0}],"is_beta":false,"boss_relics":[{"not_picked":["Empty Cage","Busted Crown"],"picked":"FrozenCore"},{"not_picked":["Runic Dome","Pandora\u0027s Box"],"picked":"Inserter"}],"items_purged_floors":[3],"is_endless":false,"potions_floor_spawned":[4,6,13,21,24,29,31,37,41,42,45],"ascension_level":2}