{"gold_per_floor":[116,132,147,222,222,222,236,271,271,302,282,282,6,17,17,93,93,107,123,138,6,6,6,32,32,55,72,89,121,121,140,140,213,213,230,155,173,188,199,225,225,260,287,306,118,118,137,149,149,149,149,149,149,24,51,51],"floor_reached":56,"playtime":2147,"items_purged":["Strike_B","Strike_B","Strike_B"],"score":2097,"play_id":"d984ecc4-e011-47de-846d-4282501ff171","local_time":"20190923174802","is_ascension_mode":true,"campfire_choices":[{"data":"Apotheosis","floor":6.0,"key":"SMITH"},{"floor":12.0,"key":"REST"},{"data":"Chaos","floor":15.0,"key":"SMITH"},{"data":"Fission","floor":23.0,"key":"SMITH"},{"floor":25.0,"key":"REST"},{"data":"Skim","floor":32.0,"key":"SMITH"},{"floor":41.0,"key":"RECALL"},{"data":"Turbo","floor":46.0,"key":"SMITH"},{"floor":49.0,"key":"REST"},{"data":"Fusion","floor":53.0,"key":"SMITH"}],"neow_cost":"TEN_PERCENT_HP_LOSS","seed_source_timestamp":90042179761587,"circlet_count":0,"master_deck":["AscendersBane","Defend_B","Defend_B","Defend_B","Defend_B","Zap","Dualcast","Panache","Apotheosis+1","Beam Cell","Sunder","Chaos+1","Lockon","Ball Lightning","Compile Driver","Leap","Fission+1","CurseOfTheBell","Hologram","Skim+1","Redo+1","Consume","Capacitor+1","Capacitor+1","Coolheaded","Turbo+1","Darkness","Barrage","Meteor Strike","Coolheaded","Conserve Battery+1","Core Surge","Hologram","Fusion+1","Skim","Buffer+1","Skim","Leap"],"special_seed":0,"relics":["Cracked Core","Pear","Shuriken","Symbiotic Virus","Frozen Egg 2","Calling Bell","InkBottle","Letter Opener","FossilizedHelix","HornCleat","Meat on the Bone","Akabeko","Mercury Hourglass","Runic Pyramid","Dodecahedron","Cables","Toy Ornithopter","Gambling Chip"],"potions_floor_usage":[56,56],"damage_taken":[{"damage":3.0,"enemies":"Cultist","floor":1.0,"turns":4.0},{"damage":14.0,"enemies":"Small Slimes","floor":2.0,"turns":3.0},{"damage":0.0,"enemies":"2 Louse","floor":3.0,"turns":2.0},{"damage":12.0,"enemies":"Lots of Slimes","floor":7.0,"turns":4.0},{"damage":14.0,"enemies":"Gremlin Nob","floor":8.0,"turns":3.0},{"damage":17.0,"enemies":"3 Sentries","floor":10.0,"turns":5.0},{"damage":3.0,"enemies":"Looter","floor":14.0,"turns":2.0},{"damage":0.0,"enemies":"Slime Boss","floor":16.0,"turns":4.0},{"damage":14.0,"enemies":"3 Byrds","floor":18.0,"turns":5.0},{"damage":9.0,"enemies":"Chosen","floor":19.0,"turns":4.0},{"damage":18.0,"enemies":"Snecko","floor":20.0,"turns":4.0},{"damage":12.0,"enemies":"Gremlin Leader","floor":24.0,"turns":5.0},{"damage":7.0,"enemies":"Shelled Parasite and Fungi","floor":27.0,"turns":3.0},{"damage":13.0,"enemies":"Snake Plant","floor":28.0,"turns":3.0},{"damage":34.0,"enemies":"Slavers","floor":29.0,"turns":5.0},{"damage":0.0,"enemies":"Snecko","floor":31.0,"turns":4.0},{"damage":11.0,"enemies":"Champ","floor":33.0,"turns":8.0},{"damage":0.0,"enemies":"3 Shapes","floor":35.0,"turns":4.0},{"damage":0.0,"enemies":"3 Darklings","floor":37.0,"turns":2.0},{"damage":22.0,"enemies":"4 Shapes","floor":38.0,"turns":4.0},{"damage":0.0,"enemies":"Jaw Worm Horde","floor":39.0,"turns":2.0},{"damage":0.0,"enemies":"Giant Head","floor":40.0,"turns":5.0},{"damage":23.0,"enemies":"Nemesis","floor":42.0,"turns":5.0},{"damage":11.0,"enemies":"Sphere and 2 Shapes","floor":44.0,"turns":4.0},{"damage":29.0,"enemies":"3 Darklings","floor":47.0,"turns":4.0},{"damage":0.0,"enemies":"Jaw Worm Horde","floor":48.0,"turns":3.0},{"damage":31.0,"enemies":"Time Eater","floor":50.0,"turns":9.0},{"damage":1.0,"enemies":"Donu and Deca","floor":51.0,"turns":5.0},{"damage":35.0,"enemies":"Shield and Spear","floor":55.0,"turns":5.0},{"damage":42,"enemies":"The Heart","floor":56,"turns":6}],"seed_played":"-3664912575596694613","potions_obtained":[{"floor":3.0,"key":"FearPotion"},{"floor":10.0,"key":"Strength Potion"},{"floor":11.0,"key":"Ancient Potion"},{"floor":16.0,"key":"Regen Potion"},{"floor":19.0,"key":"PowerPotion"},{"floor":29.0,"key":"FairyPotion"},{"floor":33.0,"key":"Swift Potion"},{"floor":35.0,"key":"Weak Potion"},{"floor":39.0,"key":"SpeedPotion"},{"floor":42.0,"key":"Ancient Potion"}],"is_trial":false,"path_per_floor":["M","M","M","?","?","R","M","E","T","E","?","R","$","M","R","B",null,"M","M","M","$","T","R","E","R","T","M","M","E","?","M","R","B",null,"M","$","M","M","M","E","R","E","T","M","$","R","M","M","R","B","B",null,"R","$","E","B"],"character_chosen":"DEFECT","items_purchased":["Frozen Egg 2","Consume","Capacitor+1","Skim"],"campfire_rested":3,"item_purchase_floors":[13,21,21,45],"current_hp_per_floor":[61,47,47,36,36,36,24,20,20,3,3,25,25,22,22,22,61,61,52,34,34,34,34,22,44,44,49,48,26,26,38,38,39,65,65,65,65,43,43,43,43,32,32,33,33,33,16,28,50,31,42,66,66,66,43,11],"gold":51,"neow_bonus":"RANDOM_COLORLESS_2","is_prod":false,"is_daily":false,"chose_seed":false,"campfire_upgraded":6,"win_rate":0,"timestamp":1569232082,"path_taken":["M","M","M","?","?","R","?","E","T","E","?","R","$","M","R","BOSS","M","M","M","$","?","R","E","R","T","M","M","E","?","M","R","BOSS","M","?","M","?","M","E","R","E","T","?","$","R","M","M","R","BOSS","BOSS","R","$","E","BOSS"],"build_version":"2019-09-20","purchased_purges":3,"victory":false,"max_hp_per_floor":[64,64,64,64,64,64,64,74,74,74,74,74,74,74,74,74,74,74,74,74,74,74,74,74,74,74,74,74,74,74,74,74,74,74,74,74,74,74,74,74,74,74,74,74,74,74,74,74,74,74,74,74,74,74,74,74],"card_choices":[{"not_picked":["Sweeping Beam","Streamline"],"picked":"Beam Cell","floor":1.0},{"not_picked":["Conserve Battery","Leap"],"picked":"Sunder","floor":2.0},{"not_picked":["Hello World","White Noise"],"picked":"Chaos","floor":3.0},{"not_picked":["Loop","Reprogram"],"picked":"Lockon","floor":7.0},{"not_picked":["Beam Cell","Conserve Battery"],"picked":"Ball Lightning","floor":8.0},{"not_picked":["Steam","Creative AI"],"picked":"Compile Driver","floor":10.0},{"not_picked":["Hologram","Gash"],"picked":"Leap","floor":14.0},{"not_picked":["Rainbow","Thunder Strike"],"picked":"Fission","floor":16.0},{"not_picked":["Darkness","Gash"],"picked":"Hologram","floor":18.0},{"not_picked":["Barrage","Tempest"],"picked":"Skim","floor":19.0},{"not_picked":["Streamline","Sweeping Beam"],"picked":"Redo+1","floor":20.0},{"not_picked":["Sweeping Beam","Hyperbeam"],"picked":"Capacitor+1","floor":24.0},{"not_picked":["Static Discharge+1","Compile Driver"],"picked":"Coolheaded","floor":27.0},{"not_picked":["Reinforced Body","Ball Lightning+1"],"picked":"Turbo","floor":28.0},{"not_picked":["Reinforced Body","Storm+1"],"picked":"Darkness","floor":29.0},{"not_picked":["Blizzard","Ball Lightning+1"],"picked":"Barrage","floor":31.0},{"not_picked":["Reboot","Echo Form+1"],"picked":"Meteor Strike","floor":33.0},{"not_picked":["Stack+1","Redo","Streamline"],"picked":"SKIP","floor":35.0},{"not_picked":["Compile Driver","Cold Snap+1"],"picked":"Coolheaded","floor":37.0},{"not_picked":["Gash","Streamline","Conserve Battery"],"picked":"SKIP","floor":38.0},{"not_picked":["Melter","Undo"],"picked":"Conserve Battery+1","floor":39.0},{"not_picked":["Barrage+1","Steam+1"],"picked":"Core Surge","floor":40.0},{"not_picked":["Chaos+1","Static Discharge+1"],"picked":"Hologram","floor":42.0},{"not_picked":["Ball Lightning","Sweeping Beam"],"picked":"Fusion","floor":44.0},{"not_picked":["Cold Snap","FTL+1"],"picked":"Buffer+1","floor":47.0},{"not_picked":["Ball Lightning","FTL"],"picked":"Skim","floor":48.0},{"not_picked":["Creative AI+1","Compile Driver"],"picked":"Leap","floor":55.0}],"player_experience":946141,"relics_obtained":[{"floor":8.0,"key":"Pear"},{"floor":9.0,"key":"Shuriken"},{"floor":10.0,"key":"Symbiotic Virus"},{"floor":17.0,"key":"InkBottle"},{"floor":17.0,"key":"Letter Opener"},{"floor":17.0,"key":"FossilizedHelix"},{"floor":22.0,"key":"HornCleat"},{"floor":24.0,"key":"Meat on the Bone"},{"floor":29.0,"key":"Akabeko"},{"floor":40.0,"key":"Dodecahedron"},{"floor":42.0,"key":"Cables"},{"floor":43.0,"key":"Toy Ornithopter"},{"floor":55.0,"key":"Gambling Chip"}],"event_choices":[{"damage_healed":0.0,"max_hp_gain":0.0,"max_hp_loss":0.0,"gold_gain":75.0,"event_name":"World of Goop","player_choice":"Gather Gold","floor":4.0,"gold_loss":0.0,"damage_taken":11.0},{"cards_removed":["Strike_B"],"damage_healed":0.0,"max_hp_gain":0.0,"max_hp_loss":0.0,"gold_gain":0.0,"event_name":"Purifier","player_choice":"Purged","floor":5.0,"gold_loss":0.0,"damage_taken":0.0},{"damage_healed":0.0,"max_hp_gain":0.0,"max_hp_loss":0.0,"gold_gain":0.0,"event_name":"The Woman in Blue","player_choice":"Bought 1 Potion","floor":11.0,"gold_loss":0.0,"damage_taken":0.0},{"damage_healed":0.0,"max_hp_gain":0.0,"max_hp_loss":0.0,"gold_gain":0.0,"event_name":"WeMeetAgain","player_choice":"Gave Potion","floor":30.0,"gold_loss":0.0,"damage_taken":0.0,"relics_obtained":["Mercury Hourglass"]}],"is_beta":true,"boss_relics":[{"not_picked":["Runic Dome","Busted Crown"],"picked":"Calling Bell"},{"not_picked":["SlaversCollar","Empty Cage"],"picked":"Runic Pyramid"}],"items_purged_floors":[36,45,54],"is_endless":false,"potions_floor_spawned":[3,10,16,19,20,27,28,29,33,35,39,42,44],"killed_by":"The Heart","ascension_level":20}