{"gold_per_floor":[109,122,140,140,90,123,123,167,167,186,186,205,220,245,245,376,439,453,453,472,97,97],"floor_reached":22,"playtime":978,"items_purged":["Defend_G"],"score":218,"play_id":"156e23a4-99c0-4bdc-8755-f5dcc2afa687","local_time":"20191006110055","is_ascension_mode":true,"campfire_choices":[{"floor":7,"key":"REST"},{"floor":11,"key":"REST"},{"floor":15,"key":"REST"}],"neow_cost":"NONE","seed_source_timestamp":90734218344100,"circlet_count":0,"master_deck":["Strike_G","Strike_G","Strike_G","Defend_G","Defend_G","Defend_G+1","Defend_G","Survivor+1","Neutralize","Bane","Bouncing Flask","Setup","Bouncing Flask+1","Noxious Fumes","Bane","Burst","Poisoned Stab","Underhanded Strike"],"relics":["Ring of the Snake","NeowsBlessing","Golden Idol","Incense Burner","Mango","Bird Faced Urn","Tiny House","Bronze Scales","War Paint"],"potions_floor_usage":[14,16,16],"damage_taken":[{"damage":0,"enemies":"Cultist","floor":1,"turns":1},{"damage":0,"enemies":"2 Louse","floor":2,"turns":1},{"damage":0,"enemies":"Jaw Worm","floor":3,"turns":1},{"damage":38,"enemies":"Gremlin Nob","floor":6,"turns":5},{"damage":39,"enemies":"3 Sentries","floor":8,"turns":12},{"damage":0,"enemies":"Exordium Wildlife","floor":10,"turns":3},{"damage":5,"enemies":"Red Slaver","floor":12,"turns":3},{"damage":12,"enemies":"Large Slime","floor":13,"turns":7},{"damage":13,"enemies":"Exordium Wildlife","floor":14,"turns":3},{"damage":43,"enemies":"Slime Boss","floor":16,"turns":9},{"damage":26,"enemies":"Chosen","floor":18,"turns":5},{"damage":41,"enemies":"2 Thieves","floor":20,"turns":4},{"damage":21,"enemies":"Shelled Parasite and Fungi","floor":22,"turns":4}],"seed_played":"-6758049533902783249","potions_obtained":[{"floor":2,"key":"Regen Potion"},{"floor":8,"key":"PowerPotion"},{"floor":10,"key":"Strength Potion"},{"floor":12,"key":"Energy Potion"},{"floor":17,"key":"GhostInAJar"},{"floor":20,"key":"EssenceOfSteel"}],"is_trial":false,"path_per_floor":["M","M","M","?","?","E","R","E","T","M","R","M","M","M","R","B",null,"M","?","M","$","M"],"character_chosen":"THE_SILENT","items_purchased":["Bronze Scales","War Paint"],"campfire_rested":3,"item_purchase_floors":[21,21],"current_hp_per_floor":[70,70,70,65,65,27,46,21,21,21,44,39,27,16,39,15,84,60,60,21,21,2],"gold":97,"neow_bonus":"THREE_ENEMY_KILL","is_prod":false,"is_daily":false,"chose_seed":false,"campfire_upgraded":0,"win_rate":0,"timestamp":1570352455,"path_taken":["M","?","M","?","?","E","R","E","T","M","R","M","M","M","R","BOSS","M","?","M","$","M"],"build_version":"2019-07-17","purchased_purges":1,"victory":false,"max_hp_per_floor":[70,70,70,65,65,65,65,79,79,79,79,79,79,79,79,79,84,84,84,84,84,84],"card_choices":[{"not_picked":["Cloak And Dagger","PiercingWail","Concentrate"],"picked":"SKIP","floor":1},{"not_picked":["Cloak And Dagger","Skewer"],"picked":"Bane","floor":2},{"not_picked":["Finisher","Dodge and Roll"],"picked":"Bouncing Flask","floor":3},{"not_picked":["Choke","Outmaneuver"],"picked":"Setup","floor":6},{"not_picked":["Quick Slash","Flechettes","Eviscerate"],"picked":"SKIP","floor":8},{"not_picked":["Dagger Spray","Quick Slash","Calculated Gamble"],"picked":"SKIP","floor":10},{"not_picked":["Deadly Poison","Eviscerate"],"picked":"Bouncing Flask","floor":12},{"not_picked":["Caltrops","Deadly Poison"],"picked":"Noxious Fumes","floor":13},{"not_picked":["Envenom","Flying Knee"],"picked":"Bane","floor":14},{"not_picked":["Malaise","Envenom"],"picked":"Burst","floor":16},{"not_picked":["Flying Knee","Tactician"],"picked":"Poisoned Stab","floor":17},{"not_picked":["Underhanded Strike","Outmaneuver","Bane"],"picked":"SKIP","floor":18},{"not_picked":["Sucker Punch+1","Underhanded Strike","Quick Slash"],"picked":"SKIP","floor":20}],"player_experience":213142,"relics_obtained":[{"floor":6,"key":"Incense Burner"},{"floor":8,"key":"Mango"},{"floor":9,"key":"Bird Faced Urn"}],"event_choices":[{"damage_healed":0,"gold_gain":0,"player_choice":"Lose Max HP","damage_taken":0,"relics_obtained":["Golden Idol"],"max_hp_gain":0,"max_hp_loss":5,"event_name":"Golden Idol","floor":4,"gold_loss":0},{"cards_removed":["Strike_G"],"damage_healed":0,"gold_gain":0,"player_choice":"Card Removal","damage_taken":0,"max_hp_gain":0,"max_hp_loss":0,"event_name":"The Cleric","floor":5,"gold_loss":50},{"damage_healed":0,"gold_gain":0,"cards_transformed":["Strike_G"],"player_choice":"Transformed","damage_taken":0,"max_hp_gain":0,"max_hp_loss":0,"event_name":"Transmorgrifier","floor":19,"gold_loss":0,"cards_obtained":["Underhanded Strike"]}],"is_beta":false,"boss_relics":[{"not_picked":["Calling Bell","Sozu"],"picked":"Tiny House"}],"items_purged_floors":[21],"is_endless":false,"potions_floor_spawned":[2,8,10,12,13,20],"killed_by":"Shelled Parasite and Fungi","ascension_level":2}