{"path_per_floor":["M","M","?","?","M","E","$","R","T","E","M","R","?","M","R","B",null,"M","M"],"character_chosen":"THE_SILENT","items_purchased":["Art of War","Backflip","Noxious Fumes"],"gold_per_floor":[111,121,296,296,312,344,13,13,13,46,56,56,6,18,18,120,120,135,152],"floor_reached":20,"campfire_rested":2,"playtime":1775,"current_hp_per_floor":[62,61,61,54,54,29,29,29,29,8,8,26,26,24,42,24,63,55,23],"items_purged":["Strike_G"],"gold":152,"score":221,"play_id":"940f4c86-d830-4d1d-900a-42953ec6c6b2","is_prod":false,"is_daily":false,"is_ascension_mode":true,"campfire_upgraded":1,"path_taken":["M","M","?","?","M","E","?","R","T","E","M","R","?","M","R","BOSS","M","?","M"],"build_version":"2018-02-08-PROD1","purchased_purges":1,"victory":false,"master_deck":["Defend_G+1","Defend_G","Defend_G","Defend_G","Defend_G+1","Strike_G+1","Strike_G","Strike_G","Survivor","Neutralize+1","Tactician","Infinite Blades","Calculated Gamble+1","Backflip","Noxious Fumes","Reflex","Prepared","Backflip+1","Eviscerate"],"max_hp_per_floor":[63,63,63,63,63,63,63,63,63,63,63,63,63,63,63,63,63,63,63],"relics":["Ring of the Snake","Whetstone","Art of War","Ice Cream","War Paint","The Specimen"],"card_choices":[{"not_picked":["Phantasmal Killer","Die Die Die"],"picked":"Tactician"},{"not_picked":["Eviscerate","Heel Hook"],"picked":"Infinite Blades"},{"not_picked":["Underhanded Strike","PiercingWail"],"picked":"Calculated Gamble"},{"not_picked":["Skewer","Quick Slash"],"picked":"Reflex"},{"not_picked":["Footwork","Riddle With Holes"],"picked":"Prepared"},{"not_picked":["Deflect","Skewer"],"picked":"Backflip"},{"not_picked":["Predator","Crippling Poison"],"picked":"Eviscerate"}],"player_experience":127507,"potions_floor_usage":[6,10,20],"damage_taken":[{"damage":1,"enemies":"Jaw Worm","floor":1,"turns":6},{"damage":1,"enemies":"Small Slimes","floor":2,"turns":5},{"damage":0,"enemies":"Cultist","floor":5,"turns":3},{"damage":25,"enemies":"3 Sentries","floor":6,"turns":11},{"damage":21,"enemies":"Gremlin Nob","floor":10,"turns":5},{"damage":0,"enemies":"2 Fungi Beasts","floor":11,"turns":5},{"damage":2,"enemies":"Exordium Wildlife","floor":14,"turns":6},{"damage":18,"enemies":"Hexaghost","floor":16,"turns":14},{"damage":8,"enemies":"3 Byrds","floor":18,"turns":7},{"damage":32,"enemies":"Chosen","floor":19,"turns":8},{"damage":34,"enemies":"Slaver and Parasite","floor":20,"turns":3}],"event_choices":[{"event_name":"Liars Game","player_choice":"agreed","floor":3,"damage_taken":0},{"event_name":"Golden Wing","player_choice":"Card Removal","floor":4,"damage_taken":0},{"event_name":"The Cleric","player_choice":"Card Removal","floor":13,"damage_taken":0}],"boss_relics":[{"not_picked":["Pandora\u0027s Box","Orrery"],"picked":"The Specimen"}],"potions_floor_spawned":[5,6,10],"seed_played":"-4620523169847608147","killed_by":"Slaver and Parasite","ascension_level":4,"is_trial":false}