{"gold_per_floor":[118,118,193,193,207,251,267,310,310,130,130,130,39,59,59,149,149,164,84,84,4,4,4,28,28,51,51,65,65,65,45,45,136,136,159,209,209,209,223,223,523,523,523,536,560,575,615,615,615,615,615],"floor_reached":51,"playtime":2290,"items_purged":["Strike_G","Choke"],"score":1383,"play_id":"4a911ca1-0993-4df2-9090-e861e04f5b9d","local_time":"20190922213724","is_ascension_mode":true,"campfire_choices":[{"data":"A Thousand Cuts","floor":15,"key":"SMITH"},{"data":"Acrobatics","floor":23,"key":"SMITH"},{"data":"Neutralize","floor":25,"key":"SMITH"},{"data":"Well Laid Plans","floor":27,"key":"SMITH"},{"data":"Calculated Gamble","floor":29,"key":"SMITH"},{"data":"Finisher","floor":32,"key":"SMITH"},{"data":"Night Terror","floor":40,"key":"SMITH"},{"data":"Purity","floor":42,"key":"SMITH"},{"floor":49,"key":"RECALL"}],"neow_cost":"NONE","seed_source_timestamp":17886954478699,"circlet_count":0,"master_deck":["AscendersBane","Survivor","Neutralize+1","Finisher+1","Well Laid Plans+1","All Out Attack","A Thousand Cuts+1","Terror","Purity+1","Calculated Gamble+1","Backflip","Escape Plan","Doppelganger","Backflip","Setup","Night Terror+1","Tools of the Trade","Acrobatics+1","Noxious Fumes","Adrenaline","Finesse","Outmaneuver","Backstab+1","After Image","Eviscerate+1","Doubt"],"relics":["Ring of the Snake","NeowsBlessing","Golden Idol","Juzu Bracelet","Shuriken","War Paint","The Courier","Snake Skull","Pandora\u0027s Box","Blood Vial","Runic Pyramid","Thread and Needle"],"potions_floor_usage":[8,14,24,33,33,50],"damage_taken":[{"damage":0,"enemies":"Cultist","floor":1,"turns":1},{"damage":0,"enemies":"Small Slimes","floor":5,"turns":1},{"damage":0,"enemies":"Lagavulin","floor":6,"turns":1},{"damage":0,"enemies":"Jaw Worm","floor":7,"turns":4},{"damage":28,"enemies":"Gremlin Nob","floor":8,"turns":4},{"damage":3,"enemies":"Red Slaver","floor":14,"turns":7},{"damage":7,"enemies":"Slime Boss","floor":16,"turns":9},{"damage":17,"enemies":"Shell Parasite","floor":18,"turns":3},{"damage":0,"enemies":"Chosen","floor":24,"turns":5},{"damage":10,"enemies":"Snake Plant","floor":28,"turns":5},{"damage":28,"enemies":"Collector","floor":33,"turns":7},{"damage":0,"enemies":"3 Shapes","floor":35,"turns":6},{"damage":2,"enemies":"Orb Walker","floor":39,"turns":4},{"damage":0,"enemies":"Writhing Mass","floor":44,"turns":5},{"damage":24,"enemies":"Jaw Worm Horde","floor":45,"turns":4},{"damage":17,"enemies":"Transient","floor":46,"turns":6},{"damage":7,"enemies":"Reptomancer","floor":47,"turns":6},{"damage":18,"enemies":"Awakened One","floor":50,"turns":8},{"damage":13,"enemies":"Time Eater","floor":51,"turns":4}],"seed_played":"-167245780575901040","potions_obtained":[{"floor":6,"key":"Fire Potion"},{"floor":8,"key":"Regen Potion"},{"floor":22,"key":"PowerPotion"},{"floor":22,"key":"Fruit Juice"},{"floor":24,"key":"GamblersBrew"},{"floor":33,"key":"PowerPotion"},{"floor":39,"key":"DuplicationPotion"}],"is_trial":false,"path_per_floor":["M","?","?","?","M","E","M","E","T","$","T","?","$","M","R","B",null,"M","$","?","$","?","R","M","R","T","R","M","R","$","?","R","B",null,"M","?","?","?","M","R","?","R","T","M","M","M","E","?","R","B","B"],"character_chosen":"THE_SILENT","items_purchased":["Purity","Calculated Gamble","Backflip","Finesse"],"campfire_rested":0,"item_purchase_floors":[10,13,13,21],"current_hp_per_floor":[59,59,48,30,30,30,30,2,2,2,2,2,2,14,14,7,47,30,30,30,30,30,30,35,35,35,35,27,27,27,27,27,1,49,51,45,45,45,45,45,45,45,45,47,25,10,5,65,65,47,36],"gold":615,"neow_bonus":"THREE_ENEMY_KILL","is_prod":false,"is_daily":false,"chose_seed":false,"campfire_upgraded":8,"win_rate":0,"timestamp":1569159444,"path_taken":["M","?","?","?","?","E","M","E","T","$","?","?","?","M","R","BOSS","M","$","?","?","?","R","M","R","T","R","M","R","?","?","R","BOSS","M","?","?","?","M","R","?","R","T","M","M","M","E","?","R","BOSS","BOSS"],"build_version":"2019-09-20","purchased_purges":2,"victory":false,"max_hp_per_floor":[66,60,60,60,60,60,60,60,60,60,60,60,60,60,60,60,60,60,60,60,60,60,60,65,65,65,65,65,65,65,65,65,65,65,65,65,65,65,65,65,65,65,65,65,65,65,65,65,65,65,65],"card_choices":[{"not_picked":["Blade Dance","Dodge and Roll"],"picked":"Finisher","floor":1},{"not_picked":["Bouncing Flask","Footwork"],"picked":"Well Laid Plans","floor":5},{"not_picked":["Flying Knee","Blur"],"picked":"All Out Attack","floor":6},{"not_picked":["Bane","Dagger Spray"],"picked":"A Thousand Cuts","floor":7},{"not_picked":["Dagger Throw","Flechettes"],"picked":"Terror","floor":8},{"not_picked":["Catalyst","Dagger Spray"],"picked":"Escape Plan","floor":14},{"not_picked":["Glass Knife","Tools of the Trade"],"picked":"Doppelganger","floor":16},{"not_picked":["Dagger Spray","Infinite Blades","Dodge and Roll"],"picked":"SKIP","floor":18},{"not_picked":["Dagger Spray+1","Backflip"],"picked":"Outmaneuver","floor":24},{"not_picked":["Caltrops","Bane"],"picked":"Backstab+1","floor":28},{"not_picked":["Night Terror","A Thousand Cuts"],"picked":"After Image","floor":33},{"not_picked":["Outmaneuver","Dagger Throw","Choke"],"picked":"SKIP","floor":35},{"not_picked":["Slice","Dodge and Roll","Noxious Fumes"],"picked":"SKIP","floor":39},{"not_picked":["Dagger Throw","Choke+1","Flying Knee"],"picked":"SKIP","floor":44},{"not_picked":["Dagger Spray","Blur","Escape Plan"],"picked":"SKIP","floor":45},{"not_picked":["A Thousand Cuts","Predator+1","Dagger Throw"],"picked":"SKIP","floor":46},{"not_picked":["Endless Agony","Backflip"],"picked":"Eviscerate+1","floor":47}],"player_experience":918201,"relics_obtained":[{"floor":6,"key":"Juzu Bracelet"},{"floor":8,"key":"Shuriken"},{"floor":9,"key":"War Paint"},{"floor":11,"key":"The Courier"},{"floor":26,"key":"Blood Vial"},{"floor":47,"key":"Thread and Needle"}],"event_choices":[{"damage_healed":0,"gold_gain":0,"player_choice":"Lose Max HP","damage_taken":0,"relics_obtained":["Golden Idol"],"max_hp_gain":0,"max_hp_loss":6,"event_name":"Golden Idol","floor":2,"gold_loss":0},{"damage_healed":0,"gold_gain":75,"player_choice":"Gather Gold","damage_taken":11,"max_hp_gain":0,"max_hp_loss":0,"event_name":"World of Goop","floor":3,"gold_loss":0},{"damage_healed":0,"gold_gain":0,"player_choice":"Entered Light","damage_taken":18,"max_hp_gain":0,"max_hp_loss":0,"event_name":"Shining Light","floor":4,"gold_loss":0,"cards_upgraded":["Strike_G","Defend_G"]},{"damage_healed":0,"gold_gain":0,"player_choice":"Searched \u00272\u0027 times","damage_taken":0,"relics_obtained":["Snake Skull"],"max_hp_gain":0,"max_hp_loss":0,"event_name":"Dead Adventurer","floor":12,"gold_loss":0},{"damage_healed":0,"gold_gain":0,"player_choice":"Got Potions","damage_taken":0,"max_hp_gain":0,"max_hp_loss":0,"event_name":"Lab","floor":22,"gold_loss":0},{"damage_healed":0,"gold_gain":0,"player_choice":"Bought 1 Potion","damage_taken":0,"max_hp_gain":0,"max_hp_loss":0,"event_name":"The Woman in Blue","floor":31,"gold_loss":0},{"damage_healed":0,"gold_gain":50,"player_choice":"Touch","damage_taken":6,"max_hp_gain":0,"max_hp_loss":0,"event_name":"FaceTrader","floor":36,"gold_loss":0},{"damage_healed":0,"gold_gain":0,"player_choice":"Ignored","damage_taken":0,"max_hp_gain":0,"max_hp_loss":0,"event_name":"SecretPortal","floor":37,"gold_loss":0},{"cards_removed":["Storm of Steel"],"damage_healed":0,"gold_gain":0,"player_choice":"Removed Skill","damage_taken":0,"max_hp_gain":0,"max_hp_loss":0,"event_name":"Falling","floor":38,"gold_loss":0},{"damage_healed":0,"gold_gain":300,"player_choice":"Gold","damage_taken":0,"max_hp_gain":0,"max_hp_loss":0,"event_name":"Wheel of Change","floor":41,"gold_loss":0},{"damage_healed":60,"gold_gain":0,"player_choice":"Heal","damage_taken":0,"max_hp_gain":0,"max_hp_loss":0,"event_name":"MindBloom","floor":48,"gold_loss":0,"cards_obtained":["Doubt"]}],"is_beta":true,"boss_relics":[{"not_picked":["Astrolabe","Coffee Dripper"],"picked":"Pandora\u0027s Box"},{"not_picked":["WristBlade","Fusion Hammer"],"picked":"Runic Pyramid"}],"items_purged_floors":[10,19],"is_endless":false,"potions_floor_spawned":[6,8,24,33,39,44,45,46],"killed_by":"Time Eater","ascension_level":20}