{"gold_per_floor":[214,289,23,23,35,35,35,35,58,158,175,186,219,219,219,324,324,335,27,42,42,55,86,86,103,103,113,87,9,9,27,27,126,126,144,61,76,176,24,24,41,57,57,57,82,82,82,96,96,96],"floor_reached":51,"playtime":4309,"items_purged":[],"score":770,"play_id":"1660b6bf-713a-483e-9b7b-5e32c47a8064","local_time":"20181123165904","is_ascension_mode":false,"campfire_choices":[{"data":"Neutralize","floor":6,"key":"SMITH"},{"data":"Survivor","floor":8,"key":"SMITH"},{"data":"Poisoned Stab","floor":15,"key":"SMITH"},{"floor":24,"key":"REST"},{"floor":30,"key":"REST"},{"floor":32,"key":"REST"},{"floor":40,"key":"REST"},{"floor":44,"key":"REST"},{"floor":46,"key":"REST"},{"floor":49,"key":"REST"}],"neow_cost":"NONE","seed_source_timestamp":186677916991987,"circlet_count":0,"master_deck":["Defend_G","Defend_G","Defend_G","Defend_G","Defend_G","Strike_G","Strike_G","Strike_G","Strike_G","Strike_G","Survivor+1","Neutralize+1","PiercingWail","Quick Slash+1","PiercingWail","Poisoned Stab+1","Poisoned Stab","Corpse Explosion","Catalyst+1","Distraction+1","Catalyst","Bouncing Flask","Quick Slash","Deadly Poison","Deadly Poison","Catalyst","Deadly Poison","Corpse Explosion","Sucker Punch","PanicButton","PiercingWail","Burst","Poisoned Stab","Terror","Noxious Fumes","PiercingWail+1","Poisoned Stab+1","Blur"],"relics":["Ring of the Snake","Ninja Scroll","Boot","Snake Skull","Velvet Choker","StoneCalendar","The Specimen","Shuriken","Lizard Tail","Unceasing Top","Girya","Tingsha"],"potions_floor_usage":[13,22,33,41,45,47,48,48,50],"damage_taken":[{"damage":0,"enemies":"Jaw Worm","floor":1,"turns":6},{"damage":0,"enemies":"2 Louse","floor":5,"turns":1},{"damage":0,"enemies":"Small Slimes","floor":11,"turns":2},{"damage":0,"enemies":"2 Fungi Beasts","floor":12,"turns":2},{"damage":0,"enemies":"Gremlin Nob","floor":13,"turns":3},{"damage":16,"enemies":"The Guardian","floor":16,"turns":9},{"damage":6,"enemies":"2 Thieves","floor":18,"turns":3},{"damage":10,"enemies":"Spheric Guardian","floor":20,"turns":4},{"damage":15,"enemies":"Snecko","floor":22,"turns":4},{"damage":18,"enemies":"Book of Stabbing","floor":23,"turns":4},{"damage":11,"enemies":"Sentry and Sphere","floor":25,"turns":5},{"damage":12,"enemies":"Centurion and Healer","floor":27,"turns":3},{"damage":0,"enemies":"Snecko","floor":31,"turns":2},{"damage":1,"enemies":"Champ","floor":33,"turns":4},{"damage":4,"enemies":"3 Darklings","floor":35,"turns":2},{"damage":15,"enemies":"Orb Walker","floor":37,"turns":3},{"damage":12,"enemies":"Mind Bloom Boss Battle","floor":38,"turns":6},{"damage":20,"enemies":"Sphere and 2 Shapes","floor":41,"turns":4},{"damage":17,"enemies":"4 Shapes","floor":42,"turns":4},{"damage":11,"enemies":"Giant Head","floor":45,"turns":5},{"damage":19,"enemies":"Jaw Worm Horde","floor":48,"turns":3},{"damage":108,"enemies":"Time Eater","floor":50,"turns":11}],"seed_played":"-9196027318973179323","potions_obtained":[{"floor":5,"key":"FearPotion"},{"floor":11,"key":"GamblersBrew"},{"floor":16,"key":"GamblersBrew"},{"floor":20,"key":"Regen Potion"},{"floor":22,"key":"Dexterity Potion"},{"floor":27,"key":"FairyPotion"},{"floor":31,"key":"Block Potion"},{"floor":37,"key":"Poison Potion"},{"floor":42,"key":"AttackPotion"},{"floor":47,"key":"Fruit Juice"},{"floor":47,"key":"EssenceOfSteel"},{"floor":48,"key":"EssenceOfSteel"}],"is_trial":false,"path_per_floor":["M","?","$","?","M","R","?","R","T","?","M","M","E","?","R","B",null,"M","$","M","?","M","E","R","M","T","M","$","$","R","M","R","B",null,"M","$","M","?","$","R","M","M","T","R","E","R","?","M","R","B",null],"character_chosen":"THE_SILENT","items_purchased":["Ninja Scroll","Quick Slash","StoneCalendar","Deadly Poison","Catalyst","PanicButton","Poisoned Stab","Terror","Fire Potion"],"campfire_rested":7,"item_purchase_floors":[3,3,19,28,29,36,39,39,39],"current_hp_per_floor":[70,59,59,59,59,59,64,64,64,64,64,64,64,69,69,53,75,69,69,59,59,56,38,60,49,49,37,37,37,59,59,75,74,75,71,71,56,44,44,66,46,29,29,51,40,62,67,48,72,8],"gold":96,"neow_bonus":"HUNDRED_GOLD","is_prod":false,"is_daily":false,"chose_seed":false,"campfire_upgraded":3,"win_rate":0.0,"timestamp":1542985144,"path_taken":["M","?","$","?","M","R","?","R","T","?","M","?","E","?","R","BOSS","M","$","M","?","M","E","R","M","T","M","?","$","R","M","R","BOSS","M","$","M","?","$","R","M","M","T","R","E","R","?","M","R","BOSS"],"build_version":"2018-11-15","purchased_purges":0,"victory":true,"max_hp_per_floor":[70,70,70,70,70,70,75,75,75,75,75,75,75,75,75,75,75,75,75,75,75,75,75,75,75,75,75,75,75,75,75,75,75,75,75,75,75,75,75,75,75,75,75,75,75,75,80,80,80,80],"card_choices":[{"not_picked":["Tactician","Prepared"],"picked":"PiercingWail","floor":1},{"not_picked":["Flechettes","Quick Slash"],"picked":"PiercingWail","floor":5},{"not_picked":["Envenom","Bane"],"picked":"Poisoned Stab","floor":11},{"not_picked":["Choke","Reflex"],"picked":"Poisoned Stab","floor":12},{"not_picked":["Outmaneuver","PiercingWail"],"picked":"Bane","floor":13},{"not_picked":["Venomology","Night Terror"],"picked":"Corpse Explosion","floor":16},{"not_picked":["Blur","Quick Slash"],"picked":"Catalyst","floor":18},{"not_picked":["Endless Agony","Footwork"],"picked":"Distraction+1","floor":20},{"not_picked":["Deflect","Dagger Spray"],"picked":"Catalyst","floor":22},{"not_picked":["Crippling Poison","Footwork"],"picked":"Bouncing Flask","floor":23},{"not_picked":["Dagger Spray","Blade Dance+1"],"picked":"Quick Slash","floor":25},{"not_picked":["Flying Knee+1","Catalyst"],"picked":"Deadly Poison","floor":27},{"not_picked":["Prepared+1","Slice"],"picked":"Deadly Poison","floor":31},{"not_picked":["Wraith Form v2","Phantasmal Killer"],"picked":"Corpse Explosion","floor":33},{"not_picked":["Calculated Gamble+1","Cloak And Dagger+1"],"picked":"Sucker Punch","floor":35},{"not_picked":["Sucker Punch","Blade Dance"],"picked":"PiercingWail","floor":37},{"not_picked":["Underhanded Strike+1","Quick Slash+1"],"picked":"Burst","floor":38},{"not_picked":["Blade Dance","Escape Plan+1"],"picked":"Noxious Fumes","floor":41},{"not_picked":["Acrobatics","Backstab"],"picked":"PiercingWail+1","floor":42},{"not_picked":["Slice","Underhanded Strike"],"picked":"Poisoned Stab+1","floor":45},{"not_picked":["PiercingWail","Cloak And Dagger"],"picked":"Blur","floor":48}],"player_experience":61650,"relics_obtained":[{"floor":9,"key":"Boot"},{"floor":13,"key":"Snake Skull"},{"floor":23,"key":"The Specimen"},{"floor":26,"key":"Shuriken"},{"floor":38,"key":"Unceasing Top"},{"floor":43,"key":"Girya"},{"floor":45,"key":"Tingsha"}],"event_choices":[{"damage_healed":0,"gold_gain":75,"player_choice":"Gather Gold","damage_taken":11,"max_hp_gain":0,"max_hp_loss":0,"event_name":"World of Goop","floor":2,"gold_loss":0},{"damage_healed":0,"gold_gain":0,"player_choice":"Grow","damage_taken":0,"max_hp_gain":0,"max_hp_loss":0,"event_name":"Living Wall","floor":4,"gold_loss":0,"cards_upgraded":["Quick Slash"]},{"damage_healed":0,"gold_gain":0,"player_choice":"Donut","damage_taken":0,"max_hp_gain":5,"max_hp_loss":0,"event_name":"Big Fish","floor":7,"gold_loss":0},{"damage_healed":0,"gold_gain":100,"player_choice":"Pray","damage_taken":0,"max_hp_gain":0,"max_hp_loss":0,"event_name":"Golden Shrine","floor":10,"gold_loss":0},{"cards_removed":["Bane"],"damage_healed":5,"gold_gain":0,"player_choice":"Offered Common","damage_taken":0,"max_hp_gain":0,"max_hp_loss":0,"event_name":"Bonfire Elementals","floor":14,"gold_loss":0},{"cards_removed":["Bane"],"damage_healed":5,"gold_gain":0,"player_choice":"Offered Special","damage_taken":0,"max_hp_gain":0,"max_hp_loss":0,"event_name":"Bonfire Elementals","floor":14,"gold_loss":0},{"damage_healed":0,"gold_gain":0,"player_choice":"Upgraded","damage_taken":0,"max_hp_gain":0,"max_hp_loss":0,"event_name":"Upgrade Shrine","floor":21,"gold_loss":0,"cards_upgraded":["Catalyst"]},{"damage_healed":0,"gold_gain":0,"player_choice":"Fight","damage_taken":0,"max_hp_gain":0,"max_hp_loss":0,"event_name":"MindBloom","floor":38,"gold_loss":0},{"damage_healed":0,"gold_gain":0,"player_choice":"Got Potions","damage_taken":0,"max_hp_gain":0,"max_hp_loss":0,"event_name":"Lab","floor":47,"gold_loss":0}],"is_beta":false,"boss_relics":[{"not_picked":["HoveringKite","Ectoplasm"],"picked":"Velvet Choker"},{"not_picked":["Philosopher\u0027s Stone","Coffee Dripper"],"picked":"Lizard Tail"}],"items_purged_floors":[],"is_endless":false,"potions_floor_spawned":[5,11,16,20,22,27,31,37,42,48],"ascension_level":0}