{"path_per_floor":["M","?","?","?","$","R","E","M","T","R","M","R","E","M","R","B",null,"M","$","M","?","$"],"character_chosen":"THE_SILENT","items_purchased":["Master of Strategy"],"gold_per_floor":[118,118,118,68,68,68,96,115,115,115,133,133,167,177,177,282,282,293,5,21,21,21],"floor_reached":23,"campfire_rested":0,"playtime":811,"current_hp_per_floor":[63,49,70,70,70,70,70,70,70,70,70,70,47,43,43,44,69,52,52,44,28,28],"items_purged":["Strike_G"],"gold":21,"score":289,"play_id":"98acd030-a224-4ce5-9526-1e50771e0886","is_prod":false,"is_daily":false,"is_ascension_mode":true,"campfire_upgraded":4,"path_taken":["M","?","?","?","?","R","E","M","T","R","M","R","E","M","R","BOSS","M","$","M","?","?","E"],"build_version":"2018-02-08-PROD1","purchased_purges":1,"victory":false,"master_deck":["Defend_G","Defend_G","Defend_G","Defend_G","Defend_G","Strike_G","Strike_G+1","Strike_G+1","Survivor+1","Neutralize+1","Caltrops+1","Die Die Die+1","Cloak And Dagger","Caltrops","Backflip","A Thousand Cuts","Master of Strategy"],"max_hp_per_floor":[70,70,70,70,70,70,70,70,70,70,70,70,77,77,77,77,77,77,77,77,77,77],"relics":["Ring of the Snake","NeowsBlessing","Toolbox","Ice Cream","Strawberry","Sozu","Enchiridion"],"card_choices":[{"not_picked":["Dagger Spray","Quick Slash"],"picked":"Caltrops"},{"not_picked":["Dodge and Roll","Predator"],"picked":"Die Die Die"},{"not_picked":["Dagger Spray","Slice"],"picked":"Cloak And Dagger"},{"not_picked":["Acrobatics","Dodge and Roll"],"picked":"Caltrops"},{"not_picked":["Flying Knee","Bane"],"picked":"Backflip"},{"not_picked":["Phantasmal Killer","Doppelganger"],"picked":"A Thousand Cuts"}],"player_experience":151055,"potions_floor_usage":[16,16],"damage_taken":[{"damage":0,"enemies":"Small Slimes","floor":1,"turns":1},{"damage":0,"enemies":"3 Sentries","floor":7,"turns":1},{"damage":0,"enemies":"Jaw Worm","floor":8,"turns":1},{"damage":0,"enemies":"Blue Slaver","floor":11,"turns":2},{"damage":30,"enemies":"Lagavulin","floor":13,"turns":6},{"damage":4,"enemies":"Large Slime","floor":14,"turns":5},{"damage":14,"enemies":"Hexaghost","floor":16,"turns":9},{"damage":17,"enemies":"Shell Parasite","floor":18,"turns":5},{"damage":8,"enemies":"2 Thieves","floor":20,"turns":5},{"damage":33,"enemies":"Slavers","floor":23,"turns":4}],"event_choices":[{"event_name":"Shining Light","player_choice":"Entered Light","floor":2,"damage_taken":0},{"event_name":"Big Fish","player_choice":"Banana","floor":3,"damage_taken":0},{"event_name":"The Cleric","player_choice":"Card Removal","floor":4,"damage_taken":0},{"event_name":"Cursed Tome","player_choice":"Obtained Book","floor":21,"damage_taken":0}],"boss_relics":[{"not_picked":["Philosopher\u0027s Stone","Runic Pyramid"],"picked":"Sozu"}],"potions_floor_spawned":[1,8,14,20],"seed_played":"2053666360790930087","killed_by":"Slavers","ascension_level":6,"is_trial":false}