{"gold_per_floor":[111,111,128,21,38,66,66,66,66,81,124,124,47,60,60,188,188,201,215,215],"floor_reached":20,"playtime":1422,"items_purged":[],"score":212,"play_id":"08aabe69-af57-4807-a628-c707ade6fe84","local_time":"20191008205231","is_ascension_mode":true,"campfire_choices":[{"floor":12,"key":"REST"},{"data":"Echo Form","floor":15,"key":"SMITH"}],"neow_cost":"NONE","seed_source_timestamp":298600204175400,"circlet_count":0,"master_deck":["Strike_B","Strike_B","Strike_B","Strike_B","Defend_B","Defend_B","Defend_B","Defend_B","Zap","Dualcast","Rainbow+1","Storm","Glacier","Auto Shields","Doom and Gloom","Conserve Battery","Beam Cell","Echo Form+1","Thunder Strike","Buffer","Leap","Cold Snap","Steam","Fusion","White Noise","Defragment"],"relics":["Cracked Core","Symbiotic Virus","Golden Idol","Matryoshka","Smiling Mask","Orrery"],"potions_floor_usage":[16,16],"damage_taken":[{"damage":0,"enemies":"Cultist","floor":1,"turns":3},{"damage":5,"enemies":"Jaw Worm","floor":3,"turns":3},{"damage":0,"enemies":"Small Slimes","floor":5,"turns":3},{"damage":21,"enemies":"3 Sentries","floor":6,"turns":7},{"damage":1,"enemies":"Looter","floor":10,"turns":3},{"damage":22,"enemies":"Lagavulin","floor":11,"turns":7},{"damage":5,"enemies":"Lots of Slimes","floor":14,"turns":3},{"damage":3,"enemies":"The Guardian","floor":16,"turns":9},{"damage":21,"enemies":"Chosen","floor":18,"turns":8},{"damage":27,"enemies":"Shell Parasite","floor":19,"turns":10},{"damage":47,"enemies":"Sentry and Sphere","floor":20,"turns":7}],"seed_played":"7715311394430671695","potions_obtained":[{"floor":1,"key":"Dexterity Potion"},{"floor":5,"key":"Poison Potion"},{"floor":14,"key":"FairyPotion"},{"floor":16,"key":"Dexterity Potion"},{"floor":19,"key":"LiquidBronze"}],"is_trial":false,"path_per_floor":["M","?","M","$","M","E","?","?","T","M","E","R","$","M","R","B",null,"M","M","M"],"character_chosen":"DEFECT","items_purchased":["Auto Shields","Doom and Gloom","Thunder Strike"],"campfire_rested":1,"item_purchase_floors":[4,4,13],"current_hp_per_floor":[75,80,75,75,75,54,54,54,54,53,31,53,53,48,48,45,74,53,26,0],"gold":215,"neow_bonus":"ONE_RANDOM_RARE_CARD","is_prod":false,"is_daily":false,"chose_seed":false,"campfire_upgraded":1,"win_rate":0,"timestamp":1570560751,"path_taken":["M","?","M","$","M","E","?","?","T","?","E","R","$","M","R","BOSS","M","M","?"],"build_version":"2019-07-17","purchased_purges":0,"victory":false,"max_hp_per_floor":[75,80,80,80,80,80,80,74,74,74,74,74,74,74,74,74,74,74,74,74],"card_choices":[{"not_picked":["Go for the Eyes","Turbo"],"picked":"Storm","floor":1},{"not_picked":["Conserve Battery","Rebound"],"picked":"Glacier","floor":3},{"not_picked":["Genetic Algorithm","Coolheaded"],"picked":"Conserve Battery","floor":5},{"not_picked":["Ball Lightning","Sweeping Beam"],"picked":"Beam Cell","floor":6},{"not_picked":["Scrape","Ball Lightning","Conserve Battery"],"picked":"SKIP","floor":10},{"not_picked":["Beam Cell","Hologram"],"picked":"Echo Form","floor":11},{"not_picked":["Turbo","Hologram","Go for the Eyes"],"picked":"SKIP","floor":14},{"not_picked":["Echo Form","Rainbow"],"picked":"Buffer","floor":16},{"not_picked":["Ball Lightning","Heatsinks"],"picked":"Leap","floor":17},{"not_picked":["Streamline","Steam Power"],"picked":"Cold Snap","floor":17},{"not_picked":["Leap","Hologram"],"picked":"Steam","floor":17},{"not_picked":["Conserve Battery","Cold Snap"],"picked":"Fusion","floor":17},{"not_picked":["Static Discharge","Sweeping Beam"],"picked":"White Noise","floor":18},{"not_picked":["Double Energy+1","Genetic Algorithm+1"],"picked":"Defragment","floor":19}],"player_experience":267869,"relics_obtained":[{"floor":6,"key":"Symbiotic Virus"},{"floor":9,"key":"Matryoshka"},{"floor":11,"key":"Smiling Mask"}],"event_choices":[{"damage_healed":0,"gold_gain":0,"player_choice":"Donut","damage_taken":0,"max_hp_gain":5,"max_hp_loss":0,"event_name":"Big Fish","floor":2,"gold_loss":0},{"damage_healed":0,"gold_gain":0,"player_choice":"Grow","damage_taken":0,"max_hp_gain":0,"max_hp_loss":0,"event_name":"Living Wall","floor":7,"gold_loss":0,"cards_upgraded":["Rainbow"]},{"damage_healed":0,"gold_gain":0,"player_choice":"Lose Max HP","damage_taken":0,"relics_obtained":["Golden Idol"],"max_hp_gain":0,"max_hp_loss":6,"event_name":"Golden Idol","floor":8,"gold_loss":0}],"is_beta":false,"boss_relics":[{"not_picked":["Cursed Key","Tiny House"],"picked":"Orrery"}],"items_purged_floors":[],"is_endless":false,"potions_floor_spawned":[1,5,14,16,19],"killed_by":"Sentry and Sphere","ascension_level":3}