{"gold_per_floor":[112,112,27,27,41,84,84,124,149,149,190,190,220,141,141,261,261,279,279,295,295,309,309,322,322,345,345,358,358,358,378,378,378],"floor_reached":33,"playtime":1440,"items_purged":[],"score":287,"play_id":"bf5e22d7-e1bf-42f3-969a-a67a3004129a","local_time":"20191006190652","is_ascension_mode":true,"campfire_choices":[{"floor":7,"key":"REST"},{"floor":10,"key":"REST"},{"floor":12,"key":"REST"},{"floor":15,"key":"REST"},{"floor":23,"key":"REST"},{"floor":25,"key":"REST"},{"data":"Noxious Fumes","floor":27,"key":"SMITH"},{"data":"Bouncing Flask","floor":29,"key":"SMITH"},{"data":"Corpse Explosion","floor":32,"key":"SMITH"}],"neow_cost":"PERCENT_DAMAGE","seed_source_timestamp":119429623079300,"circlet_count":0,"master_deck":["Strike_G","Strike_G","Strike_G","Strike_G","Strike_G","Defend_G","Defend_G","Defend_G","Defend_G","Defend_G","Survivor","Neutralize","Finisher","Finesse","Injury","Backflip","Prepared","Corpse Explosion+1","Bouncing Flask+1","Noxious Fumes+1","Envenom","Bane","Accuracy","Cloak And Dagger"],"relics":["Ring of the Snake","Du-Vu Doll","Blood Vial","Golden Idol","Mummified Hand","Ancient Tea Set","Happy Flower","Omamori","Eternal Feather","Bronze Scales","Pen Nib"],"potions_floor_usage":[8,18,28],"damage_taken":[{"damage":0,"enemies":"Jaw Worm","floor":1,"turns":5},{"damage":0,"enemies":"Small Slimes","floor":5,"turns":3},{"damage":25,"enemies":"Gremlin Nob","floor":6,"turns":5},{"damage":40,"enemies":"3 Sentries","floor":8,"turns":12},{"damage":27,"enemies":"Gremlin Nob","floor":11,"turns":4},{"damage":15,"enemies":"Slime Boss","floor":16,"turns":7},{"damage":15,"enemies":"Chosen","floor":18,"turns":5},{"damage":30,"enemies":"3 Byrds","floor":20,"turns":4},{"damage":22,"enemies":"Cultist and Chosen","floor":22,"turns":4},{"damage":15,"enemies":"Snecko","floor":24,"turns":5},{"damage":2,"enemies":"Snake Plant","floor":28,"turns":3},{"damage":8,"enemies":"Cultist and Chosen","floor":31,"turns":3},{"damage":90,"enemies":"Automaton","floor":33,"turns":6}],"seed_played":"8606725117986963338","potions_obtained":[{"floor":5,"key":"Weak Potion"},{"floor":6,"key":"Block Potion"},{"floor":24,"key":"Block Potion"},{"floor":28,"key":"GhostInAJar"},{"floor":31,"key":"Energy Potion"}],"is_trial":false,"path_per_floor":["M","?","$","?","M","E","R","E","T","R","E","R","?","$","R","B",null,"M","?","M","T","M","R","M","R","T","R","M","R","?","M","R","B"],"character_chosen":"THE_SILENT","items_purchased":["Finesse","Noxious Fumes"],"campfire_rested":6,"item_purchase_floors":[3,14],"current_hp_per_floor":[49,46,46,46,48,25,46,8,8,29,4,25,25,25,46,33,70,55,55,27,27,7,40,27,60,60,70,68,70,56,50,62,0],"gold":378,"neow_bonus":"ONE_RARE_RELIC","is_prod":false,"is_daily":false,"chose_seed":false,"campfire_upgraded":3,"win_rate":0,"timestamp":1570381612,"path_taken":["M","?","$","?","M","E","R","E","T","R","E","R","?","?","R","BOSS","M","?","M","?","M","R","M","R","T","R","M","R","?","?","R","BOSS"],"build_version":"2019-07-17","purchased_purges":0,"victory":false,"max_hp_per_floor":[70,70,70,70,70,70,70,70,70,70,70,70,70,70,70,70,70,70,70,70,70,70,70,70,70,70,70,70,70,70,70,70,70],"card_choices":[{"not_picked":["Quick Slash","Blur"],"picked":"Finisher","floor":1},{"not_picked":["Bane","PiercingWail"],"picked":"Backflip","floor":5},{"not_picked":["Bane","Heel Hook"],"picked":"Prepared","floor":6},{"not_picked":["Cloak And Dagger","Deflect"],"picked":"Corpse Explosion","floor":8},{"not_picked":["Expertise","Cloak And Dagger"],"picked":"Bouncing Flask","floor":11},{"not_picked":["Glass Knife","After Image"],"picked":"Envenom","floor":16},{"not_picked":["Sucker Punch","Heel Hook"],"picked":"Bane","floor":18},{"not_picked":["Deflect","Leg Sweep","Slice"],"picked":"SKIP","floor":20},{"not_picked":["Distraction","Cloak And Dagger"],"picked":"Accuracy","floor":22},{"not_picked":["Quick Slash","Dagger Throw"],"picked":"Cloak And Dagger","floor":24},{"not_picked":["Deflect","Outmaneuver","PiercingWail"],"picked":"SKIP","floor":28},{"not_picked":["Outmaneuver","Acrobatics","Calculated Gamble+1"],"picked":"SKIP","floor":31}],"player_experience":230739,"relics_obtained":[{"floor":6,"key":"Mummified Hand"},{"floor":8,"key":"Ancient Tea Set"},{"floor":9,"key":"Happy Flower"},{"floor":11,"key":"Omamori"},{"floor":21,"key":"Bronze Scales"},{"floor":26,"key":"Pen Nib"}],"event_choices":[{"damage_healed":0,"gold_gain":0,"player_choice":"Success","damage_taken":3,"relics_obtained":["Blood Vial"],"max_hp_gain":0,"max_hp_loss":0,"event_name":"Scrap Ooze","floor":2,"gold_loss":0},{"damage_healed":0,"gold_gain":0,"player_choice":"Take Wound","damage_taken":0,"relics_obtained":["Golden Idol"],"max_hp_gain":0,"max_hp_loss":0,"event_name":"Golden Idol","floor":4,"gold_loss":0,"cards_obtained":["Injury"]},{"damage_healed":0,"gold_gain":30,"player_choice":"Searched \u00272\u0027 times","damage_taken":0,"max_hp_gain":0,"max_hp_loss":0,"event_name":"Dead Adventurer","floor":13,"gold_loss":0},{"damage_healed":0,"gold_gain":0,"player_choice":"Ignored","damage_taken":0,"max_hp_gain":0,"max_hp_loss":0,"event_name":"Ghosts","floor":19,"gold_loss":0},{"damage_healed":0,"gold_gain":0,"player_choice":"POTION ","damage_taken":14,"max_hp_gain":0,"max_hp_loss":0,"event_name":"Knowing Skull","floor":30,"potions_obtained":["Explosive Potion"],"gold_loss":0,"cards_obtained":[]}],"is_beta":false,"boss_relics":[{"not_picked":["Velvet Choker","Cursed Key"],"picked":"Eternal Feather"}],"items_purged_floors":[],"is_endless":false,"potions_floor_spawned":[5,6,24,28,31],"killed_by":"Automaton","ascension_level":2}