{"gold_per_floor":[112,10,26,43,143,173,173,45,68,88,38,52,68,88,88,191,191,203,0,20,32,131,131,145,145,145,156,74,92,92,330,330,434,434,446,465,484,66,66],"floor_reached":39,"playtime":2089,"items_purged":["Strike_B"],"score":462,"play_id":"98dd4f37-6c6d-4023-a167-19698762b1d2","local_time":"20190123183116","is_ascension_mode":false,"campfire_choices":[{"data":"Buffer","floor":7,"key":"SMITH"},{"data":"Buffer","floor":15,"key":"SMITH"},{"data":"Creative AI","floor":23,"key":"SMITH"},{"data":"Loop","floor":25,"key":"SMITH"},{"data":"Zap","floor":32,"key":"SMITH"}],"neow_cost":"NONE","seed_source_timestamp":499424139891500,"circlet_count":0,"master_deck":["Strike_B","Defend_B","Defend_B","Defend_B","Defend_B","Zap+1","Dualcast","Buffer+1","Leap","Defragment","Loop+1","Buffer+1","Gash","Capacitor","Capacitor","Gash","Creative AI+1","Leap","Redo+1","Heatsinks","Echo Form","Echo Form","Genetic Algorithm+1","Buffer+1"],"relics":["Cracked Core","Orichalcum","Art of War","Sozu","ClockworkSouvenir","Happy Flower","Old Coin","Cursed Key","Regal Pillow","DollysMirror"],"potions_floor_usage":[16,16],"damage_taken":[{"damage":2,"enemies":"Small Slimes","floor":1,"turns":4},{"damage":0,"enemies":"Cultist","floor":3,"turns":4},{"damage":0,"enemies":"2 Louse","floor":4,"turns":3},{"damage":40,"enemies":"Gremlin Nob","floor":6,"turns":5},{"damage":0,"enemies":"Looter","floor":10,"turns":4},{"damage":1,"enemies":"3 Louse","floor":12,"turns":5},{"damage":4,"enemies":"Red Slaver","floor":13,"turns":3},{"damage":4,"enemies":"Exordium Wildlife","floor":14,"turns":5},{"damage":7,"enemies":"Slime Boss","floor":16,"turns":12},{"damage":6,"enemies":"Shell Parasite","floor":18,"turns":6},{"damage":0,"enemies":"Chosen","floor":20,"turns":6},{"damage":19,"enemies":"Shelled Parasite and Fungi","floor":21,"turns":9},{"damage":12,"enemies":"Snake Plant","floor":24,"turns":5},{"damage":15,"enemies":"Centurion and Healer","floor":27,"turns":8},{"damage":0,"enemies":"Snecko","floor":29,"turns":6},{"damage":0,"enemies":"Champ","floor":33,"turns":8},{"damage":0,"enemies":"Orb Walker","floor":35,"turns":5},{"damage":8,"enemies":"3 Darklings","floor":36,"turns":6},{"damage":55,"enemies":"Sphere and 2 Shapes","floor":37,"turns":6},{"damage":21,"enemies":"Transient","floor":39,"turns":2}],"seed_played":"-388426949820068313","potions_obtained":[{"floor":6,"key":"Energy Potion"},{"floor":13,"key":"Weak Potion"},{"floor":14,"key":"SpeedPotion"}],"is_trial":false,"path_per_floor":["M","$","M","M","?","E","R","$","T","M","?","M","M","M","R","B",null,"M","$","M","M","?","R","M","R","T","M","$","M","?","?","R","B",null,"M","M","M","$","M"],"character_chosen":"DEFECT","items_purchased":["Leap","Defragment","Gash","Capacitor","ClockworkSouvenir","Echo Form","Regal Pillow","DollysMirror"],"campfire_rested":0,"item_purchase_floors":[2,2,8,8,19,28,38,38],"current_hp_per_floor":[73,73,73,73,73,33,33,33,33,33,33,32,28,24,24,17,75,69,69,69,50,50,50,38,38,38,23,23,23,23,23,23,23,75,75,67,12,12,0],"gold":66,"neow_bonus":"ONE_RANDOM_RARE_CARD","is_prod":false,"is_daily":false,"chose_seed":false,"campfire_upgraded":5,"win_rate":0.0,"timestamp":1548286276,"path_taken":["M","$","M","M","?","E","R","?","T","M","?","M","M","M","R","BOSS","M","$","M","M","?","R","M","R","T","M","$","M","?","?","R","BOSS","M","M","M","$","M"],"build_version":"2019-01-23","purchased_purges":1,"victory":false,"max_hp_per_floor":[75,75,75,75,75,75,75,75,75,75,75,75,75,75,75,75,75,75,75,75,75,75,75,75,75,75,75,75,75,75,75,75,75,75,75,75,75,75,75],"card_choices":[{"not_picked":["Turbo","Barrage","Glacier"],"picked":"SKIP","floor":1},{"not_picked":["Compile Driver","Stack","Force Field"],"picked":"SKIP","floor":3},{"not_picked":["Compile Driver","Chill"],"picked":"Loop","floor":4},{"not_picked":["Hello World","Barrage"],"picked":"Buffer","floor":6},{"not_picked":["Leap","Streamline"],"picked":"Capacitor","floor":10},{"not_picked":["Beam Cell","Rebound"],"picked":"Gash","floor":12},{"not_picked":["Rebound","Sweeping Beam","Tempest"],"picked":"SKIP","floor":13},{"not_picked":["Redo","Ball Lightning","Steam"],"picked":"SKIP","floor":14},{"not_picked":["Seek","Thunder Strike"],"picked":"Creative AI","floor":16},{"not_picked":["Reprogram","Glacier"],"picked":"Leap","floor":18},{"not_picked":["Leap","Chill","Turbo"],"picked":"SKIP","floor":20},{"not_picked":["Sweeping Beam","Steam"],"picked":"Redo+1","floor":21},{"not_picked":["FTL+1","Undo"],"picked":"Heatsinks","floor":24},{"not_picked":["Consume+1","Leap","Stack"],"picked":"SKIP","floor":27},{"not_picked":["Glacier","Stack","Reinforced Body+1"],"picked":"SKIP","floor":29},{"not_picked":["All For One","Thunder Strike"],"picked":"Echo Form","floor":33},{"not_picked":["Go for the Eyes+1","Blizzard","Rebound+1"],"picked":"SKIP","floor":35},{"not_picked":["Go for the Eyes+1","Cold Snap"],"picked":"Genetic Algorithm+1","floor":36},{"not_picked":["Rebound+1","Capacitor","Beam Cell+1"],"picked":"SKIP","floor":37}],"player_experience":191841,"relics_obtained":[{"floor":6,"key":"Orichalcum"},{"floor":9,"key":"Art of War"},{"floor":26,"key":"Happy Flower"}],"event_choices":[{"damage_healed":0,"gold_gain":100,"player_choice":"Gold","damage_taken":0,"max_hp_gain":0,"max_hp_loss":0,"event_name":"Wheel of Change","floor":5,"gold_loss":0},{"cards_removed":["Strike_B"],"damage_healed":0,"gold_gain":0,"player_choice":"Card Removal","damage_taken":0,"max_hp_gain":0,"max_hp_loss":0,"event_name":"The Cleric","floor":11,"gold_loss":50},{"damage_healed":0,"gold_gain":99,"player_choice":"Stole From Cult","damage_taken":0,"max_hp_gain":0,"max_hp_loss":0,"event_name":"Nest","floor":22,"gold_loss":0},{"cards_removed":["Strike_B"],"damage_healed":0,"gold_gain":0,"player_choice":"Elegance","damage_taken":0,"max_hp_gain":0,"max_hp_loss":0,"event_name":"Back to Basics","floor":30,"gold_loss":0},{"damage_healed":0,"gold_gain":0,"player_choice":"Paid Gold","damage_taken":0,"relics_obtained":["Old Coin"],"max_hp_gain":0,"max_hp_loss":0,"event_name":"WeMeetAgain","floor":31,"gold_loss":62}],"is_beta":false,"boss_relics":[{"not_picked":["Astrolabe","Runic Pyramid"],"picked":"Sozu"},{"not_picked":["Pandora\u0027s Box","Orrery"],"picked":"Cursed Key"}],"items_purged_floors":[38],"is_endless":false,"potions_floor_spawned":[6,13,14,18,21,33,36],"killed_by":"Transient","ascension_level":0}