{"gold_per_floor":[114,134,134,146,146,146,158,193,238,270,270,303,77,93,93,221,221,239,264,283,283,183,183,219,235,235,258,283,283,310,310],"floor_reached":31,"playtime":2049,"items_purged":["Strike_B","Writhe"],"score":332,"play_id":"1f48b526-c741-43ac-8838-8aa2af47a220","local_time":"20190915173046","is_ascension_mode":true,"campfire_choices":[{"data":"Zap","floor":6,"key":"SMITH"},{"data":"Darkness","floor":15,"key":"SMITH"},{"data":"Redo","floor":23,"key":"SMITH"},{"data":"Storm","floor":29,"key":"SMITH"}],"neow_cost":"NONE","seed_source_timestamp":325243114647600,"circlet_count":0,"master_deck":["Strike_B","Strike_B","Defend_B","Defend_B","Defend_B","Defend_B","Zap+1","Dualcast","Skim","Self Repair","Leap","Darkness+1","Melter","White Noise","Gash","Electrodynamics","Ball Lightning","Redo+1","Reprogram","BootSequence","Regret","Loop","Storm+1","Pain"],"relics":["Cracked Core","Letter Opener","Potion Belt","Juzu Bracelet","Golden Idol","Vajra","Bag of Preparation","Cursed Key","Bag of Marbles","Blood Vial","Calipers","Regal Pillow"],"potions_floor_usage":[8,16,31,31],"damage_taken":[{"damage":9,"enemies":"Small Slimes","floor":1,"turns":4},{"damage":0,"enemies":"2 Louse","floor":2,"turns":3},{"damage":6,"enemies":"Cultist","floor":4,"turns":4},{"damage":3,"enemies":"Blue Slaver","floor":7,"turns":4},{"damage":27,"enemies":"Gremlin Nob","floor":8,"turns":4},{"damage":21,"enemies":"Lagavulin","floor":10,"turns":7},{"damage":31,"enemies":"3 Sentries","floor":12,"turns":7},{"damage":2,"enemies":"Exordium Wildlife","floor":14,"turns":4},{"damage":26,"enemies":"The Guardian","floor":16,"turns":7},{"damage":0,"enemies":"3 Byrds","floor":18,"turns":2},{"damage":14,"enemies":"2 Thieves","floor":19,"turns":3},{"damage":0,"enemies":"3 Cultists","floor":20,"turns":2},{"damage":16,"enemies":"Gremlin Leader","floor":24,"turns":4},{"damage":28,"enemies":"Shelled Parasite and Fungi","floor":25,"turns":5},{"damage":3,"enemies":"Sentry and Sphere","floor":27,"turns":2},{"damage":23,"enemies":"Centurion and Healer","floor":28,"turns":5},{"damage":38,"enemies":"Snecko","floor":31,"turns":4}],"seed_played":"-3834947949507160264","potions_obtained":[{"floor":1,"key":"LiquidBronze"},{"floor":2,"key":"Strength Potion"},{"floor":4,"key":"SkillPotion"},{"floor":5,"key":"FairyPotion"},{"floor":16,"key":"FocusPotion"},{"floor":19,"key":"SkillPotion"},{"floor":24,"key":"SpeedPotion"},{"floor":25,"key":"Strength Potion"},{"floor":27,"key":"SteroidPotion"}],"is_trial":false,"path_per_floor":["M","M","?","M","?","R","M","E","T","E","?","E","$","M","R","B",null,"M","M","M","?","$","R","E","M","T","M","M","R","T","M"],"character_chosen":"DEFECT","items_purchased":["Bag of Preparation"],"campfire_rested":0,"item_purchase_floors":[13],"current_hp_per_floor":[73,73,73,74,74,74,78,58,58,44,44,20,20,25,25,7,76,76,69,69,69,69,69,60,41,41,40,26,26,26,0],"gold":310,"neow_bonus":"TEN_PERCENT_HP_BONUS","is_prod":false,"is_daily":false,"chose_seed":false,"campfire_upgraded":4,"win_rate":0,"timestamp":1568561446,"path_taken":["M","M","?","M","?","R","M","E","T","E","?","E","$","M","R","BOSS","M","M","M","?","$","R","E","M","T","M","M","R","?","M"],"build_version":"2019-07-17","purchased_purges":2,"victory":false,"max_hp_per_floor":[82,82,82,82,82,82,82,82,82,82,76,76,76,76,76,76,76,76,76,76,76,76,76,76,76,76,76,76,76,76,76],"card_choices":[{"not_picked":["Chaos","Blizzard"],"picked":"Skim","floor":1},{"not_picked":["Stack","Conserve Battery"],"picked":"Self Repair","floor":2},{"not_picked":["Rip and Tear","Redo"],"picked":"Leap","floor":4},{"not_picked":["Barrage","Steam Power","Skim"],"picked":"SKIP","floor":7},{"not_picked":["Undo","Go for the Eyes"],"picked":"Darkness","floor":8},{"not_picked":["Steam Power","Conserve Battery"],"picked":"Melter","floor":10},{"not_picked":["Cold Snap","Turbo"],"picked":"White Noise","floor":12},{"not_picked":["Hologram","Rip and Tear"],"picked":"Gash","floor":14},{"not_picked":["Rainbow","Reboot"],"picked":"Electrodynamics","floor":16},{"not_picked":["Recycle","Sweeping Beam"],"picked":"Ball Lightning","floor":18},{"not_picked":["Stack","Rebound"],"picked":"Redo","floor":19},{"not_picked":["Streamline","Turbo"],"picked":"Reprogram","floor":20},{"not_picked":["Beam Cell","Ball Lightning"],"picked":"BootSequence","floor":24},{"not_picked":["Skim","Streamline+1","Reboot"],"picked":"SKIP","floor":25},{"not_picked":["Beam Cell+1","Go for the Eyes+1"],"picked":"Loop","floor":27},{"not_picked":["Sunder","Ball Lightning"],"picked":"Storm","floor":28}],"player_experience":314928,"relics_obtained":[{"floor":8,"key":"Letter Opener"},{"floor":9,"key":"Potion Belt"},{"floor":10,"key":"Juzu Bracelet"},{"floor":12,"key":"Vajra"},{"floor":24,"key":"Blood Vial"},{"floor":26,"key":"Calipers"},{"floor":30,"key":"Regal Pillow"}],"event_choices":[{"cards_removed":["Strike_B"],"damage_healed":0,"gold_gain":0,"player_choice":"Forget","damage_taken":0,"max_hp_gain":0,"max_hp_loss":0,"event_name":"Living Wall","floor":3,"gold_loss":0},{"damage_healed":0,"gold_gain":0,"player_choice":"Got Potions","damage_taken":0,"max_hp_gain":0,"max_hp_loss":0,"event_name":"Lab","floor":5,"gold_loss":0},{"damage_healed":0,"gold_gain":0,"player_choice":"Lose Max HP","damage_taken":0,"relics_obtained":["Golden Idol"],"max_hp_gain":0,"max_hp_loss":6,"event_name":"Golden Idol","floor":11,"gold_loss":0},{"damage_healed":0,"gold_gain":0,"player_choice":"Opened","damage_taken":0,"relics_obtained":["Bag of Marbles"],"max_hp_gain":0,"max_hp_loss":0,"event_name":"The Mausoleum","floor":21,"gold_loss":0,"cards_obtained":["Writhe"]}],"is_beta":false,"boss_relics":[{"not_picked":["Astrolabe","Lizard Tail"],"picked":"Cursed Key"}],"items_purged_floors":[13,22],"is_endless":false,"potions_floor_spawned":[1,2,4,16,19,24,25,27],"killed_by":"Snecko","ascension_level":4}