{"gold_per_floor":[112,112,37,50,50,50,63,73,73,73,108,108,122,122,122,198,198,215,215,227,152,221,221,121,148,148,165,212,112,112,125,125,199,199,211,211,211,91,91,91,101,201,225,245,245,280,290,290,290,290,290,290,290,66,92,92],"floor_reached":57,"playtime":1893,"items_purged":["Pain","Strike_G","Strike_G","Flying Knee","Slice"],"score":3342,"play_id":"0b685253-ee58-4b91-af07-4eff3e81e344","local_time":"20190923220712","is_ascension_mode":true,"campfire_choices":[{"data":"Neutralize","floor":6.0,"key":"SMITH"},{"data":"Finisher","floor":10.0,"key":"SMITH"},{"data":"Tactician","floor":12.0,"key":"SMITH"},{"floor":15.0,"key":"REST"},{"data":"Grand Finale","floor":23.0,"key":"SMITH"},{"data":"Acrobatics","floor":30.0,"key":"SMITH"},{"data":"Calculated Gamble","floor":32.0,"key":"SMITH"},{"data":"Backflip","floor":40,"key":"SMITH"},{"data":"Concentrate","floor":45,"key":"SMITH"},{"floor":49,"key":"RECALL"},{"data":"Survivor","floor":53,"key":"SMITH"}],"neow_cost":"NONE","seed_source_timestamp":106407292441408,"circlet_count":0,"master_deck":["AscendersBane","Survivor+1","Neutralize+1","Backflip+1","Finisher+1","Tactician+1","Grand Finale+1","Acrobatics+1","Calculated Gamble+1","Concentrate+1","Venomology","Quick Slash","Purity"],"special_seed":0,"relics":["Runic Pyramid","CloakClasp","StoneCalendar","Coffee Dripper","WarpedTongs","The Courier","Ornamental Fan","Orichalcum","Pandora\u0027s Box","Mango","Juzu Bracelet","Tough Bandages","Letter Opener","Centennial Puzzle"],"potions_floor_usage":[41,42,44,56,56,56],"damage_taken":[{"damage":0.0,"enemies":"Jaw Worm","floor":1.0,"turns":5.0},{"damage":3.0,"enemies":"2 Louse","floor":4.0,"turns":3.0},{"damage":3.0,"enemies":"Small Slimes","floor":7.0,"turns":5.0},{"damage":28.0,"enemies":"Exordium Wildlife","floor":8.0,"turns":8.0},{"damage":1.0,"enemies":"3 Sentries","floor":11.0,"turns":15.0},{"damage":0.0,"enemies":"Lots of Slimes","floor":13.0,"turns":6.0},{"damage":11.0,"enemies":"Slime Boss","floor":16.0,"turns":11.0},{"damage":0.0,"enemies":"Spheric Guardian","floor":18.0,"turns":4.0},{"damage":6.0,"enemies":"3 Byrds","floor":20.0,"turns":4.0},{"damage":0.0,"enemies":"Book of Stabbing","floor":25.0,"turns":4.0},{"damage":8.0,"enemies":"Snake Plant","floor":27.0,"turns":3.0},{"damage":0.0,"enemies":"Snecko","floor":31.0,"turns":3.0},{"damage":0.0,"enemies":"Collector","floor":33.0,"turns":7.0},{"damage":0.0,"enemies":"3 Shapes","floor":35.0,"turns":4.0},{"damage":0,"enemies":"Orb Walker","floor":41,"turns":2},{"damage":0,"enemies":"Mind Bloom Boss Battle","floor":42,"turns":3},{"damage":0,"enemies":"Writhing Mass","floor":44,"turns":1},{"damage":0,"enemies":"Giant Head","floor":46,"turns":2},{"damage":0,"enemies":"Maw","floor":47,"turns":2},{"damage":0,"enemies":"Awakened One","floor":50,"turns":3},{"damage":0,"enemies":"Donu and Deca","floor":51,"turns":2},{"damage":0,"enemies":"Shield and Spear","floor":55,"turns":2},{"damage":20,"enemies":"The Heart","floor":56,"turns":5}],"seed_played":"-142652113079161478","potions_obtained":[{"floor":7.0,"key":"Fruit Juice"},{"floor":11.0,"key":"Swift Potion"},{"floor":13.0,"key":"Weak Potion"},{"floor":16.0,"key":"GamblersBrew"},{"floor":27.0,"key":"SkillPotion"},{"floor":33.0,"key":"Dexterity Potion"}],"is_trial":false,"path_per_floor":["M","?","?","M","$","R","M","M","T","R","E","R","M","?","R","B",null,"M","?","M","$","T","R","$","E","T","M","T","$","R","M","R","B",null,"M","?","?","$","?","R","M","?","T","M","R","E","M","T","R","B","B",null,"R","$","E","B",null],"character_chosen":"THE_SILENT","items_purchased":["Purity"],"campfire_rested":1,"item_purchase_floors":[54],"current_hp_per_floor":[59,59,59,56,56,56,53,30,30,30,29,29,29,22,43,32,61,61,61,55,55,55,55,55,55,55,47,47,47,47,47,47,47,65,65,65,65,65,77,77,77,91,91,91,91,91,91,91,91,91,91,91,91,91,91,71],"gold":92,"neow_bonus":"BOSS_RELIC","is_prod":false,"is_daily":false,"chose_seed":false,"campfire_upgraded":9,"win_rate":0,"timestamp":1569247632,"path_taken":["M","?","?","M","$","R","M","M","T","R","E","R","M","?","R","BOSS","M","?","?","$","?","R","?","E","T","?","?","$","R","M","R","BOSS","M","?","?","$","?","R","?","?","T","M","R","E","M","?","R","BOSS","BOSS","R","$","E","BOSS"],"build_version":"2019-09-20","purchased_purges":5,"victory":true,"max_hp_per_floor":[66,66,66,66,66,66,66,71,71,71,71,71,71,71,71,71,71,71,71,71,71,71,71,71,71,71,71,71,71,71,71,71,71,71,71,71,67,67,77,77,77,91,91,91,91,91,91,91,91,91,91,91,91,91,91,91],"card_choices":[{"not_picked":["Sucker Punch","Slice"],"picked":"Backflip","floor":1.0},{"not_picked":["Outmaneuver","Reflex","Blade Dance"],"picked":"SKIP","floor":4.0},{"not_picked":["Caltrops","Blade Dance","Backflip"],"picked":"SKIP","floor":7.0},{"not_picked":["Bouncing Flask","Deadly Poison"],"picked":"Finisher","floor":8.0},{"not_picked":["Setup","Bane"],"picked":"Tactician","floor":11.0},{"not_picked":["Quick Slash","All Out Attack","Dagger Throw"],"picked":"SKIP","floor":13.0},{"not_picked":["Adrenaline","Burst"],"picked":"Grand Finale","floor":16.0},{"not_picked":["Quick Slash","Dagger Throw","Cloak And Dagger"],"picked":"SKIP","floor":18.0},{"not_picked":["Blade Dance","Dagger Throw","Deadly Poison"],"picked":"SKIP","floor":20.0},{"not_picked":["Dagger Throw","Dagger Spray"],"picked":"Acrobatics","floor":25.0},{"not_picked":["Deflect","Infinite Blades","Flying Knee"],"picked":"SKIP","floor":27.0},{"not_picked":["Bane","Night Terror"],"picked":"Calculated Gamble","floor":31.0},{"not_picked":["Eviscerate+1","Blade Dance+1","Masterful Stab"],"picked":"SKIP","floor":35.0},{"not_picked":["Dash+1","Finisher","Flying Knee"],"picked":"SKIP","floor":41},{"not_picked":["Dagger Spray+1","Bane+1","Quick Slash"],"picked":"SKIP","floor":44},{"not_picked":["Accuracy","Distraction","Well Laid Plans"],"picked":"SKIP","floor":46},{"not_picked":["Bane","Crippling Poison","Slice+1"],"picked":"SKIP","floor":47},{"not_picked":["Cloak And Dagger","Deadly Poison","Quick Slash"],"picked":"SKIP","floor":55}],"player_experience":955859,"relics_obtained":[{"floor":9.0,"key":"CloakClasp"},{"floor":11.0,"key":"StoneCalendar"},{"floor":25.0,"key":"The Courier"},{"floor":26.0,"key":"Ornamental Fan"},{"floor":28.0,"key":"Orichalcum"},{"floor":42,"key":"Mango"},{"floor":43,"key":"Juzu Bracelet"},{"floor":46,"key":"Tough Bandages"},{"floor":48,"key":"Letter Opener"},{"floor":55,"key":"Centennial Puzzle"}],"event_choices":[{"damage_healed":0.0,"max_hp_gain":0.0,"max_hp_loss":0.0,"gold_gain":0.0,"event_name":"Liars Game","player_choice":"Ignored","floor":2.0,"gold_loss":0.0,"damage_taken":0.0},{"cards_removed":["Strike_G"],"damage_healed":0.0,"max_hp_gain":0.0,"max_hp_loss":0.0,"gold_gain":0.0,"event_name":"The Cleric","player_choice":"Card Removal","floor":3.0,"gold_loss":75.0,"damage_taken":0.0},{"cards_removed":["Strike_G"],"damage_healed":0.0,"max_hp_gain":0.0,"max_hp_loss":0.0,"gold_gain":0.0,"event_name":"Golden Wing","player_choice":"Card Removal","floor":14.0,"gold_loss":0.0,"damage_taken":7.0},{"damage_healed":0.0,"max_hp_gain":0.0,"max_hp_loss":0.0,"gold_gain":0.0,"event_name":"Accursed Blacksmith","player_choice":"Rummage","floor":19.0,"gold_loss":0.0,"damage_taken":0.0,"relics_obtained":["WarpedTongs"],"cards_obtained":["Pain"]},{"damage_healed":0,"gold_gain":0,"player_choice":"Memory 1","damage_taken":0,"max_hp_gain":0,"max_hp_loss":0,"event_name":"SensoryStone","floor":36,"gold_loss":0},{"damage_healed":0,"gold_gain":0,"player_choice":"Max HP","damage_taken":0,"max_hp_gain":0,"max_hp_loss":4,"event_name":"Winding Halls","floor":37,"gold_loss":0},{"cards_removed":["Grand Finale"],"damage_healed":2,"gold_gain":0,"player_choice":"Offered Rare","damage_taken":0,"max_hp_gain":10,"max_hp_loss":0,"event_name":"Bonfire Elementals","floor":39,"gold_loss":0},{"damage_healed":0,"gold_gain":0,"player_choice":"Fight","damage_taken":0,"max_hp_gain":0,"max_hp_loss":0,"event_name":"MindBloom","floor":42,"gold_loss":0}],"is_beta":true,"boss_relics":[{"not_picked":["Philosopher\u0027s Stone","SacredBark"],"picked":"Coffee Dripper"},{"not_picked":["Black Star","Sozu"],"picked":"Pandora\u0027s Box"}],"items_purged_floors":[21,24,29,38,54],"is_endless":false,"potions_floor_spawned":[7,11,13,16,18,27,33,41,46],"ascension_level":20}