{"gold_per_floor":[113,113,123,69,84,84,116,116,142,161,180,180,90,102,102,200,250,266,280,206,206,220,220,231,231,231,55,55,55,55,73,73,73],"floor_reached":33,"playtime":19137,"items_purged":["Defend_G","Strike_G","Strike_G"],"score":247,"play_id":"9d811162-1470-4f2c-bb18-27a65fbf8a4d","local_time":"20191001004856","is_ascension_mode":false,"campfire_choices":[{"data":"Backstab","floor":6,"key":"SMITH"},{"data":"Deadly Poison","floor":8,"key":"SMITH"},{"floor":15,"key":"REST"},{"floor":23,"key":"REST"},{"data":"Bouncing Flask","floor":25,"key":"SMITH"},{"floor":29,"key":"REST"},{"data":"Poisoned Stab","floor":32,"key":"SMITH"}],"neow_cost":"NONE","seed_source_timestamp":336640473247100,"circlet_count":0,"master_deck":["Strike_G+1","Strike_G","Defend_G","Defend_G","Defend_G","Defend_G","Survivor","Neutralize","Backstab+1","Deadly Poison","Deadly Poison+1","Prepared","Prepared","Bouncing Flask+1","Reflex","Poisoned Stab+1","Wraith Form v2","Distraction+1","Deadly Poison","Poisoned Stab","Backstab+1","Poisoned Stab+1"],"relics":["Ring of the Snake","CultistMask","Smiling Mask","Dream Catcher","Tiny House","Enchiridion","Tingsha","Tiny Chest","Du-Vu Doll"],"potions_floor_usage":[16,22,31,31],"damage_taken":[{"damage":0,"enemies":"Jaw Worm","floor":1,"turns":5},{"damage":1,"enemies":"Cultist","floor":3,"turns":4},{"damage":0,"enemies":"Small Slimes","floor":5,"turns":2},{"damage":14,"enemies":"3 Sentries","floor":7,"turns":10},{"damage":0,"enemies":"Looter","floor":10,"turns":3},{"damage":9,"enemies":"Large Slime","floor":11,"turns":7},{"damage":10,"enemies":"Lots of Slimes","floor":14,"turns":3},{"damage":37,"enemies":"The Guardian","floor":16,"turns":7},{"damage":19,"enemies":"2 Thieves","floor":18,"turns":4},{"damage":15,"enemies":"Chosen","floor":19,"turns":5},{"damage":12,"enemies":"Snecko","floor":22,"turns":5},{"damage":20,"enemies":"Snake Plant","floor":24,"turns":3},{"damage":0,"enemies":"3 Cultists","floor":31,"turns":2},{"damage":49,"enemies":"Automaton","floor":33,"turns":6}],"seed_played":"565737020895269150","potions_obtained":[{"floor":3,"key":"AttackPotion"},{"floor":11,"key":"Explosive Potion"},{"floor":17,"key":"GamblersBrew"},{"floor":18,"key":"Regen Potion"},{"floor":22,"key":"Explosive Potion"},{"floor":24,"key":"Swift Potion"}],"is_trial":false,"path_per_floor":["M","?","M","$","M","R","E","R","T","M","M","?","$","M","R","B",null,"M","M","$","?","M","R","M","R","T","$","?","R","$","M","R","B"],"character_chosen":"THE_SILENT","items_purchased":["Deadly Poison","Bouncing Flask","Deadly Poison","Tiny Chest"],"campfire_rested":3,"item_purchase_floors":[4,13,20,27],"current_hp_per_floor":[70,70,69,69,69,69,55,55,55,55,46,46,46,36,57,20,75,56,41,41,25,25,47,27,27,27,27,27,49,49,49,49,0],"gold":73,"neow_bonus":"REMOVE_CARD","is_prod":false,"is_daily":false,"chose_seed":false,"campfire_upgraded":4,"win_rate":0,"timestamp":1569883736,"path_taken":["M","?","?","$","M","R","E","R","T","M","?","?","$","M","R","BOSS","M","M","$","?","M","R","M","R","T","$","?","R","$","M","R","BOSS"],"build_version":"2019-07-17","purchased_purges":3,"victory":false,"max_hp_per_floor":[70,70,70,70,70,70,70,70,70,70,70,70,70,70,70,70,75,75,75,75,75,75,75,75,75,75,75,75,75,75,75,75,75],"card_choices":[{"not_picked":["Prepared","Reflex","Skewer"],"picked":"SKIP","floor":1},{"not_picked":["Dagger Spray","Leg Sweep"],"picked":"Backstab","floor":3},{"not_picked":["Dash","Flying Knee"],"picked":"Deadly Poison","floor":5},{"not_picked":["Cloak And Dagger","Blade Dance"],"picked":"Prepared","floor":7},{"not_picked":["Flying Knee","Distraction","Deadly Poison"],"picked":"SKIP","floor":10},{"not_picked":["Slice","Dodge and Roll"],"picked":"Prepared","floor":11},{"not_picked":["Choke","Quick Slash"],"picked":"Reflex","floor":14},{"not_picked":["Calculated Gamble","Deadly Poison"],"picked":"Poisoned Stab","floor":15},{"not_picked":["Phantasmal Killer","Storm of Steel"],"picked":"Wraith Form v2","floor":16},{"not_picked":["Expertise","Sucker Punch"],"picked":"Distraction+1","floor":18},{"not_picked":["Blade Dance","Dagger Spray","Flying Knee"],"picked":"SKIP","floor":19},{"not_picked":["Backflip","Sucker Punch"],"picked":"Poisoned Stab","floor":22},{"not_picked":["All Out Attack+1","Caltrops"],"picked":"Backstab+1","floor":23},{"not_picked":["Caltrops+1","Skewer","PiercingWail+1"],"picked":"SKIP","floor":24},{"not_picked":["Dagger Throw","Deflect"],"picked":"Poisoned Stab+1","floor":29},{"not_picked":["Blade Dance","Deadly Poison","Eviscerate"],"picked":"SKIP","floor":31}],"player_experience":98951,"relics_obtained":[{"floor":7,"key":"Smiling Mask"},{"floor":9,"key":"Dream Catcher"},{"floor":21,"key":"Enchiridion"},{"floor":26,"key":"Tingsha"}],"event_choices":[{"damage_healed":0,"gold_gain":0,"player_choice":"Trade","damage_taken":0,"relics_obtained":["CultistMask"],"max_hp_gain":0,"max_hp_loss":0,"event_name":"FaceTrader","floor":2,"gold_loss":0},{"damage_healed":0,"gold_gain":0,"player_choice":"Leave","damage_taken":0,"max_hp_gain":0,"max_hp_loss":0,"event_name":"The Cleric","floor":12,"gold_loss":0},{"damage_healed":0,"gold_gain":0,"player_choice":"Obtained Book","damage_taken":16,"max_hp_gain":0,"max_hp_loss":0,"event_name":"Cursed Tome","floor":21,"gold_loss":0},{"damage_healed":0,"gold_gain":0,"player_choice":"Opened","damage_taken":0,"relics_obtained":["Du-Vu Doll"],"max_hp_gain":0,"max_hp_loss":0,"event_name":"The Mausoleum","floor":28,"gold_loss":0}],"is_beta":false,"boss_relics":[{"not_picked":["Busted Crown","Runic Dome"],"picked":"Tiny House"}],"items_purged_floors":[13,20,27],"is_endless":false,"potions_floor_spawned":[3,11,18,22,24],"killed_by":"Automaton","ascension_level":0}