{"gold_per_floor":[118,118,32,32,89,89,100,100,100,53,53,63,77,90,90,192,192,204,123,142,176,176],"floor_reached":22,"playtime":1048,"items_purged":[],"score":174,"play_id":"74b39d25-3f93-4c44-8e2f-867cb31cb36e","local_time":"20191002163248","is_ascension_mode":false,"campfire_choices":[{"data":"Zap","floor":6,"key":"SMITH"},{"floor":8,"key":"REST"},{"data":"Hologram","floor":11,"key":"SMITH"},{"data":"Streamline","floor":15,"key":"SMITH"}],"neow_cost":"NONE","seed_source_timestamp":497869879775900,"circlet_count":0,"master_deck":["Strike_B","Strike_B+1","Strike_B","Strike_B","Defend_B","Defend_B","Defend_B+1","Defend_B","Zap+1","Dualcast","Streamline+1","Gash","Scrape","Hologram+1","Gash","Go for the Eyes","White Noise","Madness"],"relics":["Cracked Core","Blood Vial","Kunai","Black Star","Red Mask"],"potions_floor_usage":[16],"damage_taken":[{"damage":0,"enemies":"2 Louse","floor":1,"turns":2},{"damage":11,"enemies":"Jaw Worm","floor":7,"turns":2},{"damage":0,"enemies":"Cultist","floor":12,"turns":3},{"damage":5,"enemies":"Looter","floor":13,"turns":2},{"damage":0,"enemies":"2 Fungi Beasts","floor":14,"turns":2},{"damage":6,"enemies":"Slime Boss","floor":16,"turns":7},{"damage":4,"enemies":"Spheric Guardian","floor":18,"turns":3},{"damage":5,"enemies":"Chosen","floor":20,"turns":5},{"damage":54,"enemies":"Masked Bandits","floor":21,"turns":5},{"damage":20,"enemies":"Centurion and Healer","floor":22,"turns":3}],"seed_played":"5127851278158351163","potions_obtained":[{"floor":1,"key":"Dexterity Potion"},{"floor":12,"key":"Poison Potion"},{"floor":18,"key":"FearPotion"},{"floor":21,"key":"Ancient Potion"}],"is_trial":false,"path_per_floor":["M","?","$","?","?","R","M","R","T","$","R","M","M","M","R","B",null,"M","$","M","?","M"],"character_chosen":"DEFECT","items_purchased":["Gash","Scrape","Hologram","Madness"],"campfire_rested":1,"item_purchase_floors":[3,3,10,19],"current_hp_per_floor":[75,60,60,53,53,53,44,66,66,66,66,68,65,67,67,63,75,71,71,68,16,0],"gold":176,"neow_bonus":"THREE_CARDS","is_prod":false,"is_daily":false,"chose_seed":false,"campfire_upgraded":3,"win_rate":0.0,"timestamp":1570026768,"path_taken":["M","?","$","?","?","R","M","R","T","?","R","M","?","M","R","BOSS","M","$","M","?","M"],"build_version":"2019-07-17","purchased_purges":0,"victory":false,"max_hp_per_floor":[75,75,75,75,75,75,75,75,75,75,75,75,75,75,75,75,75,75,75,75,75,75],"card_choices":[{"not_picked":["Coolheaded","Steam"],"picked":"Streamline","floor":0},{"not_picked":["Force Field","Stack","Compile Driver"],"picked":"SKIP","floor":1},{"not_picked":["Hello World","Chaos","Steam"],"picked":"SKIP","floor":7},{"not_picked":["Barrage","Go for the Eyes"],"picked":"Gash","floor":12},{"not_picked":["Gash","Electrodynamics"],"picked":"Go for the Eyes","floor":13},{"not_picked":["Fusion","Double Energy","Capacitor"],"picked":"SKIP","floor":14},{"not_picked":["Force Field","Sweeping Beam+1"],"picked":"White Noise","floor":18},{"not_picked":["Rip and Tear","Defragment","Ball Lightning+1"],"picked":"SKIP","floor":20}],"player_experience":139389,"relics_obtained":[{"floor":9,"key":"Kunai"},{"floor":21,"key":"Red Mask"}],"event_choices":[{"damage_healed":0,"gold_gain":0,"player_choice":"Entered Light","damage_taken":15,"max_hp_gain":0,"max_hp_loss":0,"event_name":"Shining Light","floor":2,"gold_loss":0,"cards_upgraded":["Defend_B","Strike_B"]},{"damage_healed":0,"gold_gain":0,"player_choice":"Success","damage_taken":7,"relics_obtained":["Blood Vial"],"max_hp_gain":0,"max_hp_loss":0,"event_name":"Scrap Ooze","floor":4,"gold_loss":0},{"damage_healed":0,"gold_gain":57,"player_choice":"Gained Gold","damage_taken":0,"max_hp_gain":0,"max_hp_loss":0,"event_name":"Golden Wing","floor":5,"gold_loss":0},{"damage_healed":0,"gold_gain":0,"player_choice":"Fought Bandits","damage_taken":0,"max_hp_gain":0,"max_hp_loss":0,"event_name":"Masked Bandits","floor":21,"gold_loss":0}],"is_beta":false,"boss_relics":[{"not_picked":["Cursed Key","Runic Pyramid"],"picked":"Black Star"}],"items_purged_floors":[],"is_endless":false,"potions_floor_spawned":[1,12,18,21],"killed_by":"Centurion and Healer","ascension_level":0}