{"gold_per_floor":[117,117,117,127,127,154,154,169,195,211,211,237,237,253,253,348,348,360,144,144],"floor_reached":20,"playtime":883,"items_purged":[],"score":308,"play_id":"b644af6d-69ac-4d90-8f46-59ab44d75210","local_time":"20191017125639","is_ascension_mode":true,"campfire_choices":[{"data":"Dualcast","floor":7,"key":"SMITH"},{"floor":11,"key":"RECALL"},{"floor":15,"key":"REST"}],"neow_cost":"NONE","seed_source_timestamp":536851863930100,"circlet_count":0,"master_deck":["Strike_B","Strike_B","Strike_B","Strike_B","Defend_B","Defend_B","Defend_B","Defend_B","Zap","Dualcast+1","Blizzard+1","Leap","Loop","White Noise","Barrage","Seek","Creative AI","Auto Shields","BootSequence"],"relics":["Cracked Core","NeowsBlessing","Bag of Marbles","Regal Pillow","PreservedInsect","Black Star","Bag of Preparation"],"potions_floor_usage":[14,16,16],"damage_taken":[{"damage":0,"enemies":"2 Louse","floor":1,"turns":1},{"damage":0,"enemies":"Small Slimes","floor":4,"turns":1},{"damage":0,"enemies":"Gremlin Nob","floor":6,"turns":1},{"damage":3,"enemies":"Jaw Worm","floor":8,"turns":3},{"damage":8,"enemies":"Looter","floor":10,"turns":3},{"damage":21,"enemies":"Lagavulin","floor":12,"turns":5},{"damage":18,"enemies":"Lots of Slimes","floor":14,"turns":3},{"damage":0,"enemies":"Slime Boss","floor":16,"turns":8},{"damage":36,"enemies":"Chosen","floor":18,"turns":6},{"damage":49,"enemies":"3 Byrds","floor":20,"turns":4}],"seed_played":"-3052364277618560612","potions_obtained":[{"floor":6,"key":"Fire Potion"},{"floor":8,"key":"Swift Potion"},{"floor":12,"key":"Swift Potion"},{"floor":16,"key":"PowerPotion"}],"is_trial":false,"path_per_floor":["M","?","?","M","?","E","R","M","T","M","R","E","$","M","R","B",null,"M","$","M"],"character_chosen":"DEFECT","items_purchased":["BootSequence","Bag of Preparation"],"campfire_rested":1,"item_purchase_floors":[19,19],"current_hp_per_floor":[75,75,75,75,75,75,75,72,72,64,64,43,43,25,62,62,75,39,39,0],"gold":144,"neow_bonus":"THREE_ENEMY_KILL","is_prod":false,"is_daily":false,"chose_seed":false,"campfire_upgraded":1,"win_rate":0,"timestamp":1571309799,"path_taken":["M","?","?","M","?","E","R","M","T","M","R","E","?","M","R","BOSS","M","?","M"],"build_version":"2019-07-17","purchased_purges":0,"victory":false,"max_hp_per_floor":[75,75,75,75,75,75,75,75,75,75,75,75,75,75,75,75,75,75,75,75],"card_choices":[{"not_picked":["Redo","Melter"],"picked":"Blizzard","floor":1},{"not_picked":["Beam Cell","Fusion","Skim"],"picked":"SKIP","floor":4},{"not_picked":["Conserve Battery","Genetic Algorithm"],"picked":"Leap","floor":6},{"not_picked":["Rebound","Streamline"],"picked":"Loop","floor":8},{"not_picked":["Rebound","Storm"],"picked":"White Noise","floor":10},{"not_picked":["Ball Lightning","Genetic Algorithm"],"picked":"Barrage","floor":12},{"not_picked":["Auto Shields","Turbo"],"picked":"Seek","floor":14},{"not_picked":["All For One","Machine Learning"],"picked":"Creative AI","floor":16},{"not_picked":["FTL","Skim"],"picked":"Auto Shields","floor":18}],"player_experience":376066,"relics_obtained":[{"floor":6,"key":"Bag of Marbles"},{"floor":9,"key":"Regal Pillow"},{"floor":12,"key":"PreservedInsect"}],"event_choices":[{"damage_healed":0,"gold_gain":0,"player_choice":"Ignored","damage_taken":0,"max_hp_gain":0,"max_hp_loss":0,"event_name":"Golden Wing","floor":2,"gold_loss":0},{"damage_healed":0,"gold_gain":0,"player_choice":"Leave","damage_taken":0,"max_hp_gain":0,"max_hp_loss":0,"event_name":"The Cleric","floor":3,"gold_loss":0},{"damage_healed":0,"gold_gain":0,"player_choice":"Grow","damage_taken":0,"max_hp_gain":0,"max_hp_loss":0,"event_name":"Living Wall","floor":5,"gold_loss":0,"cards_upgraded":["Blizzard"]}],"is_beta":false,"boss_relics":[{"not_picked":["Fusion Hammer","Philosopher\u0027s Stone"],"picked":"Black Star"}],"items_purged_floors":[],"is_endless":false,"potions_floor_spawned":[6,8,12,16],"killed_by":"3 Byrds","ascension_level":4}