{"path_per_floor":["M","?","$","M","?","E","R","M","T","E","?","R","M","M","R","B",null,"M","$","M","M","M"],"character_chosen":"THE_SILENT","items_purchased":["Jack Of All Trades"],"gold_per_floor":[99,99,8,8,8,8,8,8,8,8,8,8,8,0,0,0,0,0,0,0,0,0],"floor_reached":23,"campfire_rested":2,"playtime":1143,"current_hp_per_floor":[70,70,70,70,70,45,45,45,45,40,26,47,32,32,53,53,70,28,28,11,4,4],"items_purged":[],"gold":0,"score":304,"play_id":"c6338276-af56-4960-a488-d1687192c204","is_prod":false,"is_daily":false,"is_ascension_mode":true,"campfire_upgraded":1,"path_taken":["M","?","$","M","?","E","R","M","T","E","?","R","M","M","R","BOSS","M","?","?","?","M","E"],"build_version":"2018-02-08-PROD1","purchased_purges":0,"victory":false,"master_deck":["Defend_G","Defend_G","Defend_G","Defend_G","Defend_G","Strike_G+1","Strike_G","Strike_G","Strike_G","Survivor","Neutralize+1","Acrobatics","Jack Of All Trades+1","Swift Strike","Envenom","Bouncing Flask","Noxious Fumes+1","Backflip","Envenom+1","PiercingWail+1","Footwork+1","Noxious Fumes+1"],"max_hp_per_floor":[70,70,70,70,70,70,70,70,70,70,70,70,70,70,70,70,70,70,70,70,70,70],"relics":["Ectoplasm","Bottled Lightning","Frozen Egg 2","Anchor","Black Star"],"card_choices":[{"not_picked":["Prepared","Riddle With Holes"],"picked":"Acrobatics"},{"not_picked":["Dagger Spray","Prepared"],"picked":"Envenom"},{"not_picked":["Expertise","Underhanded Strike"],"picked":"Bouncing Flask"},{"not_picked":["Skewer","Dagger Throw"],"picked":"Noxious Fumes"},{"not_picked":["Slice","Acrobatics"],"picked":"Backflip"},{"not_picked":["A Thousand Cuts","Phantasmal Killer"],"picked":"Envenom"},{"not_picked":["Underhanded Strike","Quick Slash"],"picked":"PiercingWail"},{"not_picked":["Underhanded Strike","Phantasmal Killer"],"picked":"Footwork"},{"not_picked":["Quick Slash","Dash"],"picked":"Noxious Fumes"}],"player_experience":139437,"potions_floor_usage":[8,10,10],"damage_taken":[{"damage":0,"enemies":"Jaw Worm","floor":1,"turns":4},{"damage":0,"enemies":"2 Louse","floor":4,"turns":3},{"damage":25,"enemies":"3 Sentries","floor":6,"turns":13},{"damage":0,"enemies":"Blue Slaver","floor":8,"turns":3},{"damage":5,"enemies":"Gremlin Nob","floor":10,"turns":4},{"damage":15,"enemies":"2 Fungi Beasts","floor":13,"turns":4},{"damage":0,"enemies":"Looter","floor":14,"turns":3},{"damage":0,"enemies":"The Guardian","floor":16,"turns":8},{"damage":42,"enemies":"3 Byrds","floor":18,"turns":5},{"damage":17,"enemies":"Spheric Guardian","floor":20,"turns":6},{"damage":7,"enemies":"3 Cultists","floor":21,"turns":5},{"damage":0,"enemies":"Snake Plant","floor":22,"turns":4},{"damage":5,"enemies":"Slavers","floor":23,"turns":2}],"event_choices":[{"event_name":"Living Wall","player_choice":"Forget","floor":2,"damage_taken":0},{"event_name":"Match and Keep!","player_choice":"1 cards matched","floor":5,"damage_taken":0},{"event_name":"Shining Light","player_choice":"Entered Light","floor":11,"damage_taken":0}],"boss_relics":[{"not_picked":["White Beast Statue","Philosopher\u0027s Stone"],"picked":"Black Star"}],"potions_floor_spawned":[4,6,8,22],"seed_played":"-9053555274962375990","killed_by":"Slavers","ascension_level":4,"is_trial":false}