{"gold_per_floor":[112,62,81,81,95,95,123,123,123,157,157,168,499,499,499,600,600,618,618,628,643,654,654,667,667,667,683,456,456,209,226,226,329,329,348,368,243,253,269,298,398,248,248,248,73,84,84,99,99,99],"floor_reached":51,"playtime":2092,"items_purged":["Strike_R","Strike_R","Strike_R","Defend_R","Defend_R"],"score":724,"play_id":"635fc036-40b8-4279-a37a-1ee958d9050b","local_time":"20191020122836","is_ascension_mode":false,"campfire_choices":[{"data":"Inflame","floor":6.0,"key":"SMITH"},{"data":"Limit Break","floor":8.0,"key":"SMITH"},{"data":"Heavy Blade","floor":11.0,"key":"SMITH"},{"data":"Defend_R","floor":15.0,"key":"SMITH"},{"floor":23.0,"key":"REST"},{"floor":25.0,"key":"REST"},{"floor":29.0,"key":"REST"},{"floor":32.0,"key":"REST"},{"floor":47,"key":"REST"},{"floor":49,"key":"REST"}],"neow_cost":"NONE","seed_source_timestamp":295785740393200,"circlet_count":0,"master_deck":["Defend_R+1","Defend_R","Bash","Limit Break+1","Inflame+1","Heavy Blade+1","Spot Weakness+1","Limit Break+1"],"special_seed":0,"relics":["Burning Blood","Toxic Egg 2","Bottled Flame","Strawberry","Old Coin","Fusion Hammer","Letter Opener","Shuriken","Lantern","Vajra","Sozu","Potion Belt","Turnip","Singing Bowl"],"potions_floor_usage":[48],"damage_taken":[{"damage":0.0,"enemies":"Small Slimes","floor":1.0,"turns":4.0},{"damage":11.0,"enemies":"Jaw Worm","floor":3.0,"turns":5.0},{"damage":0.0,"enemies":"Cultist","floor":5.0,"turns":4.0},{"damage":25.0,"enemies":"Gremlin Nob","floor":7.0,"turns":4.0},{"damage":14.0,"enemies":"Lagavulin","floor":10.0,"turns":7.0},{"damage":10.0,"enemies":"Looter","floor":12.0,"turns":2.0},{"damage":25.0,"enemies":"Gremlin Nob","floor":13.0,"turns":4.0},{"damage":23.0,"enemies":"The Guardian","floor":16.0,"turns":7.0},{"damage":20.0,"enemies":"3 Byrds","floor":18.0,"turns":5.0},{"damage":0.0,"enemies":"Spheric Guardian","floor":20.0,"turns":3.0},{"damage":10.0,"enemies":"Cultist and Chosen","floor":21.0,"turns":4.0},{"damage":18.0,"enemies":"Centurion and Healer","floor":22.0,"turns":6.0},{"damage":25.0,"enemies":"Snecko","floor":24.0,"turns":4.0},{"damage":5.0,"enemies":"3 Cultists","floor":27.0,"turns":4.0},{"damage":8.0,"enemies":"Centurion and Healer","floor":31.0,"turns":2.0},{"damage":29.0,"enemies":"Champ","floor":33.0,"turns":4.0},{"damage":0.0,"enemies":"3 Shapes","floor":35.0,"turns":4.0},{"damage":20.0,"enemies":"3 Darklings","floor":36.0,"turns":4.0},{"damage":29.0,"enemies":"4 Shapes","floor":38.0,"turns":8.0},{"damage":23.0,"enemies":"Jaw Worm Horde","floor":39.0,"turns":4.0},{"damage":13.0,"enemies":"Nemesis","floor":40.0,"turns":3.0},{"damage":5.0,"enemies":"Mind Bloom Boss Battle","floor":41.0,"turns":3.0},{"damage":10.0,"enemies":"Writhing Mass","floor":46.0,"turns":3.0},{"damage":11,"enemies":"4 Shapes","floor":48,"turns":6},{"damage":77,"enemies":"Awakened One","floor":50,"turns":4}],"seed_played":"8990765708116868817","potions_obtained":[{"floor":1.0,"key":"Fruit Juice"},{"floor":4.0,"key":"Dexterity Potion"},{"floor":4.0,"key":"Swift Potion"},{"floor":4.0,"key":"Energy Potion"},{"floor":7.0,"key":"Block Potion"},{"floor":27.0,"key":"Explosive Potion"},{"floor":33.0,"key":"AttackPotion"}],"is_trial":false,"path_per_floor":["M","?","M","?","M","R","E","R","T","E","R","M","E","?","R","B",null,"M","T","M","M","M","R","M","R","T","M","$","R","$","M","R","B",null,"M","M","$","M","M","E","?","$","T","?","$","M","R","M","R","B",null],"character_chosen":"IRONCLAD","items_purchased":["Lantern","Vajra"],"campfire_rested":6,"item_purchase_floors":[28,30],"current_hp_per_floor":[80,80,80,80,85,85,66,66,66,65,65,61,42,42,42,25,92,78,78,84,80,68,92,73,92,92,92,92,92,92,90,92,69,92,92,78,78,55,38,31,32,32,32,32,32,30,56,53,80,9],"gold":99,"neow_bonus":"ONE_RANDOM_RARE_CARD","is_prod":false,"is_daily":false,"chose_seed":false,"campfire_upgraded":4,"win_rate":0,"timestamp":1571588916,"path_taken":["M","?","M","?","?","R","E","R","T","E","R","M","E","?","R","BOSS","M","?","M","M","M","R","?","R","T","M","$","R","$","M","R","BOSS","M","M","$","M","M","E","?","$","T","?","$","M","R","M","R","BOSS"],"build_version":"2019-07-17","purchased_purges":5,"victory":true,"max_hp_per_floor":[80,80,85,85,85,85,85,85,85,92,92,92,92,92,92,92,92,92,92,92,92,92,92,92,92,92,92,92,92,92,92,92,92,92,92,92,92,92,92,92,92,92,92,87,87,89,89,91,91,91],"card_choices":[{"not_picked":["Wild Strike","Heavy Blade","Sword Boomerang"],"picked":"SKIP","floor":1.0},{"not_picked":["Combust","Headbutt","Sword Boomerang"],"picked":"SKIP","floor":3.0},{"not_picked":["Perfected Strike","Cleave"],"picked":"Inflame","floor":5.0},{"not_picked":["True Grit","Power Through"],"picked":"Heavy Blade","floor":7.0},{"not_picked":["Clash","Warcry+1","Immolate"],"picked":"SKIP","floor":10.0},{"not_picked":["True Grit+1","Clothesline","Sword Boomerang"],"picked":"SKIP","floor":12.0},{"not_picked":["Reckless Charge","Shrug It Off+1"],"picked":"Spot Weakness+1","floor":13.0},{"not_picked":["Seeing Red+1","Sever Soul","Battle Trance+1"],"picked":"SKIP","floor":18.0},{"not_picked":["Flex+1","Ghostly Armor+1","Corruption"],"picked":"SKIP","floor":20.0},{"not_picked":["Twin Strike","Seeing Red+1","Sentinel+1"],"picked":"SKIP","floor":21.0},{"not_picked":["Wild Strike","Reckless Charge","True Grit+1"],"picked":"SKIP","floor":22.0},{"not_picked":["Sentinel+1","Perfected Strike","Battle Trance+1"],"picked":"SKIP","floor":24.0},{"not_picked":["Twin Strike+1","Pommel Strike"],"picked":"Limit Break+1","floor":27.0},{"not_picked":["Seeing Red+1","Spot Weakness+1","Headbutt+1"],"picked":"SKIP","floor":31.0},{"not_picked":["Burning Pact+1","Perfected Strike+1","Iron Wave+1"],"picked":"SKIP","floor":35.0},{"not_picked":["Sentinel+1","Spot Weakness+1","Perfected Strike+1"],"picked":"SKIP","floor":36.0},{"not_picked":["Inflame","Dropkick+1","Perfected Strike+1"],"picked":"SKIP","floor":38.0},{"not_picked":["Berserk","Wild Strike+1","Pommel Strike+1"],"picked":"SKIP","floor":39.0},{"not_picked":["Body Slam+1","Brutality","Seeing Red+1"],"picked":"SKIP","floor":40.0},{"not_picked":["Reckless Charge+1","Seeing Red+1","Warcry+1"],"picked":"Singing Bowl","floor":46},{"not_picked":["Thunderclap","Flex+1","Corruption+1"],"picked":"Singing Bowl","floor":48}],"player_experience":889005,"relics_obtained":[{"floor":7.0,"key":"Toxic Egg 2"},{"floor":9.0,"key":"Bottled Flame"},{"floor":10.0,"key":"Strawberry"},{"floor":13.0,"key":"Old Coin"},{"floor":19.0,"key":"Letter Opener"},{"floor":26.0,"key":"Shuriken"},{"floor":40.0,"key":"Potion Belt"},{"floor":41.0,"key":"Turnip"},{"floor":43.0,"key":"Singing Bowl"}],"event_choices":[{"cards_removed":["Strike_R"],"damage_healed":0.0,"max_hp_gain":0.0,"max_hp_loss":0.0,"gold_gain":0.0,"event_name":"The Cleric","player_choice":"Card Removal","floor":2.0,"gold_loss":50.0,"damage_taken":0.0},{"damage_healed":0.0,"max_hp_gain":0.0,"max_hp_loss":0.0,"gold_gain":0.0,"event_name":"Lab","player_choice":"Got Potions","floor":4.0,"gold_loss":0.0,"damage_taken":0.0},{"cards_removed":["Strike_R"],"damage_healed":0.0,"max_hp_gain":0.0,"max_hp_loss":0.0,"gold_gain":0.0,"event_name":"Bonfire Elementals","player_choice":"Offered Basic","floor":14.0,"gold_loss":0.0,"damage_taken":0.0},{"damage_healed":0.0,"max_hp_gain":0.0,"max_hp_loss":0.0,"gold_gain":0.0,"event_name":"MindBloom","player_choice":"Fight","floor":41.0,"gold_loss":0.0,"damage_taken":0.0},{"damage_healed":0.0,"max_hp_gain":0.0,"max_hp_loss":5.0,"gold_gain":0.0,"event_name":"Winding Halls","player_choice":"Max HP","floor":44.0,"gold_loss":0.0,"damage_taken":0.0}],"is_beta":false,"boss_relics":[{"not_picked":["Pandora\u0027s Box","White Beast Statue"],"picked":"Fusion Hammer"},{"not_picked":["Black Star","Mark of Pain"],"picked":"Sozu"}],"items_purged_floors":[28,30,37,42,45],"is_endless":false,"potions_floor_spawned":[1,7,27,33,38,39,40,46],"ascension_level":0}