{"gold_per_floor":[115,40,52,69,69,99,99,132,208,242,12,12,22,53,53,157,157,172,189,189],"floor_reached":20,"playtime":1228,"items_purged":["Normality"],"score":263,"play_id":"59fad5d2-64be-407e-8eed-9d9068deccfd","local_time":"20190212212420","is_ascension_mode":true,"campfire_choices":[{"floor":7,"key":"REST"},{"floor":15,"key":"REST"}],"neow_cost":"CURSE","seed_source_timestamp":2589044792601482,"circlet_count":0,"master_deck":["Defend_G","Defend_G","Defend_G","Defend_G","Defend_G","Strike_G","Strike_G","Strike_G","Strike_G","Strike_G","Survivor","Neutralize","Blade Dance","Dagger Throw","PiercingWail","Poisoned Stab","Deadly Poison","Night Terror","Accuracy","Calculated Gamble","Flying Knee","Adrenaline","Quick Slash","PiercingWail+1"],"relics":["Ring of the Snake","FossilizedHelix","Girya","Regal Pillow","Paper Crane","Ginger","PreservedInsect","Frozen Egg 2","Ancient Tea Set","WristBlade"],"potions_floor_usage":[6,16,20],"damage_taken":[{"damage":0,"enemies":"2 Louse","floor":1,"turns":4},{"damage":0,"enemies":"Cultist","floor":3,"turns":4},{"damage":0,"enemies":"Small Slimes","floor":4,"turns":4},{"damage":30,"enemies":"Lagavulin","floor":6,"turns":8},{"damage":33,"enemies":"Gremlin Nob","floor":8,"turns":5},{"damage":12,"enemies":"3 Sentries","floor":10,"turns":10},{"damage":0,"enemies":"Looter","floor":13,"turns":4},{"damage":8,"enemies":"Gremlin Nob","floor":14,"turns":4},{"damage":36,"enemies":"The Guardian","floor":16,"turns":10},{"damage":27,"enemies":"2 Thieves","floor":18,"turns":5},{"damage":19,"enemies":"Shell Parasite","floor":19,"turns":6},{"damage":26,"enemies":"Cultist and Chosen","floor":20,"turns":4}],"seed_played":"-2309441875545917908","potions_obtained":[{"floor":4,"key":"Strength Potion"},{"floor":13,"key":"EssenceOfSteel"},{"floor":14,"key":"Weak Potion"},{"floor":19,"key":"Dexterity Potion"}],"is_trial":false,"path_per_floor":["M","$","M","M","?","E","R","E","T","E","$","?","M","E","R","B",null,"M","M","M"],"character_chosen":"THE_SILENT","items_purchased":["PreservedInsect","Accuracy"],"campfire_rested":2,"item_purchase_floors":[11,11],"current_hp_per_floor":[63,63,63,63,68,38,60,27,27,15,15,15,15,7,44,8,58,31,12,0],"gold":189,"neow_bonus":"ONE_RARE_RELIC","is_prod":false,"is_daily":false,"chose_seed":false,"campfire_upgraded":0,"win_rate":0,"timestamp":1549999460,"path_taken":["M","$","M","M","?","E","R","E","T","E","$","?","?","E","R","BOSS","M","M","M"],"build_version":"2019-01-23","purchased_purges":1,"victory":false,"max_hp_per_floor":[70,70,70,70,75,75,75,75,75,75,75,75,75,75,75,75,75,75,75,75],"card_choices":[{"not_picked":["Dagger Spray","Dodge and Roll"],"picked":"Blade Dance","floor":1},{"not_picked":["Escape Plan","Expertise"],"picked":"Dagger Throw","floor":3},{"not_picked":["Catalyst","Acrobatics"],"picked":"PiercingWail","floor":4},{"not_picked":["Malaise","PiercingWail"],"picked":"Poisoned Stab","floor":6},{"not_picked":["Sucker Punch","Escape Plan"],"picked":"Deadly Poison","floor":8},{"not_picked":["Backflip","Deadly Poison"],"picked":"Night Terror","floor":10},{"not_picked":["Eviscerate","Acrobatics"],"picked":"Calculated Gamble","floor":13},{"not_picked":["Expertise","Tactician"],"picked":"Flying Knee","floor":14},{"not_picked":["Unload","Venomology"],"picked":"Adrenaline","floor":16},{"not_picked":["Outmaneuver","Acrobatics+1"],"picked":"Quick Slash","floor":18},{"not_picked":["Accuracy+1","Dagger Throw"],"picked":"PiercingWail+1","floor":19}],"player_experience":210485,"relics_obtained":[{"floor":6,"key":"Girya"},{"floor":8,"key":"Regal Pillow"},{"floor":9,"key":"Paper Crane"},{"floor":10,"key":"Ginger"},{"floor":12,"key":"Frozen Egg 2"},{"floor":14,"key":"Ancient Tea Set"}],"event_choices":[{"damage_healed":0,"gold_gain":0,"player_choice":"Donut","damage_taken":0,"max_hp_gain":5,"max_hp_loss":0,"event_name":"Big Fish","floor":5,"gold_loss":0},{"damage_healed":0,"gold_gain":0,"player_choice":"Relic","damage_taken":0,"max_hp_gain":0,"max_hp_loss":0,"event_name":"Wheel of Change","floor":12,"gold_loss":0}],"is_beta":false,"boss_relics":[{"not_picked":["HoveringKite","Coffee Dripper"],"picked":"WristBlade"}],"items_purged_floors":[2],"is_endless":false,"potions_floor_spawned":[4,13,14,19],"killed_by":"Cultist and Chosen","ascension_level":6}