{"gold_per_floor":[11,21,34,47,67,96,96,130,130,130,165,177,191,191,191,315,315,336,351,375,375,391,391,391],"floor_reached":24,"playtime":976,"items_purged":[],"score":381,"play_id":"a7bd28b7-0f58-4478-bc39-f0d32a6dfd8e","local_time":"20191012145559","is_ascension_mode":true,"campfire_choices":[{"floor":7,"key":"REST"},{"floor":10,"key":"REST"},{"data":"Defragment","floor":15,"key":"SMITH"},{"data":"Consume","floor":23,"key":"SMITH"}],"neow_cost":"NO_GOLD","seed_source_timestamp":71421289363400,"circlet_count":0,"master_deck":["Strike_B","Strike_B","Strike_B","Strike_B","Defend_B","Defend_B","Defend_B","Defend_B","Zap","Dualcast","Purity","Dramatic Entrance","Skim","Rip and Tear","Sweeping Beam","Conserve Battery","Defragment+1","Doom and Gloom","Cold Snap","Consume+1","Glacier","Echo Form","Double Energy+1","Coolheaded+1","Defragment+1"],"relics":["Cracked Core","Mercury Hourglass","Gremlin Horn","Centennial Puzzle","Vajra","Golden Idol","Sozu"],"potions_floor_usage":[6],"damage_taken":[{"damage":2,"enemies":"2 Louse","floor":1,"turns":2},{"damage":7,"enemies":"Small Slimes","floor":2,"turns":3},{"damage":9,"enemies":"Jaw Worm","floor":3,"turns":3},{"damage":6,"enemies":"Blue Slaver","floor":4,"turns":4},{"damage":4,"enemies":"Large Slime","floor":5,"turns":4},{"damage":24,"enemies":"3 Sentries","floor":6,"turns":7},{"damage":35,"enemies":"Lagavulin","floor":8,"turns":5},{"damage":13,"enemies":"3 Sentries","floor":11,"turns":3},{"damage":0,"enemies":"Gremlin Gang","floor":12,"turns":1},{"damage":0,"enemies":"Lots of Slimes","floor":13,"turns":1},{"damage":0,"enemies":"Slime Boss","floor":16,"turns":5},{"damage":16,"enemies":"3 Byrds","floor":18,"turns":3},{"damage":7,"enemies":"Chosen","floor":19,"turns":3},{"damage":18,"enemies":"Shelled Parasite and Fungi","floor":20,"turns":6},{"damage":3,"enemies":"Chosen and Byrds","floor":22,"turns":5},{"damage":35,"enemies":"Slavers","floor":24,"turns":2}],"seed_played":"-7339467137597789177","potions_obtained":[{"floor":4,"key":"Dexterity Potion"},{"floor":6,"key":"LiquidBronze"},{"floor":11,"key":"Dexterity Potion"},{"floor":12,"key":"Dexterity Potion"},{"floor":13,"key":"Energy Potion"}],"is_trial":false,"path_per_floor":["M","M","M","M","M","E","R","E","T","R","E","M","M","?","R","B",null,"M","M","M","?","M","R","E"],"character_chosen":"DEFECT","items_purchased":[],"campfire_rested":2,"item_purchase_floors":[],"current_hp_per_floor":[66,59,50,44,40,16,38,3,3,25,12,12,12,12,12,12,55,39,32,14,37,34,34,0],"gold":391,"neow_bonus":"RANDOM_COLORLESS_2","is_prod":false,"is_daily":false,"chose_seed":false,"campfire_upgraded":2,"win_rate":0,"timestamp":1570884959,"path_taken":["M","M","M","M","M","E","R","E","T","R","E","M","M","?","R","BOSS","M","M","M","?","M","R","E"],"build_version":"2019-07-17","purchased_purges":0,"victory":false,"max_hp_per_floor":[75,75,75,75,75,75,75,75,75,75,75,75,75,69,69,69,69,69,69,69,69,69,69,69],"card_choices":[{"not_picked":["Go for the Eyes","Conserve Battery"],"picked":"Skim","floor":1},{"not_picked":["Barrage","Darkness"],"picked":"Rip and Tear","floor":2},{"not_picked":["Blizzard","Compile Driver"],"picked":"Sweeping Beam","floor":3},{"not_picked":["Go for the Eyes","Steam"],"picked":"Conserve Battery","floor":4},{"not_picked":["Double Energy","Stack"],"picked":"Defragment","floor":5},{"not_picked":["Hyperbeam","Undo"],"picked":"Doom and Gloom","floor":6},{"not_picked":["Redo","Self Repair"],"picked":"Cold Snap","floor":8},{"not_picked":["Fusion","Cold Snap"],"picked":"Consume","floor":11},{"not_picked":["Cold Snap","Stack"],"picked":"Glacier","floor":12},{"not_picked":["Fusion","Sweeping Beam","Turbo"],"picked":"SKIP","floor":13},{"not_picked":["All For One","Creative AI"],"picked":"Echo Form","floor":16},{"not_picked":["Streamline","Beam Cell+1"],"picked":"Double Energy+1","floor":18},{"not_picked":["Compile Driver+1","Gash"],"picked":"Coolheaded+1","floor":19},{"not_picked":["Amplify","Barrage+1"],"picked":"Defragment+1","floor":20},{"not_picked":["Static Discharge","Sweeping Beam","Chill+1"],"picked":"SKIP","floor":22}],"player_experience":390645,"relics_obtained":[{"floor":6,"key":"Mercury Hourglass"},{"floor":8,"key":"Gremlin Horn"},{"floor":9,"key":"Centennial Puzzle"},{"floor":11,"key":"Vajra"}],"event_choices":[{"damage_healed":0,"gold_gain":0,"player_choice":"Lose Max HP","damage_taken":0,"relics_obtained":["Golden Idol"],"max_hp_gain":0,"max_hp_loss":6,"event_name":"Golden Idol","floor":14,"gold_loss":0},{"damage_healed":23,"gold_gain":0,"player_choice":"Heal","damage_taken":0,"max_hp_gain":0,"max_hp_loss":0,"event_name":"The Library","floor":21,"gold_loss":0}],"is_beta":false,"boss_relics":[{"not_picked":["Velvet Choker","Astrolabe"],"picked":"Sozu"}],"items_purged_floors":[],"is_endless":false,"potions_floor_spawned":[4,6,11,12,13,18],"killed_by":"Slavers","ascension_level":8}