{"gold_per_floor":[20,95,15,32,50,83,83,83,83,117,117],"floor_reached":11,"playtime":595,"items_purged":[],"score":89,"play_id":"92f2096e-0dfa-46a6-accb-d6ff54fd9ef2","local_time":"20191006175326","is_ascension_mode":true,"campfire_choices":[{"data":"Footwork","floor":7,"key":"SMITH"}],"neow_cost":"NO_GOLD","seed_source_timestamp":115869878556100,"circlet_count":0,"master_deck":["Strike_G","Strike_G","Strike_G","Strike_G","Strike_G","Defend_G","Defend_G","Defend_G","Defend_G","Defend_G","Survivor","Neutralize","Cloak And Dagger","Backstab","Blade Dance","Blur","Footwork+1","Backflip"],"relics":["Ring of the Snake","Ginger","Pocketwatch","Mummified Hand","The Specimen"],"potions_floor_usage":[6],"damage_taken":[{"damage":6,"enemies":"Small Slimes","floor":1,"turns":7},{"damage":0,"enemies":"Cultist","floor":4,"turns":3},{"damage":0,"enemies":"Jaw Worm","floor":5,"turns":3},{"damage":1,"enemies":"3 Sentries","floor":6,"turns":9},{"damage":52,"enemies":"Lagavulin","floor":10,"turns":17},{"damage":0,"enemies":"Exordium Wildlife","floor":11,"turns":1}],"seed_played":"1680927573731196084","potions_obtained":[{"floor":4,"key":"Fire Potion"},{"floor":10,"key":"SkillPotion"}],"is_trial":false,"path_per_floor":["M","?","$","M","M","E","R","$","T","E","M"],"character_chosen":"THE_SILENT","items_purchased":["Backstab"],"campfire_rested":0,"item_purchase_floors":[3],"current_hp_per_floor":[64,57,57,57,57,56,56,56,56,4,4],"gold":117,"neow_bonus":"ONE_RARE_RELIC","is_prod":false,"is_daily":false,"chose_seed":false,"campfire_upgraded":1,"win_rate":0,"timestamp":1570377206,"path_taken":["M","?","?","M","M","E","R","$","T","E","M"],"build_version":"2019-07-17","purchased_purges":0,"victory":false,"max_hp_per_floor":[70,70,70,70,70,70,70,70,70,70,70],"card_choices":[{"not_picked":["Underhanded Strike","Masterful Stab"],"picked":"Cloak And Dagger","floor":1},{"not_picked":["Backflip","Dagger Spray"],"picked":"Blade Dance","floor":4},{"not_picked":["Bouncing Flask","Deadly Poison"],"picked":"Blur","floor":5},{"not_picked":["Poisoned Stab","Doppelganger"],"picked":"Footwork","floor":6},{"not_picked":["Riddle With Holes","Heel Hook"],"picked":"Backflip","floor":10}],"player_experience":227262,"relics_obtained":[{"floor":6,"key":"Pocketwatch"},{"floor":9,"key":"Mummified Hand"},{"floor":10,"key":"The Specimen"}],"event_choices":[{"damage_healed":0,"gold_gain":75,"player_choice":"Touch","damage_taken":7,"max_hp_gain":0,"max_hp_loss":0,"event_name":"FaceTrader","floor":2,"gold_loss":0}],"is_beta":false,"boss_relics":[],"items_purged_floors":[],"is_endless":false,"potions_floor_spawned":[4,10],"killed_by":"Exordium Wildlife","ascension_level":2}