{"gold_per_floor":[110,123,136,136,147,178,178,190,190,219,239,239,258,283,283,378,378,398,1,1,100,100,70,84,104,127,141,167,167,196,211,211,308,308,322,335,0,18,30,56,70,70,70,100,152,183,183,215,215,215],"floor_reached":51,"playtime":3952,"items_purged":["Normality"],"score":1028,"play_id":"27cadb46-3144-4253-80b8-09d1508c87a9","local_time":"20191020200015","is_ascension_mode":true,"campfire_choices":[{"data":"Defragment","floor":7,"key":"SMITH"},{"data":"Chill","floor":12,"key":"SMITH"},{"data":"White Noise","floor":15,"key":"SMITH"},{"data":"Decay","floor":29,"key":"PURGE"},{"floor":32,"key":"REST"},{"floor":42,"key":"REST"},{"data":"Biased Cognition","floor":47,"key":"PURGE"},{"data":"Dualcast","floor":49,"key":"PURGE"}],"neow_cost":"CURSE","seed_source_timestamp":554285705916099,"circlet_count":0,"master_deck":["Strike_B+1","Strike_B+1","Strike_B+1","Strike_B+1","Defend_B+1","Defend_B+1","Defend_B+1","Defend_B+1","Zap","Cold Snap","Defragment+1","Cold Snap","Sunder","Blizzard","Chill+1","Heatsinks","White Noise+1","Self Repair","Loop","Loop","Heatsinks","Capacitor","Loop","White Noise","Defragment+1","Cold Snap","Blizzard","Force Field+1","Coolheaded","Force Field+1","Blizzard+1"],"relics":["Cracked Core","Peace Pipe","The Courier","Blood Vial","Dodecahedron","Calipers","Darkstone Periapt","Fusion Hammer","Regal Pillow","Meat on the Bone","Anchor","Philosopher\u0027s Stone","Red Mask","Ancient Tea Set","Prayer Wheel","Nunchaku","Gambling Chip","Orichalcum","Molten Egg 2"],"potions_floor_usage":[6,14,16,24,24,28,28,40,44,50,50],"damage_taken":[{"damage":1,"enemies":"Cultist","floor":1,"turns":4},{"damage":1,"enemies":"Jaw Worm","floor":2,"turns":3},{"damage":4,"enemies":"Small Slimes","floor":3,"turns":3},{"damage":13,"enemies":"Exordium Wildlife","floor":5,"turns":4},{"damage":4,"enemies":"3 Sentries","floor":6,"turns":8},{"damage":0,"enemies":"Gremlin Gang","floor":8,"turns":4},{"damage":15,"enemies":"Lagavulin","floor":10,"turns":8},{"damage":5,"enemies":"Blue Slaver","floor":11,"turns":4},{"damage":1,"enemies":"Exordium Thugs","floor":13,"turns":6},{"damage":4,"enemies":"Gremlin Nob","floor":14,"turns":6},{"damage":7,"enemies":"The Guardian","floor":16,"turns":12},{"damage":0,"enemies":"Spheric Guardian","floor":18,"turns":6},{"damage":13,"enemies":"2 Thieves","floor":23,"turns":5},{"damage":13,"enemies":"Centurion and Healer","floor":24,"turns":7},{"damage":0,"enemies":"Cultist and Chosen","floor":25,"turns":9},{"damage":12,"enemies":"Shelled Parasite and Fungi","floor":27,"turns":9},{"damage":4,"enemies":"Book of Stabbing","floor":28,"turns":5},{"damage":26,"enemies":"Slavers","floor":30,"turns":8},{"damage":7,"enemies":"Snake Plant","floor":31,"turns":6},{"damage":0,"enemies":"Collector","floor":33,"turns":14},{"damage":0,"enemies":"3 Shapes","floor":35,"turns":6},{"damage":10,"enemies":"Orb Walker","floor":36,"turns":4},{"damage":0,"enemies":"3 Darklings","floor":38,"turns":4},{"damage":4,"enemies":"Transient","floor":39,"turns":5},{"damage":25,"enemies":"Giant Head","floor":40,"turns":10},{"damage":0,"enemies":"Sphere and 2 Shapes","floor":41,"turns":8},{"damage":7,"enemies":"Nemesis","floor":44,"turns":9},{"damage":12,"enemies":"2 Orb Walkers","floor":45,"turns":9},{"damage":0,"enemies":"Giant Head","floor":46,"turns":14},{"damage":0,"enemies":"Reptomancer","floor":48,"turns":10},{"damage":0,"enemies":"Time Eater","floor":50,"turns":15}],"seed_played":"2225711001125868453","potions_obtained":[{"floor":2,"key":"EssenceOfSteel"},{"floor":5,"key":"SneckoOil"},{"floor":8,"key":"SpeedPotion"},{"floor":11,"key":"Regen Potion"},{"floor":13,"key":"Energy Potion"},{"floor":16,"key":"Block Potion"},{"floor":23,"key":"Poison Potion"},{"floor":24,"key":"Strength Potion"},{"floor":27,"key":"EssenceOfSteel"},{"floor":31,"key":"Energy Potion"},{"floor":35,"key":"SkillPotion"},{"floor":40,"key":"SneckoOil"},{"floor":41,"key":"Block Potion"},{"floor":45,"key":"LiquidBronze"}],"is_trial":false,"path_per_floor":["M","M","M","T","M","E","R","M","T","E","M","R","M","E","R","B",null,"M","$","?","?","?","M","M","M","T","M","E","R","E","M","R","B",null,"M","M","?","M","M","E","M","R","T","E","?","E","R","E","R","B",null],"character_chosen":"DEFECT","items_purchased":["Loop","Loop","Heatsinks","Capacitor","Loop","White Noise"],"campfire_rested":2,"item_purchase_floors":[19,19,19,19,19,19],"current_hp_per_floor":[74,73,69,69,56,52,52,54,54,41,38,38,39,52,52,54,75,75,75,75,75,81,75,71,80,80,76,81,81,62,64,81,81,81,81,78,78,81,81,63,72,81,81,81,76,81,81,81,81,81],"gold":215,"neow_bonus":"ONE_RARE_RELIC","is_prod":false,"is_daily":false,"chose_seed":false,"campfire_upgraded":3,"win_rate":0,"timestamp":1571616015,"path_taken":["M","?","M","?","?","E","R","M","T","E","M","R","M","E","R","BOSS","M","$","?","?","?","?","M","M","T","M","E","R","E","M","R","BOSS","M","?","?","M","M","E","M","R","T","E","?","E","R","E","R","BOSS"],"build_version":"2019-07-17","purchased_purges":1,"victory":true,"max_hp_per_floor":[75,75,75,75,75,75,75,75,75,75,75,75,75,75,75,75,75,75,75,75,75,81,81,81,81,81,81,81,81,81,81,81,81,81,81,81,81,81,81,81,81,81,81,81,81,81,81,81,81,81],"card_choices":[{"not_picked":["Stack","Storm"],"picked":"Cold Snap","floor":1},{"not_picked":["Steam","Rebound","Beam Cell"],"picked":"SKIP","floor":2},{"not_picked":["Steam","Streamline"],"picked":"Defragment","floor":3},{"not_picked":["BootSequence","Compile Driver"],"picked":"Cold Snap","floor":5},{"not_picked":["Steam Power","Redo"],"picked":"Sunder","floor":6},{"not_picked":["Chaos","Reboot"],"picked":"Blizzard","floor":8},{"not_picked":["Coolheaded","Beam Cell"],"picked":"Chill","floor":10},{"not_picked":["Fusion","Hologram"],"picked":"Heatsinks","floor":11},{"not_picked":["Leap","Sweeping Beam"],"picked":"White Noise","floor":13},{"not_picked":["Steam","Sweeping Beam"],"picked":"Self Repair","floor":14},{"not_picked":["Electrodynamics","Meteor Strike"],"picked":"Biased Cognition","floor":16},{"not_picked":["Sunder","Leap","Barrage"],"picked":"SKIP","floor":18},{"not_picked":["Beam Cell","Leap","Fusion"],"picked":"SKIP","floor":23},{"not_picked":["Hello World","Steam"],"picked":"Defragment+1","floor":24},{"not_picked":["Leap","Turbo","Gash"],"picked":"SKIP","floor":25},{"not_picked":["Go for the Eyes","Turbo+1","Undo"],"picked":"SKIP","floor":27},{"not_picked":["Conserve Battery+1","Reboot","Barrage"],"picked":"SKIP","floor":28},{"not_picked":["Conserve Battery+1","Reboot","Barrage"],"picked":"SKIP","floor":28},{"not_picked":["Chaos","Rebound"],"picked":"Cold Snap","floor":30},{"not_picked":["Redo+1","Compile Driver","Turbo+1"],"picked":"SKIP","floor":31},{"not_picked":["Lockon+1","Recycle+1"],"picked":"Blizzard","floor":35},{"not_picked":["Rebound","Conserve Battery"],"picked":"Force Field+1","floor":36},{"not_picked":["Doom and Gloom","Stack+1","Turbo+1"],"picked":"SKIP","floor":38},{"not_picked":["Heatsinks","Storm+1","Aggregate"],"picked":"SKIP","floor":39},{"not_picked":["Beam Cell+1","Redo+1","Electrodynamics"],"picked":"SKIP","floor":40},{"not_picked":["Rip and Tear+1","Sweeping Beam+1","Melter"],"picked":"SKIP","floor":41},{"not_picked":["Cold Snap","Barrage+1"],"picked":"Coolheaded","floor":44},{"not_picked":["Sunder","Gash+1"],"picked":"Force Field+1","floor":45},{"not_picked":["Storm","Tempest","Recycle"],"picked":"SKIP","floor":46},{"not_picked":["Reprogram+1","Hello World"],"picked":"Blizzard+1","floor":48}],"player_experience":225400,"relics_obtained":[{"floor":4,"key":"The Courier"},{"floor":6,"key":"Blood Vial"},{"floor":9,"key":"Dodecahedron"},{"floor":10,"key":"Calipers"},{"floor":14,"key":"Darkstone Periapt"},{"floor":26,"key":"Regal Pillow"},{"floor":28,"key":"Meat on the Bone"},{"floor":30,"key":"Anchor"},{"floor":40,"key":"Ancient Tea Set"},{"floor":43,"key":"Prayer Wheel"},{"floor":44,"key":"Nunchaku"},{"floor":45,"key":"Gambling Chip"},{"floor":46,"key":"Orichalcum"},{"floor":48,"key":"Molten Egg 2"}],"event_choices":[{"damage_healed":0,"gold_gain":0,"player_choice":"Simplicity","damage_taken":0,"max_hp_gain":0,"max_hp_loss":0,"event_name":"Back to Basics","floor":20,"gold_loss":0,"cards_upgraded":["Strike_B","Strike_B","Strike_B","Strike_B","Defend_B","Defend_B","Defend_B","Defend_B"]},{"damage_healed":0,"gold_gain":99,"player_choice":"Stole From Cult","damage_taken":0,"max_hp_gain":0,"max_hp_loss":0,"event_name":"Nest","floor":21,"gold_loss":0},{"damage_healed":0,"gold_gain":0,"player_choice":"Smashed Altar","damage_taken":0,"max_hp_gain":0,"max_hp_loss":0,"event_name":"Forgotten Altar","floor":22,"gold_loss":0,"cards_obtained":["Decay"]},{"damage_healed":0,"gold_gain":0,"player_choice":"Paid","damage_taken":0,"relics_obtained":["Red Mask"],"max_hp_gain":0,"max_hp_loss":0,"event_name":"Tomb of Lord Red Mask","floor":37,"gold_loss":335},{"damage_healed":0,"gold_gain":0,"player_choice":"Fight","damage_taken":0,"max_hp_gain":0,"max_hp_loss":0,"event_name":"Mysterious Sphere","floor":45,"gold_loss":0}],"is_beta":false,"boss_relics":[{"not_picked":["Tiny House","Runic Pyramid"],"picked":"Fusion Hammer"},{"not_picked":["Coffee Dripper","Black Star"],"picked":"Philosopher\u0027s Stone"}],"items_purged_floors":[19],"is_endless":false,"potions_floor_spawned":[2,5,8,11,13,16,23,24,27,31,35,39,40,41,45,48],"ascension_level":1}