{"gold_per_floor":[112,63,63,87,112,112,147,147,147,147,147,106,122,142,142,268,268,291,68,89,103,103,103,139,160,160,160,160,160],"floor_reached":29,"playtime":1101,"items_purged":["Strike_B"],"score":292,"play_id":"ef520e3a-ed0e-4d96-a919-95b36656cde6","local_time":"20191019163120","is_ascension_mode":true,"campfire_choices":[{"data":"Hologram","floor":6,"key":"SMITH"},{"floor":8,"key":"REST"},{"floor":11,"key":"REST"},{"data":"Gash","floor":15,"key":"SMITH"},{"data":"Echo Form","floor":23,"key":"SMITH"}],"neow_cost":"NONE","seed_source_timestamp":722317262425900,"circlet_count":0,"master_deck":["Strike_B","Strike_B","Strike_B","Defend_B","Defend_B","Defend_B","Defend_B","Zap+1","Dualcast","Hologram+1","Gash+1","Streamline+1","Hologram","Beam Cell","Echo Form+1","BootSequence","Leap","Beam Cell","Leap","White Noise+1","Seek","Leap"],"relics":["Cracked Core","Golden Idol","Shuriken","Centennial Puzzle","Orrery","Oddly Smooth Stone","Pen Nib","Gambling Chip","Lantern"],"potions_floor_usage":[14,21,24,25,29],"damage_taken":[{"damage":2,"enemies":"Jaw Worm","floor":1,"turns":3},{"damage":1,"enemies":"2 Louse","floor":4,"turns":2},{"damage":0,"enemies":"Small Slimes","floor":5,"turns":3},{"damage":48,"enemies":"Gremlin Nob","floor":7,"turns":5},{"damage":3,"enemies":"Exordium Thugs","floor":13,"turns":3},{"damage":0,"enemies":"3 Louse","floor":14,"turns":1},{"damage":27,"enemies":"The Guardian","floor":16,"turns":8},{"damage":13,"enemies":"3 Byrds","floor":18,"turns":5},{"damage":12,"enemies":"Shell Parasite","floor":20,"turns":4},{"damage":8,"enemies":"Cultist and Chosen","floor":21,"turns":6},{"damage":23,"enemies":"Slavers","floor":24,"turns":3},{"damage":0,"enemies":"Centurion and Healer","floor":25,"turns":6},{"damage":25,"enemies":"Book of Stabbing","floor":29,"turns":3}],"seed_played":"-6380406702703961768","potions_obtained":[{"floor":7,"key":"Explosive Potion"},{"floor":13,"key":"Fire Potion"},{"floor":14,"key":"PowerPotion"},{"floor":16,"key":"LiquidBronze"},{"floor":20,"key":"Strength Potion"},{"floor":25,"key":"GamblersBrew"}],"is_trial":false,"path_per_floor":["M","$","?","M","M","R","E","R","T","?","R","?","M","M","R","B",null,"M","$","M","M","?","R","E","M","T","?","?","E"],"character_chosen":"DEFECT","items_purchased":["Hologram","Oddly Smooth Stone"],"campfire_rested":2,"item_purchase_floors":[2,19],"current_hp_per_floor":[73,73,69,68,68,68,20,40,40,40,60,60,57,57,57,30,69,56,56,44,36,36,36,13,13,13,13,13,0],"gold":160,"neow_bonus":"UPGRADE_CARD","is_prod":false,"is_daily":false,"chose_seed":false,"campfire_upgraded":3,"win_rate":0,"timestamp":1571495480,"path_taken":["M","$","?","M","M","R","E","R","T","?","R","?","M","M","R","BOSS","M","$","M","M","?","R","E","M","T","?","?","E"],"build_version":"2019-07-17","purchased_purges":1,"victory":false,"max_hp_per_floor":[75,75,69,69,69,69,69,69,69,69,69,69,69,69,69,69,69,69,69,69,69,69,69,69,69,69,69,69,69],"card_choices":[{"not_picked":["Compile Driver","Consume","Defragment"],"picked":"SKIP","floor":1},{"not_picked":["Loop","Static Discharge"],"picked":"Gash","floor":4},{"not_picked":["Turbo","Chaos","Buffer"],"picked":"SKIP","floor":5},{"not_picked":["Tempest","Barrage"],"picked":"Streamline","floor":7},{"not_picked":["Leap","Biased Cognition"],"picked":"Hologram","floor":13},{"not_picked":["Loop","Barrage"],"picked":"Beam Cell","floor":14},{"not_picked":["Buffer","Core Surge"],"picked":"Echo Form","floor":16},{"not_picked":["Steam","Barrage"],"picked":"Beam Cell","floor":17},{"not_picked":["Static Discharge","Skim"],"picked":"BootSequence","floor":17},{"not_picked":["Undo","Rebound"],"picked":"Leap","floor":17},{"not_picked":["Hologram","Stack"],"picked":"Beam Cell","floor":17},{"not_picked":["Force Field+1","Steam Power"],"picked":"Leap","floor":18},{"not_picked":["Compile Driver+1","Hologram"],"picked":"White Noise+1","floor":20},{"not_picked":["Go for the Eyes","Fusion"],"picked":"Seek","floor":21},{"not_picked":["Cold Snap","Tempest","Coolheaded+1"],"picked":"SKIP","floor":24},{"not_picked":["Streamline","Stack"],"picked":"Leap","floor":25}],"player_experience":392192,"relics_obtained":[{"floor":7,"key":"Shuriken"},{"floor":9,"key":"Centennial Puzzle"},{"floor":24,"key":"Pen Nib"},{"floor":26,"key":"Gambling Chip"}],"event_choices":[{"damage_healed":0,"gold_gain":0,"player_choice":"Lose Max HP","damage_taken":0,"relics_obtained":["Golden Idol"],"max_hp_gain":0,"max_hp_loss":6,"event_name":"Golden Idol","floor":3,"gold_loss":0},{"damage_healed":0,"gold_gain":0,"player_choice":"Grow","damage_taken":0,"max_hp_gain":0,"max_hp_loss":0,"event_name":"Living Wall","floor":10,"gold_loss":0,"cards_upgraded":["Streamline"]},{"damage_healed":0,"gold_gain":0,"player_choice":"Left Gold","damage_taken":0,"max_hp_gain":0,"max_hp_loss":0,"event_name":"World of Goop","floor":12,"gold_loss":41},{"damage_healed":0,"gold_gain":0,"player_choice":"Ignored","damage_taken":0,"max_hp_gain":0,"max_hp_loss":0,"event_name":"The Mausoleum","floor":22,"gold_loss":0},{"damage_healed":0,"gold_gain":0,"player_choice":"Ignored","damage_taken":0,"max_hp_gain":0,"max_hp_loss":0,"event_name":"Vampires","floor":27,"gold_loss":0},{"cards_removed":["Beam Cell"],"damage_healed":0,"gold_gain":0,"player_choice":"Gave Card","damage_taken":0,"relics_obtained":["Lantern"],"max_hp_gain":0,"max_hp_loss":0,"event_name":"WeMeetAgain","floor":28,"gold_loss":0}],"is_beta":false,"boss_relics":[{"not_picked":["Calling Bell","Busted Crown"],"picked":"Orrery"}],"items_purged_floors":[19],"is_endless":false,"potions_floor_spawned":[7,13,14,16,20,25],"killed_by":"Book of Stabbing","ascension_level":4}