{"gold_per_floor":[113,113,129,146,164,194,194,208,208,42,117,117,117,137,137,214,214,228,39,56,56,71,71,101,101,151,174,174,189,101,119,119,195,195,206,218,7,27,27,59,59,59,59,59,93,110,130,160,160,160,160,160,160,10,38,38],"floor_reached":57,"playtime":2448,"items_purged":["Strike_G","Strike_G","Strike_G","Strike_G"],"score":3074,"play_id":"45ac2d88-cee2-4206-af22-2efadca0ca21","local_time":"20190925164909","is_ascension_mode":true,"campfire_choices":[{"data":"Apotheosis","floor":7.0,"key":"SMITH"},{"data":"Tactician","floor":13.0,"key":"SMITH"},{"data":"A Thousand Cuts","floor":15.0,"key":"SMITH"},{"data":"Acrobatics","floor":23.0,"key":"SMITH"},{"floor":25.0,"key":"REST"},{"data":"Doppelganger","floor":28.0,"key":"SMITH"},{"floor":32.0,"key":"REST"},{"floor":41.0,"key":"RECALL"},{"data":"Adrenaline","floor":49.0,"key":"SMITH"},{"data":"Neutralize","floor":53.0,"key":"SMITH"}],"neow_cost":"PERCENT_DAMAGE","seed_source_timestamp":259359550243718,"circlet_count":0,"master_deck":["AscendersBane","Defend_G","Defend_G","Defend_G","Defend_G","Defend_G","Survivor","Neutralize+1","Apotheosis+1","Terror","Predator","Calculated Gamble+1","Tactician+1","A Thousand Cuts+1","Finesse","Acrobatics+1","Doppelganger+1","Escape Plan","Bouncing Flask","Well Laid Plans+1","Adrenaline+1","Catalyst","Footwork+1","Backflip+1","Catalyst+1","Malaise"],"special_seed":0,"relics":["Ring of the Snake","Gremlin Horn","Molten Egg 2","Black Star","White Beast Statue","Frozen Egg 2","Ancient Tea Set","MealTicket","HoveringKite","Bag of Marbles","CeramicFish","CloakClasp","Tingsha","Lantern","Meat on the Bone","Strawberry","Snake Skull"],"potions_floor_usage":[55,56,56],"damage_taken":[{"damage":3.0,"enemies":"Small Slimes","floor":1.0,"turns":5.0},{"damage":0.0,"enemies":"Cultist","floor":3.0,"turns":3.0},{"damage":1.0,"enemies":"Jaw Worm","floor":4.0,"turns":2.0},{"damage":0.0,"enemies":"Looter","floor":5.0,"turns":3.0},{"damage":8.0,"enemies":"Gremlin Nob","floor":6.0,"turns":3.0},{"damage":0.0,"enemies":"Gremlin Gang","floor":8.0,"turns":3.0},{"damage":0.0,"enemies":"Lots of Slimes","floor":14.0,"turns":5.0},{"damage":4.0,"enemies":"Slime Boss","floor":16.0,"turns":7.0},{"damage":7.0,"enemies":"Shell Parasite","floor":18.0,"turns":5.0},{"damage":7.0,"enemies":"2 Thieves","floor":20.0,"turns":4.0},{"damage":5.0,"enemies":"Snecko","floor":22.0,"turns":6.0},{"damage":4.0,"enemies":"Book of Stabbing","floor":24.0,"turns":7.0},{"damage":5.0,"enemies":"Centurion and Healer","floor":29.0,"turns":3.0},{"damage":29.0,"enemies":"Chosen and Byrds","floor":31.0,"turns":5.0},{"damage":0.0,"enemies":"Automaton","floor":33.0,"turns":8.0},{"damage":1.0,"enemies":"Orb Walker","floor":35.0,"turns":3.0},{"damage":8.0,"enemies":"3 Shapes","floor":36.0,"turns":2.0},{"damage":0.0,"enemies":"Sphere and 2 Shapes","floor":38.0,"turns":4.0},{"damage":0.0,"enemies":"Giant Head","floor":40.0,"turns":6.0},{"damage":0.0,"enemies":"Reptomancer","floor":45.0,"turns":3.0},{"damage":0.0,"enemies":"Spire Growth","floor":46.0,"turns":4.0},{"damage":3.0,"enemies":"Transient","floor":47.0,"turns":6.0},{"damage":11.0,"enemies":"Giant Head","floor":48.0,"turns":4.0},{"damage":9.0,"enemies":"Time Eater","floor":50.0,"turns":10.0},{"damage":0.0,"enemies":"Donu and Deca","floor":51.0,"turns":10.0},{"damage":0,"enemies":"Shield and Spear","floor":55,"turns":6},{"damage":27,"enemies":"The Heart","floor":56,"turns":9}],"seed_played":"-7451875054653787305","potions_obtained":[{"floor":4.0,"key":"PowerPotion"},{"floor":6.0,"key":"AttackPotion"},{"floor":8.0,"key":"Fire Potion"},{"floor":29.0,"key":"GamblersBrew"},{"floor":31.0,"key":"Weak Potion"},{"floor":33.0,"key":"Swift Potion"},{"floor":45.0,"key":"Energy Potion"},{"floor":46.0,"key":"Swift Potion"},{"floor":47.0,"key":"DuplicationPotion"},{"floor":55,"key":"Weak Potion"}],"is_trial":false,"path_per_floor":["M","?","M","M","M","E","R","M","T","$","?","?","R","M","R","B",null,"M","$","M","$","M","R","E","R","T","T","R","M","$","M","R","B",null,"M","M","$","M","$","E","R","?","T","$","E","M","M","E","R","B","B",null,"R","$","E","B",null],"character_chosen":"THE_SILENT","items_purchased":["Finesse","Escape Plan","Well Laid Plans+1","Footwork+1"],"campfire_rested":2,"item_purchase_floors":[10,19,30,37],"current_hp_per_floor":[41,41,41,40,40,32,32,32,32,32,21,21,21,21,21,17,54,47,47,40,40,35,35,31,50,50,50,50,45,60,31,50,50,62,61,53,66,66,66,66,66,63,63,63,63,63,60,49,49,40,40,57,57,63,70,43],"gold":38,"neow_bonus":"RANDOM_COLORLESS_2","is_prod":false,"is_daily":false,"chose_seed":false,"campfire_upgraded":7,"win_rate":0,"timestamp":1569401349,"path_taken":["M","?","?","M","M","E","R","M","T","$","?","?","R","M","R","BOSS","M","$","?","?","M","R","E","R","T","?","R","M","$","M","R","BOSS","M","M","$","M","?","E","R","?","T","?","E","M","?","E","R","BOSS","BOSS","R","$","E","BOSS"],"build_version":"2019-09-24","purchased_purges":4,"victory":true,"max_hp_per_floor":[66,66,66,66,66,66,66,66,66,66,66,66,66,66,66,66,66,66,66,66,66,66,66,66,66,66,66,66,66,66,66,66,66,66,66,66,66,66,66,66,66,63,63,63,63,63,63,63,63,63,63,63,63,63,70,70],"card_choices":[{"not_picked":["Master of Strategy","Secret Weapon"],"picked":"Apotheosis","floor":0.0},{"not_picked":["Acrobatics","Flying Knee"],"picked":"Terror","floor":1.0},{"not_picked":["Choke","Backflip"],"picked":"Predator","floor":3.0},{"not_picked":["Bouncing Flask","Acrobatics"],"picked":"Calculated Gamble","floor":4.0},{"not_picked":["Predator","Blade Dance"],"picked":"Tactician","floor":5.0},{"not_picked":["Dodge and Roll","Acrobatics"],"picked":"A Thousand Cuts","floor":6.0},{"not_picked":["Heel Hook","Setup","Blade Dance"],"picked":"SKIP","floor":8.0},{"not_picked":["Backstab+1","Predator+1"],"picked":"Acrobatics","floor":14.0},{"not_picked":["Storm of Steel","Bullet Time"],"picked":"Doppelganger","floor":16.0},{"not_picked":["Blade Dance","Underhanded Strike+1","Quick Slash+1"],"picked":"SKIP","floor":18.0},{"not_picked":["Catalyst","Infinite Blades","Caltrops"],"picked":"SKIP","floor":20.0},{"not_picked":["Blade Dance","Choke+1","Deadly Poison+1"],"picked":"SKIP","floor":22.0},{"not_picked":["Underhanded Strike+1","Masterful Stab+1"],"picked":"Bouncing Flask","floor":24.0},{"not_picked":["Caltrops+1","Masterful Stab+1","Flying Knee+1"],"picked":"SKIP","floor":29.0},{"not_picked":["Cloak And Dagger","Sucker Punch+1","PiercingWail"],"picked":"SKIP","floor":31.0},{"not_picked":["Night Terror","Bullet Time"],"picked":"Adrenaline","floor":33.0},{"not_picked":["Underhanded Strike+1","Dagger Spray+1","Eviscerate+1"],"picked":"SKIP","floor":35.0},{"not_picked":["Deadly Poison","Sucker Punch+1"],"picked":"Catalyst","floor":36.0},{"not_picked":["Acrobatics","Infinite Blades+1"],"picked":"Backflip+1","floor":38.0},{"not_picked":["PiercingWail","Sucker Punch+1"],"picked":"Catalyst+1","floor":40.0},{"not_picked":["Dagger Spray+1","Infinite Blades+1"],"picked":"Malaise","floor":45.0},{"not_picked":["Infinite Blades+1","Tactician","Leg Sweep"],"picked":"SKIP","floor":46.0},{"not_picked":["Underhanded Strike+1","Backflip+1","Crippling Poison"],"picked":"SKIP","floor":47.0},{"not_picked":["Dodge and Roll","Underhanded Strike+1","Envenom+1"],"picked":"SKIP","floor":48.0},{"not_picked":["Underhanded Strike+1","Flying Knee+1","Escape Plan"],"picked":"SKIP","floor":55}],"player_experience":994931,"relics_obtained":[{"floor":6.0,"key":"Gremlin Horn"},{"floor":9.0,"key":"Molten Egg 2"},{"floor":24.0,"key":"White Beast Statue"},{"floor":24.0,"key":"Frozen Egg 2"},{"floor":26.0,"key":"Ancient Tea Set"},{"floor":27.0,"key":"MealTicket"},{"floor":40.0,"key":"Bag of Marbles"},{"floor":40.0,"key":"CeramicFish"},{"floor":45.0,"key":"CloakClasp"},{"floor":45.0,"key":"Tingsha"},{"floor":48.0,"key":"Lantern"},{"floor":48.0,"key":"Meat on the Bone"},{"floor":55,"key":"Strawberry"},{"floor":55,"key":"Snake Skull"}],"event_choices":[{"cards_removed":["Strike_G"],"damage_healed":0.0,"max_hp_gain":0.0,"max_hp_loss":0.0,"gold_gain":0.0,"event_name":"Bonfire Elementals","player_choice":"Offered Basic","floor":2.0,"gold_loss":0.0,"damage_taken":0.0},{"damage_healed":0.0,"max_hp_gain":0.0,"max_hp_loss":0.0,"gold_gain":75.0,"event_name":"World of Goop","player_choice":"Gather Gold","floor":11.0,"gold_loss":0.0,"damage_taken":11.0},{"damage_healed":0.0,"max_hp_gain":0.0,"max_hp_loss":0.0,"gold_gain":0.0,"event_name":"Upgrade Shrine","player_choice":"Upgraded","floor":12.0,"gold_loss":0.0,"damage_taken":0.0,"cards_upgraded":["Calculated Gamble"]},{"damage_healed":0.0,"max_hp_gain":0.0,"max_hp_loss":3.0,"gold_gain":0.0,"event_name":"Winding Halls","player_choice":"Max HP","floor":42.0,"gold_loss":0.0,"damage_taken":0.0}],"is_beta":true,"boss_relics":[{"not_picked":["WristBlade","Sozu"],"picked":"Black Star"},{"not_picked":["Calling Bell","Coffee Dripper"],"picked":"HoveringKite"}],"items_purged_floors":[10,19,37,54],"is_endless":false,"potions_floor_spawned":[4,6,8,16,18,29,31,33,35,36,38,45,46,47,48,55],"ascension_level":20}