{"gold_per_floor":[14,34,34,34,34,34,67,81,81,98,108,121,41,74,74,145,145,165,90,90,107,125,125,158,158,158,158,171,199,199,217,217,293,293,317,317,332,332,232,232,265,140,189,209,244,244,274,294,294,294,294,294,294,144,186,186],"floor_reached":57,"playtime":2035,"items_purged":["Strike_G","Eviscerate","Defend_G","Defend_G"],"score":3576,"play_id":"1f84fa14-aae5-45f7-ad4b-79705576ab37","local_time":"20191010222810","is_ascension_mode":true,"campfire_choices":[{"data":"Neutralize","floor":6.0,"key":"SMITH"},{"data":"Tactician","floor":15.0,"key":"SMITH"},{"data":"Flechettes","floor":23.0,"key":"SMITH"},{"data":"Calculated Gamble","floor":30.0,"key":"SMITH"},{"data":"Acrobatics","floor":32,"key":"SMITH"},{"data":"Expertise","floor":40,"key":"SMITH"},{"floor":46,"key":"RECALL"},{"data":"Envenom","floor":49,"key":"SMITH"},{"data":"Adrenaline","floor":53,"key":"SMITH"}],"neow_cost":"NO_GOLD","seed_source_timestamp":184892798331391,"circlet_count":0,"master_deck":["AscendersBane","Defend_G","Survivor","Neutralize+1","Expertise+1","Tactician+1","Flechettes+1","Acrobatics+1","Calculated Gamble+1","Adrenaline+1","Terror+1","Envenom+1","Backflip+1","Catalyst"],"special_seed":0,"relics":["Ring of the Snake","Mercury Hourglass","Sundial","Meat on the Bone","Question Card","Runic Pyramid","WingedGreaves","CeramicFish","Dream Catcher","Sozu","Orichalcum","Boot","Bag of Preparation","Potion Belt","The Specimen"],"potions_floor_usage":[56,56],"damage_taken":[{"damage":9.0,"enemies":"Jaw Worm","floor":1.0,"turns":9.0},{"damage":4.0,"enemies":"2 Louse","floor":2.0,"turns":6.0},{"damage":26.0,"enemies":"Lagavulin","floor":7.0,"turns":8.0},{"damage":0.0,"enemies":"Cultist","floor":8.0,"turns":2.0},{"damage":0.0,"enemies":"Looter","floor":10.0,"turns":3.0},{"damage":4.0,"enemies":"Red Slaver","floor":11.0,"turns":5.0},{"damage":0.0,"enemies":"Gremlin Gang","floor":12.0,"turns":2.0},{"damage":12.0,"enemies":"3 Sentries","floor":14.0,"turns":5.0},{"damage":10.0,"enemies":"Hexaghost","floor":16.0,"turns":8.0},{"damage":0.0,"enemies":"Chosen","floor":18.0,"turns":2.0},{"damage":0.0,"enemies":"Shell Parasite","floor":21.0,"turns":3.0},{"damage":0.0,"enemies":"Snecko","floor":22.0,"turns":2.0},{"damage":0.0,"enemies":"Slavers","floor":24.0,"turns":3.0},{"damage":2.0,"enemies":"Shelled Parasite and Fungi","floor":28.0,"turns":3.0},{"damage":0.0,"enemies":"Gremlin Leader","floor":29.0,"turns":2.0},{"damage":0,"enemies":"Collector","floor":33,"turns":4},{"damage":7,"enemies":"Orb Walker","floor":35,"turns":2},{"damage":0,"enemies":"3 Darklings","floor":37,"turns":2},{"damage":0,"enemies":"Giant Head","floor":41,"turns":1},{"damage":0,"enemies":"Sphere and 2 Shapes","floor":44,"turns":1},{"damage":0,"enemies":"Nemesis","floor":45,"turns":1},{"damage":0,"enemies":"Reptomancer","floor":47,"turns":1},{"damage":0,"enemies":"Writhing Mass","floor":48,"turns":2},{"damage":0,"enemies":"Awakened One","floor":50,"turns":2},{"damage":0,"enemies":"Donu and Deca","floor":51,"turns":1},{"damage":0,"enemies":"Shield and Spear","floor":55,"turns":1},{"damage":25,"enemies":"The Heart","floor":56,"turns":5}],"seed_played":"-7883753209130234730","potions_obtained":[{"floor":2.0,"key":"SpeedPotion"},{"floor":8.0,"key":"Explosive Potion"},{"floor":11.0,"key":"FearPotion"},{"floor":16.0,"key":"Energy Potion"},{"floor":24.0,"key":"Regen Potion"},{"floor":28.0,"key":"AttackPotion"}],"is_trial":false,"path_per_floor":["M","M","?","?","$","R","E","M","T","M","M","M","?","E","R","B",null,"M","$","?","M","M","R","E","?","T","T","M","E","R","?","R","B",null,"M","?","M","?","$","R","E","$","T","M","E","R","E","M","R","B","B",null,"R","$","E","B",null],"character_chosen":"THE_SILENT","items_purchased":[],"campfire_rested":0,"item_purchase_floors":[],"current_hp_per_floor":[50,46,46,46,46,46,20,20,20,20,16,16,16,16,16,18,54,54,54,54,54,54,54,54,54,54,54,52,52,52,52,52,52,63,56,56,56,56,56,56,56,56,56,56,56,56,56,56,56,56,56,61,61,61,61,45],"gold":186,"neow_bonus":"REMOVE_TWO","is_prod":false,"is_daily":false,"chose_seed":false,"campfire_upgraded":8,"win_rate":0,"timestamp":1570717690,"path_taken":["M","M","?","?","$","R","E","M","T","M","M","?","?","E","R","BOSS","M","$","?","M","?","R","E","?","T","?","M","E","R","?","R","BOSS","M","?","M","?","$","R","E","?","T","?","E","R","E","M","R","BOSS","BOSS","R","$","E","BOSS"],"build_version":"2019-10-09","purchased_purges":4,"victory":true,"max_hp_per_floor":[66,66,66,66,66,66,66,66,66,66,66,66,66,66,66,66,66,66,66,66,66,66,66,66,66,66,66,66,66,66,66,66,66,66,66,63,63,63,63,63,63,63,63,63,63,63,63,63,63,63,63,63,63,63,63,63],"card_choices":[{"not_picked":["Quick Slash","Slice"],"picked":"Expertise","floor":1.0},{"not_picked":["Blade Dance","Outmaneuver"],"picked":"Predator","floor":2.0},{"not_picked":["Sucker Punch","Dodge and Roll","Slice"],"picked":"SKIP","floor":7.0},{"not_picked":["Deflect","Bane"],"picked":"Tactician","floor":8.0},{"not_picked":["Blade Dance","PiercingWail"],"picked":"Flechettes","floor":10.0},{"not_picked":["Dash","Deflect"],"picked":"Acrobatics","floor":11.0},{"not_picked":["Endless Agony","Underhanded Strike","Bouncing Flask"],"picked":"SKIP","floor":12.0},{"not_picked":["Poisoned Stab","Grand Finale"],"picked":"Calculated Gamble","floor":14.0},{"not_picked":["Wraith Form v2","Doppelganger","Venomology"],"picked":"Adrenaline","floor":16.0},{"not_picked":["Flying Knee","Deflect","Masterful Stab+1"],"picked":"Terror+1","floor":18.0},{"not_picked":["Prepared","Flying Knee","Slice","Backstab+1"],"picked":"SKIP","floor":21.0},{"not_picked":["Poisoned Stab","Prepared","Deflect","Dodge and Roll"],"picked":"SKIP","floor":22.0},{"not_picked":["Noxious Fumes","Quick Slash","Dagger Throw","Prepared"],"picked":"SKIP","floor":24.0},{"not_picked":["Heel Hook+1","Dodge and Roll","Prepared","Flying Knee"],"picked":"SKIP","floor":28.0},{"not_picked":["Storm of Steel","Noxious Fumes","Accuracy","All Out Attack"],"picked":"SKIP","floor":29.0},{"not_picked":["Predator","Poisoned Stab","Dagger Throw"],"picked":"Backflip+1","floor":35},{"not_picked":["Flying Knee","Deadly Poison","Outmaneuver+1","Sucker Punch"],"picked":"SKIP","floor":37},{"not_picked":["PiercingWail","Dash","Eviscerate+1","Storm of Steel"],"picked":"SKIP","floor":41},{"not_picked":["Deflect","Bouncing Flask","Outmaneuver+1","Quick Slash"],"picked":"SKIP","floor":44},{"not_picked":["PiercingWail","Cloak And Dagger+1","Accuracy+1","Setup"],"picked":"SKIP","floor":45},{"not_picked":["Dagger Throw","Poisoned Stab","Underhanded Strike","Outmaneuver"],"picked":"SKIP","floor":47},{"not_picked":["Expertise+1","Cloak And Dagger","Slice+1","Sucker Punch"],"picked":"SKIP","floor":48},{"not_picked":["Bane","Dash","Distraction"],"picked":"Catalyst","floor":55}],"player_experience":1077558,"relics_obtained":[{"floor":7.0,"key":"Mercury Hourglass"},{"floor":9.0,"key":"Sundial"},{"floor":14.0,"key":"Question Card"},{"floor":24.0,"key":"WingedGreaves"},{"floor":27.0,"key":"CeramicFish"},{"floor":29.0,"key":"Dream Catcher"},{"floor":41,"key":"Orichalcum"},{"floor":43,"key":"Boot"},{"floor":45,"key":"Bag of Preparation"},{"floor":47,"key":"Potion Belt"},{"floor":55,"key":"The Specimen"}],"event_choices":[{"cards_removed":["Strike_G"],"damage_healed":0.0,"max_hp_gain":0.0,"max_hp_loss":0.0,"gold_gain":0.0,"event_name":"Living Wall","player_choice":"Forget","floor":3.0,"gold_loss":0.0,"damage_taken":0.0},{"damage_healed":0.0,"max_hp_gain":0.0,"max_hp_loss":0.0,"gold_gain":0.0,"event_name":"Upgrade Shrine","player_choice":"Upgraded","floor":4.0,"gold_loss":0.0,"damage_taken":0.0,"cards_upgraded":["Predator"]},{"damage_healed":0.0,"max_hp_gain":0.0,"max_hp_loss":0.0,"gold_gain":0.0,"event_name":"WeMeetAgain","player_choice":"Paid Gold","floor":13.0,"gold_loss":80.0,"damage_taken":0.0,"relics_obtained":["Meat on the Bone"]},{"cards_removed":["Strike_G"],"damage_healed":0.0,"max_hp_gain":0.0,"max_hp_loss":0.0,"gold_gain":0.0,"event_name":"Purifier","player_choice":"Purged","floor":20.0,"gold_loss":0.0,"damage_taken":0.0},{"damage_healed":0.0,"max_hp_gain":0.0,"max_hp_loss":0.0,"gold_gain":0.0,"event_name":"Ghosts","player_choice":"Ignored","floor":25.0,"gold_loss":0.0,"damage_taken":0.0},{"damage_healed":0,"gold_gain":0,"cards_transformed":["Defend_G","Predator"],"player_choice":"Became Test Subject","damage_taken":0,"max_hp_gain":0,"max_hp_loss":0,"event_name":"Drug Dealer","floor":31,"gold_loss":0,"cards_obtained":["Envenom","Eviscerate"]},{"damage_healed":0,"gold_gain":0,"player_choice":"Max HP","damage_taken":0,"max_hp_gain":0,"max_hp_loss":3,"event_name":"Winding Halls","floor":36,"gold_loss":0},{"cards_removed":["Defend_G"],"damage_healed":0,"gold_gain":0,"player_choice":"Removed Skill","damage_taken":0,"max_hp_gain":0,"max_hp_loss":0,"event_name":"Falling","floor":38,"gold_loss":0}],"is_beta":true,"boss_relics":[{"not_picked":["Busted Crown","Black Star"],"picked":"Runic Pyramid"},{"not_picked":["Velvet Choker","Snecko Eye"],"picked":"Sozu"}],"items_purged_floors":[19,39,42,54],"is_endless":false,"potions_floor_spawned":[2,8,11,16,24,28,37,41,44,45,47,55],"ascension_level":20}