{"path_per_floor":["M","?","$","M","?","E","R","M","T","R","M","M","M","?","R","B",null,"M"],"character_chosen":"THE_SILENT","items_purchased":["Frozen Egg 2"],"gold_per_floor":[112,287,28,43,43,81,81,106,106,106,122,135,149,149,149,268,268,291],"floor_reached":19,"campfire_rested":0,"playtime":1813,"current_hp_per_floor":[73,73,73,71,71,25,25,25,25,25,23,22,21,38,38,25,71,20],"items_purged":[],"gold":291,"play_id":"7f3589a2-1fd6-429f-b1d5-046ec586f4ed","is_prod":false,"is_daily":false,"is_ascension_mode":false,"campfire_upgraded":3,"path_taken":["M","?","$","?","?","E","R","?","T","R","M","M","M","?","R","BOSS","M","?"],"build_version":"2018-02-01-PROD3","purchased_purges":0,"victory":false,"master_deck":["Defend_G","Defend_G","Defend_G","Defend_G","Defend_G","Strike_G","Strike_G","Strike_G","Strike_G","Strike_G","Survivor","Neutralize","Acrobatics","Doubt","Prepared+1","Dash+1","Outmaneuver","Dagger Spray+1","Parasite","Envenom+1","Terror"],"max_hp_per_floor":[77,77,77,77,71,71,71,71,71,71,71,71,71,71,71,71,71,71],"relics":["Ring of the Snake","Mango","Frozen Egg 2","Golden Idol","Orichalcum","Torii","Philosopher\u0027s Stone"],"card_choices":[{"not_picked":["Finisher","Slice"],"picked":"Acrobatics"},{"not_picked":["Backflip","Poisoned Stab"],"picked":"Prepared"},{"not_picked":["Night Terror","Outmaneuver"],"picked":"Dash"},{"not_picked":["Dagger Throw","Acrobatics"],"picked":"Outmaneuver"},{"not_picked":["Deadly Poison","Deflect"],"picked":"Dagger Spray"},{"not_picked":["Phantasmal Killer","Die Die Die"],"picked":"Envenom"},{"not_picked":["Deflect","Flying Knee"],"picked":"Terror"}],"player_experience":72682,"potions_floor_usage":[13,13,16],"damage_taken":[{"damage":4,"enemies":"Small Slimes","floor":1,"turns":4},{"damage":2,"enemies":"Jaw Worm","floor":4,"turns":7},{"damage":46,"enemies":"3 Sentries","floor":6,"turns":18},{"damage":0,"enemies":"Blue Slaver","floor":8,"turns":5},{"damage":2,"enemies":"Lots of Slimes","floor":11,"turns":6},{"damage":1,"enemies":"2 Fungi Beasts","floor":12,"turns":4},{"damage":1,"enemies":"Large Slime","floor":13,"turns":7},{"damage":13,"enemies":"The Guardian","floor":16,"turns":16},{"damage":51,"enemies":"Spheric Guardian","floor":18,"turns":8},{"damage":22,"enemies":"Chosen","floor":19,"turns":4}],"event_choices":[{"event_name":"Liars Game","player_choice":"agreed","floor":2,"damage_taken":0},{"event_name":"Golden Idol","player_choice":"Lose Max HP","floor":5,"damage_taken":0},{"event_name":"Mushrooms","player_choice":"Healed and dodged fight","floor":14,"damage_taken":0}],"boss_relics":[{"not_picked":["Pandora\u0027s Box","White Beast Statue"],"picked":"Philosopher\u0027s Stone"}],"potions_floor_spawned":[6,11,12],"seed_played":"-7517971773244138323","killed_by":"Chosen","ascension_level":0,"is_trial":false}