{"gold_per_floor":[116,116,41,53,3,3,20,20,20,36,55,55,68,79,79,174,174,188,238,253,266,284,284,284],"floor_reached":24,"playtime":1176,"items_purged":["Strike_G"],"score":269,"play_id":"b602ba04-407a-4c03-9d17-893990999c2e","local_time":"20190128062926","is_ascension_mode":true,"campfire_choices":[{"data":"Crippling Poison","floor":6,"key":"SMITH"},{"data":"A Thousand Cuts","floor":12,"key":"SMITH"},{"data":"Survivor","floor":15,"key":"SMITH"},{"data":"Burst","floor":23,"key":"SMITH"}],"neow_cost":"NONE","seed_source_timestamp":180467129996200,"circlet_count":0,"master_deck":["Defend_G","Defend_G","Defend_G","Defend_G","Strike_G","Strike_G","Survivor+1","Neutralize","Bouncing Flask","Crippling Poison+1","Blur","A Thousand Cuts+1","Backflip","Burst+1","Blur","Outmaneuver","Deflect+1"],"relics":["Ring of the Snake","FaceOfCleric","Letter Opener","Black Star"],"potions_floor_usage":[14,16,16,22,24],"damage_taken":[{"damage":0,"enemies":"2 Louse","floor":1,"turns":3},{"damage":0,"enemies":"Cultist","floor":4,"turns":3},{"damage":1,"enemies":"Small Slimes","floor":7,"turns":3},{"damage":1,"enemies":"Red Slaver","floor":10,"turns":5},{"damage":1,"enemies":"Blue Slaver","floor":11,"turns":4},{"damage":2,"enemies":"Gremlin Gang","floor":13,"turns":3},{"damage":0,"enemies":"Exordium Thugs","floor":14,"turns":4},{"damage":39,"enemies":"The Guardian","floor":16,"turns":10},{"damage":0,"enemies":"Shell Parasite","floor":18,"turns":6},{"damage":3,"enemies":"Spheric Guardian","floor":20,"turns":3},{"damage":11,"enemies":"Centurion and Healer","floor":21,"turns":13},{"damage":8,"enemies":"Cultist and Chosen","floor":22,"turns":6},{"damage":49,"enemies":"Book of Stabbing","floor":24,"turns":5}],"seed_played":"-6160105078542696294","potions_obtained":[{"floor":1,"key":"FearPotion"},{"floor":7,"key":"Block Potion"},{"floor":10,"key":"LiquidBronze"},{"floor":14,"key":"Explosive Potion"},{"floor":20,"key":"Energy Potion"}],"is_trial":false,"path_per_floor":["M","?","$","M","?","R","M","?","T","M","M","R","M","M","R","B",null,"M","?","M","M","M","R","E"],"character_chosen":"THE_SILENT","items_purchased":[],"campfire_rested":0,"item_purchase_floors":[],"current_hp_per_floor":[63,63,63,63,63,63,62,62,62,62,62,62,61,62,62,24,62,63,63,61,51,44,44,0],"gold":284,"neow_bonus":"REMOVE_CARD","is_prod":false,"is_daily":false,"chose_seed":false,"campfire_upgraded":4,"win_rate":0,"timestamp":1548674966,"path_taken":["M","?","$","?","?","R","M","?","T","?","M","R","M","M","R","BOSS","M","?","?","M","?","R","E"],"build_version":"2019-01-23","purchased_purges":1,"victory":false,"max_hp_per_floor":[70,70,70,70,70,70,70,70,70,71,72,72,73,74,74,75,75,76,76,77,78,79,79,79],"card_choices":[{"not_picked":["Sucker Punch","Acrobatics"],"picked":"Bouncing Flask","floor":1},{"not_picked":["Leg Sweep","Terror"],"picked":"Blur","floor":4},{"not_picked":["Distraction","Dagger Throw","Acrobatics"],"picked":"SKIP","floor":7},{"not_picked":["Dodge and Roll","Quick Slash","Slice"],"picked":"SKIP","floor":10},{"not_picked":["Underhanded Strike","Sucker Punch"],"picked":"A Thousand Cuts","floor":11},{"not_picked":["Blade Dance","Dodge and Roll"],"picked":"Backflip","floor":13},{"not_picked":["Blade Dance","Dodge and Roll","Concentrate"],"picked":"SKIP","floor":14},{"not_picked":["Envenom","Corpse Explosion"],"picked":"Burst","floor":16},{"not_picked":["Distraction+1","Bouncing Flask"],"picked":"Blur","floor":18},{"not_picked":["Flechettes","Flying Knee","Acrobatics"],"picked":"SKIP","floor":20},{"not_picked":["Underhanded Strike+1","Deadly Poison"],"picked":"Outmaneuver","floor":21},{"not_picked":["Slice+1","Dodge and Roll+1"],"picked":"Deflect+1","floor":22}],"player_experience":199056,"relics_obtained":[{"floor":9,"key":"Letter Opener"}],"event_choices":[{"damage_healed":0,"gold_gain":0,"cards_transformed":["Strike_G"],"player_choice":"Transformed","damage_taken":0,"max_hp_gain":0,"max_hp_loss":0,"event_name":"Transmorgrifier","floor":2,"gold_loss":0,"cards_obtained":["Crippling Poison"]},{"cards_removed":["Defend_G"],"damage_healed":0,"gold_gain":0,"player_choice":"Card Removal","damage_taken":0,"max_hp_gain":0,"max_hp_loss":0,"event_name":"The Cleric","floor":5,"gold_loss":50},{"damage_healed":0,"gold_gain":0,"player_choice":"Trade","damage_taken":0,"relics_obtained":["FaceOfCleric"],"max_hp_gain":0,"max_hp_loss":0,"event_name":"FaceTrader","floor":8,"gold_loss":0},{"damage_healed":0,"gold_gain":100,"player_choice":"Bet on Murderer","damage_taken":0,"max_hp_gain":0,"max_hp_loss":0,"event_name":"The Joust","floor":19,"gold_loss":50}],"is_beta":false,"boss_relics":[{"not_picked":["Fusion Hammer","Runic Pyramid"],"picked":"Black Star"}],"items_purged_floors":[3],"is_endless":false,"potions_floor_spawned":[1,7,10,14,20],"killed_by":"Book of Stabbing","ascension_level":8}