{"gold_per_floor":[119,119,119,135,152,152,178,178,178,504,54,72,72,89,89,165,165,181,201,25,43,43,71,71,71],"floor_reached":25,"playtime":868,"items_purged":["Strike_B","Streamline"],"score":462,"play_id":"6a15a9ad-9559-4522-a2cf-2f43f6401370","local_time":"20191015232648","is_ascension_mode":true,"campfire_choices":[{"data":"Beam Cell","floor":6.0,"key":"SMITH"},{"floor":8.0,"key":"REST"},{"floor":15.0,"key":"REST"},{"data":"Apotheosis","floor":24.0,"key":"SMITH"}],"neow_cost":"NONE","seed_source_timestamp":0,"circlet_count":0,"master_deck":["AscendersBane","Zap+1","Dualcast","Beam Cell+1","Core Surge","Compile Driver","Turbo","Reinforced Body","Apotheosis+1","Recycle","Conserve Battery","Steam Power","Meteor Strike","Consume","Fusion","Amplify","Reprogram","Reboot","Gash","Heatsinks","Cold Snap","Self Repair","Capacitor","All For One"],"special_seed":0,"relics":["Cracked Core","Whetstone","Darkstone Periapt","Old Coin","FaceOfCleric","Nloth\u0027s Gift","CaptainsWheel"],"potions_floor_usage":[25],"damage_taken":[{"damage":5.0,"enemies":"Small Slimes","floor":1.0,"turns":4.0},{"damage":1.0,"enemies":"2 Louse","floor":4.0,"turns":2.0},{"damage":0.0,"enemies":"Jaw Worm","floor":5.0,"turns":2.0},{"damage":30.0,"enemies":"3 Sentries","floor":7.0,"turns":8.0},{"damage":13.0,"enemies":"Gremlin Nob","floor":10.0,"turns":3.0},{"damage":0.0,"enemies":"Looter","floor":12.0,"turns":1.0},{"damage":9.0,"enemies":"Lots of Slimes","floor":14.0,"turns":5.0},{"damage":26.0,"enemies":"Slime Boss","floor":16.0,"turns":11.0},{"damage":5.0,"enemies":"3 Byrds","floor":18.0,"turns":5.0},{"damage":2.0,"enemies":"Shell Parasite","floor":19.0,"turns":4.0},{"damage":28.0,"enemies":"Centurion and Healer","floor":21.0,"turns":8.0},{"damage":23.0,"enemies":"Gremlin Leader","floor":23.0,"turns":6.0},{"damage":27,"enemies":"Cultist and Chosen","floor":25,"turns":5}],"seed_played":"-8959861316094677769","potions_obtained":[{"floor":10.0,"key":"LiquidBronze"},{"floor":12.0,"key":"Swift Potion"},{"floor":16.0,"key":"AttackPotion"},{"floor":18.0,"key":"PowerPotion"},{"floor":23.0,"key":"FocusPotion"}],"is_trial":false,"path_per_floor":["M","?","?","M","M","R","E","R","T","E","$","M","?","M","R","B",null,"M","M","$","M","?","E","R","M"],"character_chosen":"DEFECT","items_purchased":["Apotheosis","Recycle","Fire Potion","Conserve Battery","Self Repair"],"campfire_rested":2,"item_purchase_floors":[11,11,11,11,20],"current_hp_per_floor":[59,59,38,37,37,37,7,28,28,15,15,15,15,7,28,3,56,52,51,51,44,44,32,32,5],"gold":71,"neow_bonus":"RANDOM_COMMON_RELIC","is_prod":false,"is_daily":false,"chose_seed":false,"campfire_upgraded":2,"win_rate":0,"timestamp":1571153208,"path_taken":["M","?","?","M","M","R","E","R","T","E","?","M","?","M","R","BOSS","M","M","$","?","?","E","R","M"],"build_version":"2019-10-14","purchased_purges":2,"victory":false,"max_hp_per_floor":[71,71,71,71,71,71,71,71,71,71,71,71,71,72,72,73,73,74,75,75,76,76,77,77,77],"card_choices":[{"not_picked":["Compile Driver","Steam"],"picked":"Beam Cell","floor":1.0},{"not_picked":["Loop","Gash"],"picked":"Core Surge","floor":4.0},{"not_picked":["Streamline","Barrage"],"picked":"Compile Driver","floor":5.0},{"not_picked":["Conserve Battery","Chaos"],"picked":"Turbo","floor":7.0},{"not_picked":["Sweeping Beam","Leap"],"picked":"Reinforced Body","floor":10.0},{"not_picked":["Beam Cell","FTL","Lockon"],"picked":"SKIP","floor":12.0},{"not_picked":["Scrape","Blizzard"],"picked":"Steam Power","floor":14.0},{"not_picked":["Electrodynamics","Thunder Strike"],"picked":"Meteor Strike","floor":16.0},{"not_picked":["Capacitor","Auto Shields"],"picked":"Heatsinks","floor":18.0},{"not_picked":["Ball Lightning","Recycle"],"picked":"Cold Snap","floor":19.0},{"not_picked":["FTL","Go for the Eyes+1"],"picked":"Capacitor","floor":21.0},{"not_picked":["Streamline","Beam Cell"],"picked":"All For One","floor":23.0}],"player_experience":1092801,"relics_obtained":[{"floor":7.0,"key":"Darkstone Periapt"},{"floor":10.0,"key":"Old Coin"},{"floor":23.0,"key":"CaptainsWheel"}],"event_choices":[{"damage_healed":0.0,"max_hp_gain":0.0,"max_hp_loss":0.0,"gold_gain":0.0,"event_name":"The Cleric","player_choice":"Leave","floor":2.0,"gold_loss":0.0,"damage_taken":0.0},{"damage_healed":0.0,"max_hp_gain":0.0,"max_hp_loss":0.0,"gold_gain":0.0,"event_name":"Shining Light","player_choice":"Entered Light","floor":3.0,"gold_loss":0.0,"damage_taken":21.0,"cards_upgraded":["Defend_B","Zap"]},{"damage_healed":0.0,"max_hp_gain":0.0,"max_hp_loss":0.0,"gold_gain":0.0,"event_name":"FaceTrader","player_choice":"Trade","floor":13.0,"gold_loss":0.0,"damage_taken":0.0,"relics_obtained":["FaceOfCleric"]},{"damage_healed":0.0,"max_hp_gain":0.0,"max_hp_loss":0.0,"gold_gain":0.0,"event_name":"N\u0027loth","player_choice":"Traded Relic","floor":22.0,"relics_lost":["Pandora\u0027s Box"],"gold_loss":0.0,"damage_taken":0.0,"relics_obtained":["Nloth\u0027s Gift"]}],"is_beta":true,"boss_relics":[{"not_picked":["Black Star","Runic Dome"],"picked":"Pandora\u0027s Box"}],"items_purged_floors":[11,20],"is_endless":false,"potions_floor_spawned":[10,12,16,18,23],"killed_by":"Cultist and Chosen","ascension_level":20}