{"gold_per_floor":[116,129,149,0,20,20,54,54,54,54,54,86,15,49,49,151,151,167,184,194,205,223,255,102,102,156,2,2,2],"floor_reached":29,"playtime":1770,"items_purged":[],"score":355,"play_id":"52ecc057-5206-4bef-9c34-1a87ec122325","local_time":"20190301174040","is_ascension_mode":true,"campfire_choices":[{"data":"Blade Dance","floor":6,"key":"SMITH"},{"floor":8,"key":"REST"},{"floor":11,"key":"REST"},{"data":"Accuracy","floor":15,"key":"SMITH"}],"neow_cost":"NONE","seed_source_timestamp":1357391531186801,"circlet_count":0,"master_deck":["Defend_G","Defend_G","Defend_G","Defend_G","Defend_G","Strike_G","Strike_G","Strike_G","Strike_G","Strike_G","Survivor","Neutralize","Finisher","Catalyst","Blade Dance+1","Noxious Fumes","PiercingWail","Choke","Accuracy+1","Burst","Storm of Steel","Backflip+1","Dash","Crippling Poison","Terror","Deflect","Bouncing Flask+1","Well Laid Plans","Bouncing Flask","Shame"],"relics":["Ring of the Snake","Centennial Puzzle","Orichalcum","Ancient Tea Set","Bottled Tornado","Torii","Regal Pillow","Fusion Hammer","Ornamental Fan","Oddly Smooth Stone","MutagenicStrength","Happy Flower","Bag of Preparation"],"potions_floor_usage":[7,20,21,23,23,29],"damage_taken":[{"damage":1,"enemies":"Small Slimes","floor":1,"turns":4},{"damage":0,"enemies":"2 Louse","floor":2,"turns":3},{"damage":1,"enemies":"Jaw Worm","floor":3,"turns":5},{"damage":18,"enemies":"Large Slime","floor":5,"turns":11},{"damage":35,"enemies":"Lagavulin","floor":7,"turns":6},{"damage":6,"enemies":"3 Sentries","floor":12,"turns":6},{"damage":9,"enemies":"Lagavulin","floor":14,"turns":5},{"damage":13,"enemies":"Hexaghost","floor":16,"turns":8},{"damage":1,"enemies":"Chosen","floor":18,"turns":4},{"damage":23,"enemies":"2 Thieves","floor":19,"turns":4},{"damage":1,"enemies":"Snake Plant","floor":20,"turns":5},{"damage":15,"enemies":"Cultist and Chosen","floor":21,"turns":6},{"damage":3,"enemies":"3 Cultists","floor":22,"turns":4},{"damage":9,"enemies":"Gremlin Leader","floor":23,"turns":5},{"damage":6,"enemies":"Centurion and Healer","floor":29,"turns":3}],"seed_played":"1097666971428732214","potions_obtained":[{"floor":1,"key":"Dexterity Potion"},{"floor":2,"key":"Poison Potion"},{"floor":7,"key":"Swift Potion"},{"floor":14,"key":"Strength Potion"},{"floor":20,"key":"GhostInAJar"},{"floor":21,"key":"Block Potion"}],"is_trial":false,"path_per_floor":["M","M","M","$","M","R","E","R","T","?","R","E","$","E","R","B",null,"M","M","M","M","M","E","$","?","T","$","?","M"],"character_chosen":"THE_SILENT","items_purchased":["Orichalcum","Accuracy","Oddly Smooth Stone","Well Laid Plans","Bouncing Flask","Energy Potion"],"campfire_rested":2,"item_purchase_floors":[4,13,24,27,27,27],"current_hp_per_floor":[62,62,61,61,43,43,8,29,29,29,50,44,44,35,35,22,58,57,34,33,18,15,6,6,6,6,6,6,0],"gold":2,"neow_bonus":"RANDOM_COMMON_RELIC","is_prod":false,"is_daily":false,"chose_seed":false,"campfire_upgraded":2,"win_rate":0,"timestamp":1551454840,"path_taken":["M","M","M","$","M","R","E","R","T","?","R","E","$","E","R","BOSS","M","M","M","M","M","E","$","?","T","$","?","M"],"build_version":"2019-01-23","purchased_purges":0,"victory":false,"max_hp_per_floor":[70,70,70,70,70,70,70,70,70,70,70,70,70,70,70,70,70,70,70,70,70,70,70,70,70,70,70,70,70],"card_choices":[{"not_picked":["Dagger Spray","Infinite Blades"],"picked":"Finisher","floor":1},{"not_picked":["Footwork","Dagger Spray"],"picked":"Catalyst","floor":2},{"not_picked":["PiercingWail","Flying Knee"],"picked":"Blade Dance","floor":3},{"not_picked":["Outmaneuver","Caltrops"],"picked":"Noxious Fumes","floor":5},{"not_picked":["Concentrate","Expertise"],"picked":"PiercingWail","floor":7},{"not_picked":["Blade Dance","Quick Slash"],"picked":"Choke","floor":12},{"not_picked":["Backflip","Skewer"],"picked":"Burst","floor":14},{"not_picked":["Adrenaline","Phantasmal Killer"],"picked":"Storm of Steel","floor":16},{"not_picked":["Slice","Footwork"],"picked":"Backflip+1","floor":18},{"not_picked":["Dagger Throw","Reflex"],"picked":"Dash","floor":19},{"not_picked":["Infinite Blades+1","Predator+1"],"picked":"Crippling Poison","floor":20},{"not_picked":["Quick Slash","Sucker Punch"],"picked":"Terror","floor":21},{"not_picked":["Finisher","Choke"],"picked":"Deflect","floor":22},{"not_picked":["Sucker Punch+1","Dagger Throw"],"picked":"Bouncing Flask+1","floor":23}],"player_experience":235479,"relics_obtained":[{"floor":7,"key":"Ancient Tea Set"},{"floor":9,"key":"Bottled Tornado"},{"floor":12,"key":"Torii"},{"floor":14,"key":"Regal Pillow"},{"floor":23,"key":"Ornamental Fan"},{"floor":26,"key":"Happy Flower"}],"event_choices":[{"damage_healed":0,"gold_gain":0,"player_choice":"Ignored","damage_taken":0,"max_hp_gain":0,"max_hp_loss":0,"event_name":"Shining Light","floor":10,"gold_loss":0},{"damage_healed":0,"gold_gain":0,"player_choice":"Inject Mutagens","damage_taken":0,"relics_obtained":["MutagenicStrength"],"max_hp_gain":0,"max_hp_loss":0,"event_name":"Drug Dealer","floor":25,"gold_loss":0},{"damage_healed":0,"gold_gain":0,"player_choice":"Stole Relic","damage_taken":0,"relics_obtained":["Bag of Preparation"],"max_hp_gain":0,"max_hp_loss":0,"event_name":"Addict","floor":28,"gold_loss":0,"cards_obtained":["Shame"]}],"is_beta":false,"boss_relics":[{"not_picked":["Ring of the Serpent","Lizard Tail"],"picked":"Fusion Hammer"}],"items_purged_floors":[],"is_endless":false,"potions_floor_spawned":[1,2,7,14,18,20,21],"killed_by":"Centurion and Healer","ascension_level":7}