{"gold_per_floor":[366,191,203,223,144,179,179,193,193,224,244,244,244,162,162,257,257,272,272,272,288,301,301,400,433,488,488,488,501,501,528,528,629,629,642,177,177,25,39,39,66,66,141,167,18,28,38,69,69,69],"floor_reached":51,"playtime":2993,"items_purged":[],"score":1247,"play_id":"80fea888-cc6f-4b11-8413-3dd9140d39ce","local_time":"20190509191151","is_ascension_mode":true,"campfire_choices":[{"floor":7,"key":"REST"},{"floor":12,"key":"REST"},{"floor":15,"key":"REST"},{"floor":23,"key":"REST"},{"floor":28,"key":"REST"},{"floor":32,"key":"REST"},{"floor":40,"key":"REST"},{"floor":42,"key":"DIG"},{"data":"Crippling Poison","floor":49,"key":"SMITH"}],"neow_cost":"PERCENT_DAMAGE","seed_source_timestamp":2492158207516839,"circlet_count":0,"master_deck":["Defend_G+1","Defend_G","Defend_G","Defend_G","Defend_G","Survivor","Neutralize+1","Quick Slash","Deadly Poison","Poisoned Stab","Crippling Poison+1","Noxious Fumes","Catalyst","Dodge and Roll","Backflip","Blur","Catalyst","Malaise","Bouncing Flask","Dagger Throw","Crippling Poison","Burst","Escape Plan+1","Bite","Bite","Bite","Bite","Bite","Deadly Poison+1","Envenom","Writhe","Normality","Doubt","Underhanded Strike+1","Catalyst","Well Laid Plans","Dash+1","Skewer+1","Backstab+1","Bouncing Flask+1","Dagger Throw+1","Endless Agony+1"],"relics":["Ring of the Snake","Thread and Needle","Mercury Hourglass","Darkstone Periapt","HoveringKite","Nilry\u0027s Codex","Ninja Scroll","PreservedInsect","FossilizedHelix","Regal Pillow","Calling Bell","Bag of Preparation","Paper Crane","Shovel","Molten Egg 2","HandDrill","Snake Skull","Centennial Puzzle","Bottled Flame","Mummified Hand","Bronze Scales","Bag of Marbles"],"potions_floor_usage":[25,33,35,35,50],"damage_taken":[{"damage":1,"enemies":"Cultist","floor":1,"turns":5},{"damage":5,"enemies":"Small Slimes","floor":3,"turns":5},{"damage":0,"enemies":"2 Louse","floor":4,"turns":3},{"damage":32,"enemies":"Lagavulin","floor":6,"turns":6},{"damage":0,"enemies":"Looter","floor":8,"turns":4},{"damage":11,"enemies":"3 Sentries","floor":10,"turns":6},{"damage":0,"enemies":"Large Slime","floor":11,"turns":5},{"damage":2,"enemies":"The Guardian","floor":16,"turns":7},{"damage":6,"enemies":"Spheric Guardian","floor":18,"turns":5},{"damage":9,"enemies":"2 Thieves","floor":21,"turns":5},{"damage":11,"enemies":"Centurion and Healer","floor":22,"turns":4},{"damage":13,"enemies":"Slavers","floor":25,"turns":5},{"damage":0,"enemies":"Sentry and Sphere","floor":29,"turns":3},{"damage":21,"enemies":"Gremlin Leader","floor":31,"turns":6},{"damage":0,"enemies":"Champ","floor":33,"turns":7},{"damage":44,"enemies":"3 Darklings","floor":35,"turns":5},{"damage":0,"enemies":"Orb Walker","floor":39,"turns":4},{"damage":5,"enemies":"Nemesis","floor":41,"turns":5},{"damage":10,"enemies":"Reptomancer","floor":44,"turns":6},{"damage":0,"enemies":"Maw","floor":46,"turns":6},{"damage":7,"enemies":"3 Darklings","floor":47,"turns":5},{"damage":0,"enemies":"Giant Head","floor":48,"turns":5},{"damage":61,"enemies":"Donu and Deca","floor":50,"turns":8}],"seed_played":"2490104682987032419","potions_obtained":[{"floor":4,"key":"Dexterity Potion"},{"floor":6,"key":"FearPotion"},{"floor":10,"key":"Energy Potion"},{"floor":21,"key":"Swift Potion"},{"floor":25,"key":"AttackPotion"},{"floor":39,"key":"FearPotion"},{"floor":46,"key":"Regen Potion"}],"is_trial":false,"path_per_floor":["M","$","M","M","$","E","R","M","T","E","M","R","?","$","R","B",null,"M","?","?","M","M","R","?","E","T","T","R","M","?","E","R","B",null,"M","$","?","$","M","R","E","R","T","E","$","M","M","E","R","B",null],"character_chosen":"THE_SILENT","items_purchased":["Blood Vial","Deadly Poison","Noxious Fumes","Catalyst","Molten Egg 2","HandDrill","Snake Skull","Backstab+1","Regen Potion"],"campfire_rested":7,"item_purchase_floors":[2,2,5,14,36,36,38,45,45],"current_hp_per_floor":[44,44,41,43,43,13,34,36,36,27,29,50,36,36,57,57,67,63,47,47,40,31,52,52,41,41,41,62,64,64,51,70,70,88,46,46,46,46,52,88,87,87,87,82,82,88,81,83,83,26],"gold":69,"neow_bonus":"TWO_FIFTY_GOLD","is_prod":false,"is_daily":false,"chose_seed":false,"campfire_upgraded":1,"win_rate":0,"timestamp":1557418311,"path_taken":["M","$","M","M","?","E","R","M","T","E","M","R","?","$","R","BOSS","M","?","?","M","M","R","?","E","T","?","R","M","?","E","R","BOSS","M","$","?","$","M","R","E","R","T","E","?","M","?","E","R","BOSS"],"build_version":"2019-01-23","purchased_purges":0,"victory":true,"max_hp_per_floor":[70,70,70,70,70,70,70,70,70,70,70,70,70,70,70,70,70,70,70,70,70,70,70,70,70,70,70,70,70,70,70,70,70,88,88,88,88,88,88,88,88,88,88,88,88,88,88,88,88,88],"card_choices":[{"not_picked":["Underhanded Strike","Acrobatics"],"picked":"Quick Slash","floor":1},{"not_picked":["Deflect","PiercingWail"],"picked":"Poisoned Stab","floor":3},{"not_picked":["Footwork","Acrobatics"],"picked":"Crippling Poison","floor":4},{"not_picked":["Doppelganger","Outmaneuver"],"picked":"Catalyst","floor":6},{"not_picked":["Tactician","Poisoned Stab"],"picked":"Dodge and Roll","floor":8},{"not_picked":["Predator","Choke"],"picked":"Backflip","floor":10},{"not_picked":["Poisoned Stab","Masterful Stab"],"picked":"Blur","floor":11},{"not_picked":["Night Terror","Die Die Die"],"picked":"Malaise","floor":16},{"not_picked":["Blade Dance+1","Flying Knee"],"picked":"Bouncing Flask","floor":18},{"not_picked":["Blade Dance","Slice"],"picked":"Dagger Throw","floor":21},{"not_picked":["Outmaneuver","Poisoned Stab+1"],"picked":"Crippling Poison","floor":22},{"not_picked":["Deflect","Bane"],"picked":"Burst","floor":25},{"not_picked":["Calculated Gamble+1","Flechettes"],"picked":"Escape Plan+1","floor":29},{"not_picked":["Escape Plan","Underhanded Strike"],"picked":"Deadly Poison+1","floor":31},{"not_picked":["Burst","Wraith Form v2"],"picked":"Envenom","floor":33},{"not_picked":["Dagger Throw","Prepared+1"],"picked":"Underhanded Strike+1","floor":35},{"not_picked":["Flechettes+1","Masterful Stab+1"],"picked":"Well Laid Plans","floor":39},{"not_picked":["Dodge and Roll","Well Laid Plans"],"picked":"Dash+1","floor":41},{"not_picked":["Flechettes+1","Calculated Gamble"],"picked":"Skewer+1","floor":44},{"not_picked":["Setup+1","Acrobatics+1"],"picked":"Bouncing Flask+1","floor":46},{"not_picked":["Acrobatics+1","Quick Slash+1"],"picked":"Dagger Throw+1","floor":47},{"not_picked":["Deadly Poison","Distraction"],"picked":"Endless Agony+1","floor":48}],"player_experience":328461,"relics_obtained":[{"floor":6,"key":"Thread and Needle"},{"floor":9,"key":"Mercury Hourglass"},{"floor":10,"key":"Darkstone Periapt"},{"floor":19,"key":"Nilry\u0027s Codex"},{"floor":25,"key":"Ninja Scroll"},{"floor":26,"key":"PreservedInsect"},{"floor":27,"key":"FossilizedHelix"},{"floor":31,"key":"Regal Pillow"},{"floor":34,"key":"Bag of Preparation"},{"floor":34,"key":"Paper Crane"},{"floor":34,"key":"Shovel"},{"floor":41,"key":"Centennial Puzzle"},{"floor":42,"key":"Bottled Flame"},{"floor":43,"key":"Mummified Hand"},{"floor":44,"key":"Bronze Scales"},{"floor":48,"key":"Bag of Marbles"}],"event_choices":[{"damage_healed":0,"gold_gain":0,"player_choice":"Entered Light","damage_taken":14,"max_hp_gain":0,"max_hp_loss":0,"event_name":"Shining Light","floor":13,"gold_loss":0,"cards_upgraded":["Defend_G","Neutralize"]},{"damage_healed":0,"gold_gain":0,"player_choice":"Obtained Book","damage_taken":16,"max_hp_gain":0,"max_hp_loss":0,"event_name":"Cursed Tome","floor":19,"gold_loss":0},{"damage_healed":0,"gold_gain":0,"player_choice":"Ignored","damage_taken":0,"max_hp_gain":0,"max_hp_loss":0,"event_name":"Beggar","floor":20,"gold_loss":0},{"damage_healed":0,"gold_gain":99,"player_choice":"Stole From Cult","damage_taken":0,"max_hp_gain":0,"max_hp_loss":0,"event_name":"Nest","floor":24,"gold_loss":0},{"damage_healed":0,"gold_gain":0,"player_choice":"Became a vampire (Vial)","damage_taken":0,"max_hp_gain":0,"max_hp_loss":0,"event_name":"Vampires","floor":30,"relics_lost":["Blood Vial"],"gold_loss":0,"cards_obtained":["Bite","Bite","Bite","Bite","Bite"]},{"damage_healed":0,"gold_gain":0,"player_choice":"Copied","damage_taken":0,"max_hp_gain":0,"max_hp_loss":0,"event_name":"Duplicator","floor":37,"gold_loss":0,"cards_obtained":["Catalyst"]}],"is_beta":false,"boss_relics":[{"not_picked":["Runic Dome","Sozu"],"picked":"HoveringKite"},{"not_picked":["Tiny House","Velvet Choker"],"picked":"Calling Bell"}],"items_purged_floors":[],"is_endless":false,"potions_floor_spawned":[4,6,10,11,18,21,25,39,46,47],"ascension_level":7}