{"gold_per_floor":[119,119,131,143,163,163,189,189,214,232,232,251,264,364,364,464,464,450,470,395,395,54,54,65,65,65,78,177,177],"floor_reached":29,"playtime":1487,"items_purged":[],"score":227,"play_id":"10e33663-770e-4c4b-9a13-bfcbca885546","local_time":"20190930115216","is_ascension_mode":false,"campfire_choices":[{"data":"Dash","floor":6,"key":"SMITH"},{"data":"Catalyst","floor":8,"key":"SMITH"},{"data":"Poisoned Stab","floor":11,"key":"SMITH"},{"data":"Footwork","floor":15,"key":"SMITH"},{"data":"Noxious Fumes","floor":23,"key":"SMITH"}],"neow_cost":"NONE","seed_source_timestamp":307797636579000,"circlet_count":0,"master_deck":["Strike_G","Strike_G","Strike_G","Strike_G","Strike_G","Defend_G","Defend_G","Defend_G","Defend_G","Survivor","Neutralize","Cloak And Dagger+1","Dash+1","Catalyst+1","Poisoned Stab+1","Footwork+1","Catalyst","Bullet Time","Deflect","Deflect","Bane","Deflect+1","Footwork","Noxious Fumes","Deadly Poison","Noxious Fumes+1"],"relics":["Ring of the Snake","NeowsBlessing","Strawberry","Omamori","Orrery","Ancient Tea Set","DollysMirror","Frozen Egg 2"],"potions_floor_usage":[7,16,16,24,27],"damage_taken":[{"damage":0,"enemies":"Jaw Worm","floor":1,"turns":1},{"damage":0,"enemies":"Small Slimes","floor":3,"turns":1},{"damage":0,"enemies":"Cultist","floor":4,"turns":1},{"damage":1,"enemies":"3 Louse","floor":5,"turns":4},{"damage":3,"enemies":"Lagavulin","floor":7,"turns":9},{"damage":0,"enemies":"2 Fungi Beasts","floor":10,"turns":4},{"damage":2,"enemies":"Blue Slaver","floor":12,"turns":4},{"damage":0,"enemies":"3 Louse","floor":13,"turns":4},{"damage":21,"enemies":"Slime Boss","floor":16,"turns":9},{"damage":23,"enemies":"2 Thieves","floor":18,"turns":4},{"damage":27,"enemies":"3 Byrds","floor":19,"turns":10},{"damage":4,"enemies":"Snake Plant","floor":24,"turns":4},{"damage":0,"enemies":"Centurion and Healer","floor":27,"turns":7},{"damage":8,"enemies":"Sentry and Sphere","floor":29,"turns":3}],"seed_played":"-4562235925243765918","potions_obtained":[{"floor":5,"key":"EssenceOfSteel"},{"floor":7,"key":"FearPotion"},{"floor":10,"key":"SkillPotion"},{"floor":19,"key":"Poison Potion"},{"floor":24,"key":"SkillPotion"}],"is_trial":false,"path_per_floor":["M","?","M","M","M","R","E","R","T","M","R","M","M","?","R","B",null,"M","M","?","?","$","R","M","?","T","M","?","M"],"character_chosen":"THE_SILENT","items_purchased":["Noxious Fumes","Deadly Poison","DollysMirror"],"campfire_rested":0,"item_purchase_floors":[22,22,22],"current_hp_per_floor":[70,70,70,70,69,69,73,73,73,73,73,71,71,71,71,50,77,54,27,27,27,27,27,23,7,7,7,7,0],"gold":177,"neow_bonus":"THREE_ENEMY_KILL","is_prod":false,"is_daily":false,"chose_seed":false,"campfire_upgraded":5,"win_rate":0.0,"timestamp":1569837136,"path_taken":["M","?","M","M","M","R","E","R","T","M","R","M","M","?","R","BOSS","M","M","?","?","$","R","M","?","T","M","?","M"],"build_version":"2019-07-17","purchased_purges":0,"victory":false,"max_hp_per_floor":[70,70,70,70,70,70,77,77,77,77,77,77,77,77,77,77,77,77,77,77,77,77,77,77,77,77,77,77,77],"card_choices":[{"not_picked":["PiercingWail","Sucker Punch"],"picked":"Cloak And Dagger","floor":1},{"not_picked":["Dodge and Roll","Prepared","Flying Knee"],"picked":"SKIP","floor":3},{"not_picked":["Endless Agony","Choke","Dodge and Roll"],"picked":"SKIP","floor":4},{"not_picked":["Acrobatics","Slice"],"picked":"Dash","floor":5},{"not_picked":["Underhanded Strike","Blade Dance"],"picked":"Catalyst","floor":7},{"not_picked":["Blur","Endless Agony"],"picked":"Poisoned Stab","floor":10},{"not_picked":["Dash","Endless Agony"],"picked":"Footwork","floor":12},{"not_picked":["Backflip","Adrenaline"],"picked":"Catalyst","floor":13},{"not_picked":["Wraith Form v2","Die Die Die"],"picked":"Bullet Time","floor":16},{"not_picked":["Choke","Terror"],"picked":"Deflect","floor":17},{"not_picked":["Underhanded Strike","Caltrops"],"picked":"Deflect","floor":17},{"not_picked":["Flechettes","Backflip"],"picked":"Bane","floor":17},{"not_picked":["Blur+1","Acrobatics+1"],"picked":"Deflect+1","floor":18},{"not_picked":["Deflect+1","A Thousand Cuts"],"picked":"Footwork","floor":19},{"not_picked":["Terror","Flying Knee","Reflex+1"],"picked":"SKIP","floor":24},{"not_picked":["Acrobatics","PiercingWail","Dodge and Roll"],"picked":"SKIP","floor":27}],"player_experience":80244,"relics_obtained":[{"floor":7,"key":"Strawberry"},{"floor":9,"key":"Omamori"},{"floor":26,"key":"Frozen Egg 2"}],"event_choices":[{"damage_healed":0,"gold_gain":0,"player_choice":"Grow","damage_taken":0,"max_hp_gain":0,"max_hp_loss":0,"event_name":"Living Wall","floor":2,"gold_loss":0,"cards_upgraded":["Cloak And Dagger"]},{"damage_healed":0,"gold_gain":100,"player_choice":"Gold","damage_taken":0,"max_hp_gain":0,"max_hp_loss":0,"event_name":"Wheel of Change","floor":14,"gold_loss":0},{"cards_removed":["Defend_G"],"damage_healed":0,"gold_gain":0,"player_choice":"Gave Gold","damage_taken":0,"max_hp_gain":0,"max_hp_loss":0,"event_name":"Beggar","floor":20,"gold_loss":75},{"damage_healed":0,"gold_gain":0,"player_choice":"Opened","damage_taken":0,"relics_obtained":["Ancient Tea Set"],"max_hp_gain":0,"max_hp_loss":0,"event_name":"The Mausoleum","floor":21,"gold_loss":0},{"damage_healed":0,"gold_gain":0,"player_choice":"Obtained Book","damage_taken":16,"max_hp_gain":0,"max_hp_loss":0,"event_name":"Cursed Tome","floor":25,"gold_loss":0},{"damage_healed":0,"gold_gain":99,"player_choice":"Stole From Cult","damage_taken":0,"max_hp_gain":0,"max_hp_loss":0,"event_name":"Nest","floor":28,"gold_loss":0}],"is_beta":false,"boss_relics":[{"not_picked":["Snecko Eye","Astrolabe"],"picked":"Orrery"}],"items_purged_floors":[],"is_endless":false,"potions_floor_spawned":[5,7,10,19,24],"killed_by":"Sentry and Sphere","ascension_level":0}