{"gold_per_floor":[119,119,119,135,152,178,178,510,510,510,528,69,69,86,86,162,162,178,198,33,51,64,64,64],"floor_reached":24,"playtime":817,"items_purged":["Strike_B"],"score":516,"play_id":"4d0f2bc9-89f3-4e99-8a79-7c069488e448","local_time":"20191015230910","is_ascension_mode":true,"campfire_choices":[{"floor":7.0,"key":"REST"},{"floor":10.0,"key":"REST"},{"data":"Zap","floor":15.0,"key":"SMITH"},{"floor":23.0,"key":"REST"}],"neow_cost":"NONE","seed_source_timestamp":0,"circlet_count":0,"master_deck":["AscendersBane","Zap+1","Dualcast+1","Cold Snap","Compile Driver","Core Surge","Compile Driver","Turbo","Reinforced Body","Scrape","Meteor Strike","Consume","Fusion","Amplify","Reprogram","Reboot","Gash","Streamline","Heatsinks","Recycle","All For One","Go for the Eyes+1"],"special_seed":0,"relics":["Cracked Core","Darkstone Periapt","Old Coin","CaptainsWheel","Bag of Marbles","Anchor","FaceOfCleric","Pandora\u0027s Box"],"potions_floor_usage":[],"damage_taken":[{"damage":0.0,"enemies":"Small Slimes","floor":1.0,"turns":3.0},{"damage":4.0,"enemies":"2 Louse","floor":4.0,"turns":3.0},{"damage":2.0,"enemies":"Jaw Worm","floor":5.0,"turns":3.0},{"damage":28.0,"enemies":"3 Sentries","floor":6.0,"turns":8.0},{"damage":27.0,"enemies":"Gremlin Nob","floor":8.0,"turns":4.0},{"damage":9.0,"enemies":"Looter","floor":11.0,"turns":2.0},{"damage":0.0,"enemies":"Lots of Slimes","floor":14.0,"turns":3.0},{"damage":0.0,"enemies":"Slime Boss","floor":16.0,"turns":6.0},{"damage":34.0,"enemies":"3 Byrds","floor":18.0,"turns":5.0},{"damage":11.0,"enemies":"Shell Parasite","floor":19.0,"turns":4.0},{"damage":0.0,"enemies":"Centurion and Healer","floor":21.0,"turns":5.0},{"damage":15.0,"enemies":"Cultist and Chosen","floor":22.0,"turns":4.0},{"damage":21,"enemies":"Gremlin Leader","floor":24,"turns":7}],"seed_played":"-8959861316094677769","potions_obtained":[{"floor":8.0,"key":"LiquidBronze"},{"floor":11.0,"key":"Ancient Potion"},{"floor":14.0,"key":"AttackPotion"},{"floor":16.0,"key":"PowerPotion"},{"floor":19.0,"key":"Weak Potion"},{"floor":22.0,"key":"SpeedPotion"}],"is_trial":false,"path_per_floor":["M","?","?","M","M","E","R","E","T","R","M","$","?","M","R","B",null,"M","M","$","M","M","R","E"],"character_chosen":"DEFECT","items_purchased":["Fire Potion","Bag of Marbles","Anchor","All For One"],"campfire_rested":3,"item_purchase_floors":[12,12,12,20],"current_hp_per_floor":[64,64,43,39,37,9,30,3,3,24,15,15,15,16,16,17,59,26,16,16,17,3,26,5],"gold":64,"neow_bonus":"THREE_CARDS","is_prod":false,"is_daily":false,"chose_seed":false,"campfire_upgraded":1,"win_rate":0,"timestamp":1571152150,"path_taken":["M","?","?","M","M","E","R","E","T","R","M","?","?","M","R","BOSS","M","M","$","?","M","R","E"],"build_version":"2019-10-14","purchased_purges":1,"victory":false,"max_hp_per_floor":[71,71,71,71,71,71,71,71,71,71,71,71,71,72,72,73,73,74,75,75,76,77,77,77],"card_choices":[{"not_picked":["Redo","Leap"],"picked":"Cold Snap","floor":0.0},{"not_picked":["Steam","Beam Cell"],"picked":"Compile Driver","floor":1.0},{"not_picked":["Loop","Gash"],"picked":"Core Surge","floor":4.0},{"not_picked":["Streamline","Barrage"],"picked":"Compile Driver","floor":5.0},{"not_picked":["Conserve Battery","Chaos"],"picked":"Turbo","floor":6.0},{"not_picked":["Sweeping Beam","Leap"],"picked":"Reinforced Body","floor":8.0},{"not_picked":["Reprogram","Storm","Streamline"],"picked":"SKIP","floor":11.0},{"not_picked":["Steam Power","Blizzard"],"picked":"Scrape","floor":14.0},{"not_picked":["Electrodynamics","Thunder Strike"],"picked":"Meteor Strike","floor":16.0},{"not_picked":["Capacitor","Auto Shields"],"picked":"Heatsinks","floor":18.0},{"not_picked":["Ball Lightning","Cold Snap"],"picked":"Recycle","floor":19.0},{"not_picked":["FTL","Capacitor"],"picked":"Go for the Eyes+1","floor":21.0},{"not_picked":["Streamline","All For One","Beam Cell"],"picked":"SKIP","floor":22.0}],"player_experience":1091984,"relics_obtained":[{"floor":6.0,"key":"Darkstone Periapt"},{"floor":8.0,"key":"Old Coin"},{"floor":9.0,"key":"CaptainsWheel"}],"event_choices":[{"damage_healed":0.0,"max_hp_gain":0.0,"max_hp_loss":0.0,"gold_gain":0.0,"event_name":"The Cleric","player_choice":"Leave","floor":2.0,"gold_loss":0.0,"damage_taken":0.0},{"damage_healed":0.0,"max_hp_gain":0.0,"max_hp_loss":0.0,"gold_gain":0.0,"event_name":"Shining Light","player_choice":"Entered Light","floor":3.0,"gold_loss":0.0,"damage_taken":21.0,"cards_upgraded":["Strike_B","Dualcast"]},{"damage_healed":0.0,"max_hp_gain":0.0,"max_hp_loss":0.0,"gold_gain":0.0,"event_name":"FaceTrader","player_choice":"Trade","floor":13.0,"gold_loss":0.0,"damage_taken":0.0,"relics_obtained":["FaceOfCleric"]}],"is_beta":true,"boss_relics":[{"not_picked":["Black Star","Runic Dome"],"picked":"Pandora\u0027s Box"}],"items_purged_floors":[12],"is_endless":false,"potions_floor_spawned":[8,11,14,16,19,22],"killed_by":"Gremlin Leader","ascension_level":20}