{"gold_per_floor":[117,127,127,140,156,156,171,171,216,216,45,63,138,154,154,259,259,273,288,363,383,394,394,407,407,407,407,407],"floor_reached":28,"playtime":1426,"items_purged":["Wraith Form v2"],"score":214,"play_id":"ad90638d-3497-42f9-9c1d-b795535f1dde","local_time":"20190929191805","is_ascension_mode":false,"campfire_choices":[{"data":"Noxious Fumes","floor":6,"key":"SMITH"},{"data":"Deadly Poison","floor":8,"key":"SMITH"},{"data":"Deflect","floor":10,"key":"SMITH"},{"floor":15,"key":"REST"},{"floor":23,"key":"REST"},{"data":"Corpse Explosion","floor":25,"key":"SMITH"},{"data":"Defend_G","floor":27,"key":"PURGE"}],"neow_cost":"NONE","seed_source_timestamp":248207389668800,"circlet_count":0,"master_deck":["Strike_G","Strike_G","Strike_G","Strike_G","Defend_G","Defend_G","Defend_G","Defend_G","Survivor","Neutralize","Deflect+1","Noxious Fumes+1","Deadly Poison+1","Noxious Fumes","Backflip","Corpse Explosion+1","Bane","Bouncing Flask","Footwork"],"relics":["Ring of the Snake","Omamori","HoveringKite","Peace Pipe"],"potions_floor_usage":[18,22],"damage_taken":[{"damage":1,"enemies":"2 Louse","floor":1,"turns":4},{"damage":1,"enemies":"Cultist","floor":2,"turns":5},{"damage":9,"enemies":"Small Slimes","floor":4,"turns":7},{"damage":15,"enemies":"Exordium Thugs","floor":5,"turns":7},{"damage":0,"enemies":"3 Louse","floor":7,"turns":4},{"damage":1,"enemies":"Blue Slaver","floor":12,"turns":4},{"damage":12,"enemies":"Gremlin Gang","floor":14,"turns":4},{"damage":9,"enemies":"Hexaghost","floor":16,"turns":9},{"damage":18,"enemies":"2 Thieves","floor":18,"turns":4},{"damage":7,"enemies":"Shell Parasite","floor":19,"turns":5},{"damage":11,"enemies":"3 Cultists","floor":21,"turns":3},{"damage":4,"enemies":"Cultist and Chosen","floor":22,"turns":4},{"damage":23,"enemies":"Snecko","floor":24,"turns":5},{"damage":22,"enemies":"Colosseum Slavers","floor":28,"turns":3}],"seed_played":"535710323301933046","potions_obtained":[{"floor":2,"key":"GamblersBrew"},{"floor":4,"key":"GamblersBrew"},{"floor":12,"key":"Block Potion"},{"floor":21,"key":"Fire Potion"}],"is_trial":false,"path_per_floor":["M","M","?","M","M","R","M","R","T","R","$","M","?","M","R","B",null,"M","M","?","M","M","R","M","R","T","R","?"],"character_chosen":"THE_SILENT","items_purchased":["Noxious Fumes","Backflip"],"campfire_rested":2,"item_purchase_floors":[11,11],"current_hp_per_floor":[69,68,68,59,44,44,44,44,44,44,44,43,32,20,41,32,70,52,45,38,27,23,44,21,21,21,21,0],"gold":407,"neow_bonus":"THREE_SMALL_POTIONS","is_prod":false,"is_daily":false,"chose_seed":false,"campfire_upgraded":4,"win_rate":0.0,"timestamp":1569777485,"path_taken":["M","M","?","M","M","R","M","R","T","R","?","M","?","M","R","BOSS","M","M","?","M","?","R","M","R","T","R","?"],"build_version":"2019-07-17","purchased_purges":1,"victory":false,"max_hp_per_floor":[70,70,70,70,70,70,70,70,70,70,70,70,70,70,70,70,70,70,70,70,70,70,70,70,70,70,70,70],"card_choices":[{"not_picked":["Escape Plan","Sucker Punch"],"picked":"Deflect","floor":1},{"not_picked":["PiercingWail","Well Laid Plans"],"picked":"Noxious Fumes","floor":2},{"not_picked":["Dagger Spray","Calculated Gamble","Slice"],"picked":"SKIP","floor":4},{"not_picked":["Escape Plan","Flying Knee","Quick Slash"],"picked":"SKIP","floor":5},{"not_picked":["Dagger Throw","Blade Dance"],"picked":"Deadly Poison","floor":7},{"not_picked":["Terror","Predator","Distraction"],"picked":"SKIP","floor":12},{"not_picked":["Prepared","Slice","Dagger Throw"],"picked":"SKIP","floor":14},{"not_picked":["Die Die Die","Wraith Form v2"],"picked":"Corpse Explosion","floor":16},{"not_picked":["Blade Dance+1","Eviscerate"],"picked":"Bane","floor":18},{"not_picked":["Flying Knee","Flechettes","Blade Dance"],"picked":"SKIP","floor":19},{"not_picked":["Slice","Dodge and Roll"],"picked":"Bouncing Flask","floor":21},{"not_picked":["Backflip","Heel Hook+1"],"picked":"Footwork","floor":22},{"not_picked":["Eviscerate","Flechettes","Heel Hook"],"picked":"SKIP","floor":24}],"player_experience":67410,"relics_obtained":[{"floor":9,"key":"Omamori"},{"floor":26,"key":"Peace Pipe"}],"event_choices":[{"damage_healed":0,"gold_gain":0,"cards_transformed":["Strike_G"],"player_choice":"Transformed","damage_taken":0,"max_hp_gain":0,"max_hp_loss":0,"event_name":"Transmorgrifier","floor":3,"gold_loss":0,"cards_obtained":["Wraith Form v2"]},{"damage_healed":0,"gold_gain":75,"player_choice":"Gather Gold","damage_taken":11,"max_hp_gain":0,"max_hp_loss":0,"event_name":"World of Goop","floor":13,"gold_loss":0},{"damage_healed":0,"gold_gain":75,"player_choice":"Touch","damage_taken":7,"max_hp_gain":0,"max_hp_loss":0,"event_name":"FaceTrader","floor":20,"gold_loss":0},{"damage_healed":0,"gold_gain":0,"player_choice":"Fight","damage_taken":0,"max_hp_gain":0,"max_hp_loss":0,"event_name":"Colosseum","floor":28,"gold_loss":0}],"is_beta":false,"boss_relics":[{"not_picked":["Snecko Eye","Eternal Feather"],"picked":"HoveringKite"}],"items_purged_floors":[11],"is_endless":false,"potions_floor_spawned":[2,4,12,16,21],"killed_by":"Colosseum Slavers","ascension_level":0}