{"gold_per_floor":[110,110,110,129,148,182,182,208,208,60,74,74,93,12,12,114,114,126,88,88,103,114,114,114],"floor_reached":24,"playtime":2019,"items_purged":[],"score":247,"play_id":"534d66fc-35cb-42c2-9e7a-76caecb00166","local_time":"20191020101418","is_ascension_mode":true,"campfire_choices":[{"floor":7,"key":"REST"},{"floor":15,"key":"REST"},{"floor":23,"key":"REST"}],"neow_cost":"NONE","seed_source_timestamp":785182557051100,"circlet_count":0,"master_deck":["Strike_B","Strike_B","Strike_B","Strike_B","Defend_B","Defend_B","Defend_B","Zap","Dualcast","Hologram+1","Conserve Battery","Go for the Eyes","All For One","Leap","Reprogram","Trip","White Noise","Echo Form","Gash","Self Repair","FTL","Go for the Eyes"],"relics":["Cracked Core","PreservedInsect","Bag of Marbles","Torii","Dream Catcher","Black Star"],"potions_floor_usage":[21,24],"damage_taken":[{"damage":2,"enemies":"Jaw Worm","floor":1,"turns":3},{"damage":1,"enemies":"Cultist","floor":4,"turns":3},{"damage":7,"enemies":"Small Slimes","floor":5,"turns":4},{"damage":36,"enemies":"3 Sentries","floor":6,"turns":8},{"damage":3,"enemies":"Gremlin Nob","floor":8,"turns":3},{"damage":9,"enemies":"Red Slaver","floor":11,"turns":4},{"damage":12,"enemies":"3 Louse","floor":13,"turns":3},{"damage":30,"enemies":"The Guardian","floor":16,"turns":12},{"damage":26,"enemies":"Chosen","floor":18,"turns":6},{"damage":12,"enemies":"Spheric Guardian","floor":21,"turns":4},{"damage":36,"enemies":"Snake Plant","floor":22,"turns":6},{"damage":19,"enemies":"Snecko","floor":24,"turns":5}],"seed_played":"-4060973770313644580","potions_obtained":[{"floor":8,"key":"SpeedPotion"},{"floor":11,"key":"Swift Potion"},{"floor":16,"key":"GamblersBrew"},{"floor":22,"key":"Dexterity Potion"}],"is_trial":false,"path_per_floor":["M","?","T","M","M","E","R","E","T","$","M","?","M","$","R","B",null,"M","$","?","M","M","R","M"],"character_chosen":"DEFECT","items_purchased":["All For One","Trip","Self Repair"],"campfire_rested":3,"item_purchase_floors":[10,14,19],"current_hp_per_floor":[73,73,73,72,65,29,51,48,48,48,39,39,27,27,49,19,75,49,49,49,37,8,30,11],"gold":114,"neow_bonus":"RANDOM_COMMON_RELIC","is_prod":false,"is_daily":false,"chose_seed":false,"campfire_upgraded":0,"win_rate":0,"timestamp":1571559258,"path_taken":["M","?","?","M","?","E","R","E","T","?","M","?","?","$","R","BOSS","M","$","?","?","M","R","M"],"build_version":"2019-07-17","purchased_purges":0,"victory":false,"max_hp_per_floor":[75,75,75,75,75,75,75,75,75,75,75,75,75,75,75,75,75,75,75,75,75,75,75,75],"card_choices":[{"not_picked":["Ball Lightning","Self Repair"],"picked":"Hologram","floor":1},{"not_picked":["Capacitor","Chaos","Stack"],"picked":"SKIP","floor":4},{"not_picked":["Darkness","Coolheaded"],"picked":"Conserve Battery","floor":5},{"not_picked":["Reprogram","Hello World"],"picked":"Go for the Eyes","floor":6},{"not_picked":["Compile Driver","Coolheaded","Genetic Algorithm"],"picked":"SKIP","floor":8},{"not_picked":["Chill","Rip and Tear"],"picked":"Leap","floor":11},{"not_picked":["Sweeping Beam","Heatsinks"],"picked":"Reprogram","floor":13},{"not_picked":["Fission","Sweeping Beam"],"picked":"White Noise","floor":15},{"not_picked":["Fission","Reboot"],"picked":"Echo Form","floor":16},{"not_picked":["Steam+1","Reprogram+1"],"picked":"Gash","floor":18},{"not_picked":["Genetic Algorithm+1","Go for the Eyes","Barrage"],"picked":"SKIP","floor":21},{"not_picked":["Cold Snap","Glacier"],"picked":"FTL","floor":22},{"not_picked":["Rip and Tear","Rebound"],"picked":"Go for the Eyes","floor":23}],"player_experience":393293,"relics_obtained":[{"floor":6,"key":"Bag of Marbles"},{"floor":8,"key":"Torii"},{"floor":9,"key":"Dream Catcher"}],"event_choices":[{"damage_healed":0,"gold_gain":0,"player_choice":"Ignored","damage_taken":0,"max_hp_gain":0,"max_hp_loss":0,"event_name":"Golden Wing","floor":2,"gold_loss":0},{"cards_removed":["Defend_B"],"damage_healed":0,"gold_gain":0,"player_choice":"Purged","damage_taken":0,"max_hp_gain":0,"max_hp_loss":0,"event_name":"Purifier","floor":12,"gold_loss":0},{"damage_healed":0,"gold_gain":0,"player_choice":"Forge","damage_taken":0,"max_hp_gain":0,"max_hp_loss":0,"event_name":"Accursed Blacksmith","floor":20,"gold_loss":0,"cards_upgraded":["Hologram"]}],"is_beta":false,"boss_relics":[{"not_picked":["Calling Bell","Fusion Hammer"],"picked":"Black Star"}],"items_purged_floors":[],"is_endless":false,"potions_floor_spawned":[8,11,16,22],"killed_by":"Snecko","ascension_level":4}