{"gold_per_floor":[11,11,11,29,43,77,77,110,110,123,153,177,211,211,211,309,309,325,343,268,286,302,336,336,350,350,366,379,392,392,422,422,525,525,539,539,550,225,225,225,239,239,239,339,117,134,174,204,204,204],"floor_reached":51,"playtime":3373,"items_purged":["Strike_B","Strike_B","Strike_B"],"score":944,"play_id":"9a0f50f2-fafa-4f2f-8e94-0f606a48c895","local_time":"20190913230101","is_ascension_mode":true,"campfire_choices":[{"floor":7,"key":"REST"},{"floor":15,"key":"REST"},{"data":"Loop","floor":24,"key":"SMITH"},{"data":"Chill","floor":32,"key":"SMITH"},{"data":"Biased Cognition","floor":40,"key":"SMITH"},{"data":"Machine Learning","floor":42,"key":"SMITH"},{"data":"FTL","floor":49,"key":"SMITH"}],"neow_cost":"NO_GOLD","seed_source_timestamp":170927482841700,"circlet_count":0,"master_deck":["Strike_B","Defend_B","Defend_B","Defend_B","Defend_B","Zap","Dualcast","Ball Lightning","Self Repair","Coolheaded","Cold Snap","Skim","Conserve Battery","Compile Driver","Loop+1","Machine Learning+1","FTL+1","Lockon","Glacier","Darkness+1","Biased Cognition+1","Loop+1","Redo+1","Chill+1","White Noise+1","Jack Of All Trades","Glacier+1","Parasite","BootSequence"],"relics":["Cracked Core","Torii","Turnip","Shuriken","Symbiotic Virus","Pocketwatch","Odd Mushroom","Prayer Wheel","Anchor","Coffee Dripper","The Courier","Nunchaku","Cables","Eternal Feather","FossilizedHelix","Bottled Flame","Bag of Preparation","Dead Branch"],"potions_floor_usage":[11,11,16,30,50,50,50,50,50,50],"damage_taken":[{"damage":11,"enemies":"Cultist","floor":1,"turns":4},{"damage":6,"enemies":"2 Louse","floor":4,"turns":3},{"damage":2,"enemies":"Small Slimes","floor":5,"turns":4},{"damage":52,"enemies":"Gremlin Nob","floor":6,"turns":5},{"damage":13,"enemies":"3 Sentries","floor":8,"turns":8},{"damage":2,"enemies":"2 Fungi Beasts","floor":10,"turns":4},{"damage":16,"enemies":"Gremlin Nob","floor":11,"turns":4},{"damage":7,"enemies":"The Mushroom Lair","floor":12,"turns":4},{"damage":1,"enemies":"Lagavulin","floor":13,"turns":5},{"damage":11,"enemies":"Slime Boss","floor":16,"turns":5},{"damage":7,"enemies":"Shell Parasite","floor":18,"turns":5},{"damage":0,"enemies":"3 Byrds","floor":19,"turns":4},{"damage":20,"enemies":"Centurion and Healer","floor":21,"turns":6},{"damage":7,"enemies":"Shelled Parasite and Fungi","floor":22,"turns":6},{"damage":53,"enemies":"Slavers","floor":23,"turns":10},{"damage":15,"enemies":"3 Cultists","floor":25,"turns":5},{"damage":0,"enemies":"Snecko","floor":27,"turns":3},{"damage":7,"enemies":"Sentry and Sphere","floor":28,"turns":5},{"damage":7,"enemies":"Chosen and Byrds","floor":29,"turns":4},{"damage":11,"enemies":"Colosseum Slavers","floor":30,"turns":3},{"damage":1,"enemies":"Book of Stabbing","floor":31,"turns":3},{"damage":16,"enemies":"Collector","floor":33,"turns":7},{"damage":0,"enemies":"Orb Walker","floor":35,"turns":3},{"damage":31,"enemies":"3 Darklings","floor":37,"turns":4},{"damage":30,"enemies":"Jaw Worm Horde","floor":41,"turns":6},{"damage":0,"enemies":"Writhing Mass","floor":46,"turns":3},{"damage":30,"enemies":"4 Shapes","floor":47,"turns":4},{"damage":0,"enemies":"Nemesis","floor":48,"turns":5},{"damage":0,"enemies":"Awakened One","floor":50,"turns":10}],"seed_played":"717295848426357751","potions_obtained":[{"floor":8,"key":"Block Potion"},{"floor":10,"key":"Fire Potion"},{"floor":12,"key":"SpeedPotion"},{"floor":18,"key":"SpeedPotion"},{"floor":19,"key":"SpeedPotion"},{"floor":27,"key":"AttackPotion"},{"floor":31,"key":"Poison Potion"},{"floor":41,"key":"EntropicBrew"}],"is_trial":false,"path_per_floor":["M","$","$","M","M","E","R","E","T","M","E","?","E","?","R","B",null,"M","M","$","M","M","E","R","M","T","M","M","M","?","E","R","B",null,"M","?","M","$","?","R","M","R","T","?","$","M","M","E","R","B",null],"character_chosen":"DEFECT","items_purchased":["FossilizedHelix","Bag of Preparation"],"campfire_rested":2,"item_purchase_floors":[38,45],"current_hp_per_floor":[64,64,64,58,63,18,40,34,34,39,30,30,36,3,25,21,75,75,75,75,62,62,16,16,8,8,15,15,15,11,17,17,8,75,75,75,51,51,51,66,43,58,58,58,58,65,42,49,64,71],"gold":204,"neow_bonus":"ONE_RARE_RELIC","is_prod":false,"is_daily":false,"chose_seed":false,"campfire_upgraded":5,"win_rate":0,"timestamp":1568408461,"path_taken":["M","?","$","?","M","E","R","E","T","M","E","?","E","?","R","BOSS","M","M","$","M","M","E","R","M","T","M","M","M","?","E","R","BOSS","M","?","M","$","?","R","M","R","T","?","$","M","M","E","R","BOSS"],"build_version":"2019-07-17","purchased_purges":3,"victory":true,"max_hp_per_floor":[75,75,75,75,75,75,75,75,75,75,75,75,75,75,75,75,75,75,75,75,75,75,75,75,75,75,75,75,75,75,75,75,75,75,75,75,75,75,75,75,75,75,75,75,75,75,75,75,75,75],"card_choices":[{"not_picked":["Undo","Auto Shields"],"picked":"Ball Lightning","floor":1},{"not_picked":["Cold Snap","Ball Lightning"],"picked":"Self Repair","floor":4},{"not_picked":["Go for the Eyes","Beam Cell"],"picked":"Coolheaded","floor":5},{"not_picked":["Rainbow","Leap"],"picked":"Cold Snap","floor":6},{"not_picked":["Compile Driver","Skim","Ball Lightning"],"picked":"SKIP","floor":8},{"not_picked":["Compile Driver","Ball Lightning"],"picked":"Skim","floor":8},{"not_picked":["Rebound","Leap"],"picked":"Conserve Battery","floor":10},{"not_picked":["Rebound","Recycle"],"picked":"Compile Driver","floor":11},{"not_picked":["Gash","Doom and Gloom"],"picked":"Loop","floor":13},{"not_picked":["Meteor Strike","All For One"],"picked":"Machine Learning","floor":16},{"not_picked":["Conserve Battery","Darkness"],"picked":"FTL","floor":18},{"not_picked":["Streamline+1","Self Repair","Reinforced Body"],"picked":"SKIP","floor":18},{"not_picked":["Stack","Gash","Storm"],"picked":"SKIP","floor":19},{"not_picked":["Cold Snap+1","Streamline","Ball Lightning"],"picked":"SKIP","floor":19},{"not_picked":["Fusion","Gash"],"picked":"Lockon","floor":21},{"not_picked":["Beam Cell","Sunder"],"picked":"Glacier","floor":21},{"not_picked":["Barrage","Self Repair"],"picked":"Darkness+1","floor":22},{"not_picked":["Ball Lightning","Conserve Battery+1","Melter"],"picked":"SKIP","floor":22},{"not_picked":["Fusion","Streamline"],"picked":"Biased Cognition","floor":23},{"not_picked":["Fusion+1","Coolheaded"],"picked":"Loop+1","floor":25},{"not_picked":["White Noise","FTL","Rebound"],"picked":"SKIP","floor":25},{"not_picked":["Ball Lightning+1","Conserve Battery","Reprogram"],"picked":"SKIP","floor":27},{"not_picked":["Steam","Turbo","Auto Shields"],"picked":"SKIP","floor":27},{"not_picked":["Beam Cell","Compile Driver"],"picked":"Redo+1","floor":28},{"not_picked":["Sweeping Beam","Barrage+1","Undo"],"picked":"SKIP","floor":28},{"not_picked":["Auto Shields","Sweeping Beam"],"picked":"Chill","floor":29},{"not_picked":["Rebound","Undo","Go for the Eyes+1"],"picked":"SKIP","floor":29},{"not_picked":["Biased Cognition","Storm","Gash"],"picked":"SKIP","floor":31},{"not_picked":["Beam Cell+1","Coolheaded+1"],"picked":"White Noise+1","floor":35},{"not_picked":["Streamline+1","Barrage+1","Sweeping Beam"],"picked":"SKIP","floor":35},{"not_picked":["Self Repair","Auto Shields","Coolheaded"],"picked":"SKIP","floor":37},{"not_picked":["Compile Driver+1","Ball Lightning+1","Sunder+1"],"picked":"SKIP","floor":37},{"not_picked":["Sadistic Nature","Mind Blast"],"picked":"Jack Of All Trades","floor":39},{"not_picked":["Chaos","Creative AI"],"picked":"Glacier+1","floor":41},{"not_picked":["Barrage+1","Streamline+1","Redo+1"],"picked":"SKIP","floor":41},{"not_picked":["Go for the Eyes+1","Heatsinks"],"picked":"BootSequence","floor":46},{"not_picked":["Hologram","Reinforced Body+1","Redo+1"],"picked":"SKIP","floor":46},{"not_picked":["Barrage+1","Conserve Battery+1","Sweeping Beam"],"picked":"SKIP","floor":47},{"not_picked":["Steam","Storm+1","Skim+1"],"picked":"SKIP","floor":47},{"not_picked":["Reinforced Body+1","Lockon","Reboot"],"picked":"SKIP","floor":48}],"player_experience":295552,"relics_obtained":[{"floor":6,"key":"Turnip"},{"floor":8,"key":"Shuriken"},{"floor":9,"key":"Symbiotic Virus"},{"floor":11,"key":"Pocketwatch"},{"floor":12,"key":"Odd Mushroom"},{"floor":13,"key":"Prayer Wheel"},{"floor":23,"key":"The Courier"},{"floor":26,"key":"Nunchaku"},{"floor":31,"key":"Cables"},{"floor":43,"key":"Bottled Flame"},{"floor":48,"key":"Dead Branch"}],"event_choices":[{"damage_healed":0,"gold_gain":0,"player_choice":"Fought Mushrooms","damage_taken":0,"max_hp_gain":0,"max_hp_loss":0,"event_name":"Mushrooms","floor":12,"gold_loss":0},{"damage_healed":0,"gold_gain":0,"player_choice":"Success","damage_taken":33,"relics_obtained":["Anchor"],"max_hp_gain":0,"max_hp_loss":0,"event_name":"Scrap Ooze","floor":14,"gold_loss":0},{"damage_healed":0,"gold_gain":0,"player_choice":"Fight","damage_taken":0,"max_hp_gain":0,"max_hp_loss":0,"event_name":"Colosseum","floor":30,"gold_loss":0},{"damage_healed":0,"gold_gain":0,"player_choice":"Fled From Nobs","damage_taken":0,"max_hp_gain":0,"max_hp_loss":0,"event_name":"Colosseum","floor":30,"gold_loss":0},{"damage_healed":0,"gold_gain":0,"player_choice":"Ignored","damage_taken":0,"max_hp_gain":0,"max_hp_loss":0,"event_name":"Tomb of Lord Red Mask","floor":36,"gold_loss":0},{"damage_healed":0,"gold_gain":0,"player_choice":"Memory 1","damage_taken":0,"max_hp_gain":0,"max_hp_loss":0,"event_name":"SensoryStone","floor":39,"gold_loss":0},{"damage_healed":0,"gold_gain":100,"player_choice":"Pray","damage_taken":0,"max_hp_gain":0,"max_hp_loss":0,"event_name":"Golden Shrine","floor":44,"gold_loss":0}],"is_beta":false,"boss_relics":[{"not_picked":["White Beast Statue","Astrolabe"],"picked":"Coffee Dripper"},{"not_picked":["Busted Crown","Runic Pyramid"],"picked":"Eternal Feather"}],"items_purged_floors":[20,38,45],"is_endless":false,"potions_floor_spawned":[8,10,12,18,19,27,30,31,35,41,48],"ascension_level":3}