{"gold_per_floor":[118,134,148,148,3,3,3,3,3,3,38,38,61,99,99,99],"floor_reached":16,"playtime":419,"items_purged":[],"score":119,"play_id":"ddb76de6-88de-4c2e-a476-3536d56b34d0","local_time":"20191006182546","is_ascension_mode":true,"campfire_choices":[{"data":"Catalyst","floor":6,"key":"SMITH"},{"data":"Bane","floor":8,"key":"SMITH"},{"floor":10,"key":"REST"},{"data":"Survivor","floor":15,"key":"SMITH"}],"neow_cost":"NONE","seed_source_timestamp":117985853829800,"circlet_count":0,"master_deck":["Strike_G","Strike_G","Strike_G","Strike_G+1","Strike_G","Defend_G+1","Defend_G","Defend_G","Defend_G","Defend_G","Survivor+1","Neutralize","Bane+1","Catalyst+1"],"relics":["Ring of the Snake","NeowsBlessing","PreservedInsect","Bottled Flame","Orichalcum","Golden Idol","Mummified Hand"],"potions_floor_usage":[14],"damage_taken":[{"damage":0,"enemies":"Cultist","floor":1,"turns":1},{"damage":0,"enemies":"Jaw Worm","floor":2,"turns":1},{"damage":0,"enemies":"2 Louse","floor":3,"turns":1},{"damage":16,"enemies":"3 Sentries","floor":11,"turns":9},{"damage":0,"enemies":"Exordium Wildlife","floor":13,"turns":2},{"damage":4,"enemies":"Gremlin Nob","floor":14,"turns":4},{"damage":37,"enemies":"The Guardian","floor":16,"turns":7}],"seed_played":"-2944943651504463908","potions_obtained":[{"floor":1,"key":"Swift Potion"},{"floor":11,"key":"Ancient Potion"},{"floor":13,"key":"Dexterity Potion"}],"is_trial":false,"path_per_floor":["M","M","M","?","$","R","$","R","T","R","E","?","M","E","R","B"],"character_chosen":"THE_SILENT","items_purchased":["PreservedInsect"],"campfire_rested":1,"item_purchase_floors":[5],"current_hp_per_floor":[70,70,70,56,56,56,56,56,56,70,54,54,54,50,50,13],"gold":99,"neow_bonus":"THREE_ENEMY_KILL","is_prod":false,"is_daily":false,"chose_seed":false,"campfire_upgraded":3,"win_rate":0,"timestamp":1570379146,"path_taken":["M","M","M","?","$","R","?","R","T","R","E","?","M","E","R","BOSS"],"build_version":"2019-07-17","purchased_purges":0,"victory":false,"max_hp_per_floor":[70,70,70,70,70,70,70,70,70,70,70,65,65,65,65,65],"card_choices":[{"not_picked":["Heel Hook","Acrobatics"],"picked":"Bane","floor":1},{"not_picked":["Backflip","Outmaneuver","Acrobatics"],"picked":"SKIP","floor":2},{"not_picked":["Skewer","Endless Agony"],"picked":"Catalyst","floor":3},{"not_picked":["Dodge and Roll","Acrobatics","Dagger Throw"],"picked":"SKIP","floor":11},{"not_picked":["Cloak And Dagger","Slice","Reflex"],"picked":"SKIP","floor":13},{"not_picked":["Terror","Heel Hook","Wraith Form v2"],"picked":"SKIP","floor":14}],"player_experience":229330,"relics_obtained":[{"floor":9,"key":"Bottled Flame"},{"floor":11,"key":"Orichalcum"},{"floor":14,"key":"Mummified Hand"}],"event_choices":[{"damage_healed":0,"gold_gain":0,"player_choice":"Entered Light","damage_taken":14,"max_hp_gain":0,"max_hp_loss":0,"event_name":"Shining Light","floor":4,"gold_loss":0,"cards_upgraded":["Defend_G","Strike_G"]},{"damage_healed":0,"gold_gain":0,"player_choice":"Lose Max HP","damage_taken":0,"relics_obtained":["Golden Idol"],"max_hp_gain":0,"max_hp_loss":5,"event_name":"Golden Idol","floor":12,"gold_loss":0}],"is_beta":false,"boss_relics":[],"items_purged_floors":[],"is_endless":false,"potions_floor_spawned":[1,11,13],"killed_by":"The Guardian","ascension_level":2}