{"gold_per_floor":[110,128,145,145,115,115,148,148,148,148,160,108,108,122,122,122],"floor_reached":16,"playtime":756,"items_purged":[],"score":100,"play_id":"2a21bec1-3550-419c-8e23-5638d5553995","local_time":"20190929204605","is_ascension_mode":false,"campfire_choices":[{"data":"Catalyst","floor":6,"key":"SMITH"},{"floor":8,"key":"REST"},{"floor":10,"key":"REST"},{"floor":15,"key":"REST"}],"neow_cost":"NONE","seed_source_timestamp":254158244673500,"circlet_count":0,"master_deck":["Strike_G","Strike_G","Strike_G","Strike_G","Defend_G","Defend_G","Defend_G","Defend_G","Survivor","Neutralize","Outmaneuver","Catalyst+1","Bane","Prepared","Deflect+1","Night Terror+1"],"relics":["Ring of the Snake","FossilizedHelix","Toxic Egg 2","Mango"],"potions_floor_usage":[],"damage_taken":[{"damage":0,"enemies":"Small Slimes","floor":1,"turns":4},{"damage":0,"enemies":"Jaw Worm","floor":2,"turns":4},{"damage":1,"enemies":"2 Louse","floor":3,"turns":3},{"damage":0,"enemies":"Looter","floor":5,"turns":4},{"damage":58,"enemies":"3 Sentries","floor":7,"turns":18},{"damage":16,"enemies":"Red Slaver","floor":11,"turns":5},{"damage":11,"enemies":"Exordium Wildlife","floor":14,"turns":8},{"damage":0,"enemies":"Hexaghost","floor":16,"turns":1}],"seed_played":"-2748536386182898001","potions_obtained":[{"floor":3,"key":"Ancient Potion"},{"floor":7,"key":"Explosive Potion"}],"is_trial":false,"path_per_floor":["M","M","M","?","M","R","E","R","T","R","M","$","?","M","R","B"],"character_chosen":"THE_SILENT","items_purchased":["Deflect+1"],"campfire_rested":3,"item_purchase_floors":[12],"current_hp_per_floor":[70,70,69,62,62,62,4,25,25,46,30,30,41,30,55,55],"gold":122,"neow_bonus":"REMOVE_CARD","is_prod":false,"is_daily":false,"chose_seed":false,"campfire_upgraded":1,"win_rate":0.0,"timestamp":1569782765,"path_taken":["M","M","M","?","M","R","E","R","T","R","M","$","?","M","R","BOSS"],"build_version":"2019-07-17","purchased_purges":0,"victory":false,"max_hp_per_floor":[70,70,70,70,70,70,70,70,70,70,70,70,84,84,84,84],"card_choices":[{"not_picked":["Slice","Endless Agony","Choke"],"picked":"SKIP","floor":1},{"not_picked":["Dagger Throw","Dagger Spray"],"picked":"Outmaneuver","floor":2},{"not_picked":["Quick Slash","Heel Hook"],"picked":"Catalyst","floor":3},{"not_picked":["Sucker Punch","Finisher"],"picked":"Bane","floor":5},{"not_picked":["Underhanded Strike","Dodge and Roll"],"picked":"Prepared","floor":7},{"not_picked":["Dagger Throw","Slice","Underhanded Strike"],"picked":"SKIP","floor":11},{"not_picked":["Blade Dance+1","Bane"],"picked":"Night Terror+1","floor":14}],"player_experience":73116,"relics_obtained":[{"floor":7,"key":"FossilizedHelix"},{"floor":9,"key":"Toxic Egg 2"}],"event_choices":[{"cards_removed":["Defend_G"],"damage_healed":0,"gold_gain":0,"player_choice":"Card Removal","damage_taken":7,"max_hp_gain":0,"max_hp_loss":0,"event_name":"Golden Wing","floor":4,"gold_loss":0},{"damage_healed":0,"gold_gain":0,"player_choice":"Success","damage_taken":3,"relics_obtained":["Mango"],"max_hp_gain":0,"max_hp_loss":0,"event_name":"Scrap Ooze","floor":13,"gold_loss":0}],"is_beta":false,"boss_relics":[],"items_purged_floors":[],"is_endless":false,"potions_floor_spawned":[3,7],"killed_by":"Hexaghost","ascension_level":0}