{"gold_per_floor":[117,179,191,191,191,191,217,217,217,84,84,97,129,146,146,220,220,235,235,254,304,304,334,85,110,156,167,200,200,200,215,215,289,289,302,357,377,377,377,377,402,417,417,448,166,166,66,81,81,81,81,81,81,36,69,69],"floor_reached":57,"playtime":2190,"items_purged":["Steam","Darkness","Coolheaded+1"],"score":3548,"play_id":"7ecd00d2-0275-4f4c-9fc4-0349e39ffc70","local_time":"20191017164200","is_ascension_mode":true,"campfire_choices":[{"data":"Zap","floor":6.0,"key":"SMITH"},{"data":"Double Energy","floor":8.0,"key":"SMITH"},{"data":"Defragment","floor":11.0,"key":"SMITH"},{"data":"Coolheaded","floor":15.0,"key":"SMITH"},{"data":"Coolheaded","floor":29.0,"key":"SMITH"},{"data":"Sunder","floor":32.0,"key":"SMITH"},{"data":"Amplify","floor":40.0,"key":"SMITH"},{"floor":46.0,"key":"RECALL"},{"data":"Enlightenment","floor":49.0,"key":"SMITH"},{"data":"Skim","floor":53.0,"key":"SMITH"}],"neow_cost":"NONE","seed_source_timestamp":528580714638632,"circlet_count":0,"master_deck":["AscendersBane","Zap+1","Defragment+1","Machine Learning","Undo","Core Surge","Meteor Strike","Storm","Genetic Algorithm","Double Energy+1","Conserve Battery","Coolheaded+1","Sunder+1","Amplify+1","Reboot","Echo Form","Multi-Cast","Biased Cognition","Hologram","Enlightenment+1","Skim+1"],"special_seed":0,"relics":["Pandora\u0027s Box","Torii","Meat on the Bone","Cables","Runic Pyramid","Pear","The Courier","Lantern","Happy Flower","Mummified Hand","Bag of Preparation","Emotion Chip","Empty Cage","Du-Vu Doll","Eternal Feather","Blue Candle","Ginger"],"potions_floor_usage":[56,56],"damage_taken":[{"damage":7.0,"enemies":"Small Slimes","floor":1.0,"turns":5.0},{"damage":10.0,"enemies":"Jaw Worm","floor":3.0,"turns":5.0},{"damage":17.0,"enemies":"Gremlin Nob","floor":7.0,"turns":4.0},{"damage":0.0,"enemies":"Cultist","floor":12.0,"turns":4.0},{"damage":0.0,"enemies":"Lagavulin","floor":13.0,"turns":4.0},{"damage":0.0,"enemies":"Large Slime","floor":14.0,"turns":6.0},{"damage":0.0,"enemies":"Hexaghost","floor":16.0,"turns":6.0},{"damage":7.0,"enemies":"Shell Parasite","floor":18.0,"turns":4.0},{"damage":0.0,"enemies":"Spheric Guardian","floor":20.0,"turns":4.0},{"damage":0.0,"enemies":"Gremlin Leader","floor":23.0,"turns":5.0},{"damage":44.0,"enemies":"Slavers","floor":25.0,"turns":8.0},{"damage":0.0,"enemies":"3 Cultists","floor":27.0,"turns":2.0},{"damage":0.0,"enemies":"Gremlin Leader","floor":28.0,"turns":4.0},{"damage":24.0,"enemies":"Snake Plant","floor":31.0,"turns":2.0},{"damage":0.0,"enemies":"Champ","floor":33.0,"turns":5.0},{"damage":1.0,"enemies":"Orb Walker","floor":35.0,"turns":3.0},{"damage":0.0,"enemies":"2 Orb Walkers","floor":36.0,"turns":3.0},{"damage":0.0,"enemies":"3 Darklings","floor":37.0,"turns":3.0},{"damage":0.0,"enemies":"Nemesis","floor":41.0,"turns":3.0},{"damage":0.0,"enemies":"Writhing Mass","floor":42.0,"turns":2.0},{"damage":0.0,"enemies":"Reptomancer","floor":44.0,"turns":3.0},{"damage":27.0,"enemies":"4 Shapes","floor":48.0,"turns":3.0},{"damage":1.0,"enemies":"Awakened One","floor":50.0,"turns":6.0},{"damage":46.0,"enemies":"Donu and Deca","floor":51.0,"turns":5.0},{"damage":0.0,"enemies":"Shield and Spear","floor":55.0,"turns":2.0},{"damage":30,"enemies":"The Heart","floor":56,"turns":7}],"seed_played":"-8641490246867873551","potions_obtained":[{"floor":1.0,"key":"DuplicationPotion"},{"floor":3.0,"key":"LiquidBronze"},{"floor":12.0,"key":"SpeedPotion"},{"floor":18.0,"key":"Energy Potion"},{"floor":27.0,"key":"SpeedPotion"},{"floor":28.0,"key":"LiquidMemories"},{"floor":44.0,"key":"CultistPotion"}],"is_trial":false,"path_per_floor":["M","?","M","?","?","R","E","R","T","$","R","M","E","M","R","B",null,"M","?","M","?","T","E","$","E","T","M","E","R","?","M","R","B",null,"M","?","M","?","?","R","E","M","T","E","$","R","$","M","R","B","B",null,"R","$","E","B",null],"character_chosen":"DEFECT","items_purchased":["Conserve Battery","Lantern","Happy Flower","Enlightenment","Darkness","Skim","Swift Potion"],"campfire_rested":0,"item_purchase_floors":[10,24,24,45,45,45,54],"current_hp_per_floor":[57,57,47,70,70,70,53,53,53,53,53,53,53,53,53,53,67,60,40,40,40,50,50,50,18,18,30,42,42,42,30,30,42,75,74,74,74,74,74,74,74,74,74,74,74,82,82,55,67,66,32,70,82,82,82,52],"gold":69,"neow_bonus":"BOSS_RELIC","is_prod":false,"is_daily":false,"chose_seed":false,"campfire_upgraded":9,"win_rate":0,"timestamp":1571301720,"path_taken":["M","?","M","?","?","R","E","R","T","$","R","M","E","M","R","BOSS","M","?","M","?","?","E","$","E","T","?","E","R","?","M","R","BOSS","M","?","M","?","?","R","E","M","T","E","$","R","$","M","R","BOSS","BOSS","R","$","E","BOSS"],"build_version":"2019-10-16","purchased_purges":3,"victory":true,"max_hp_per_floor":[71,71,71,71,71,71,71,71,71,71,71,71,71,71,71,71,71,71,76,76,76,86,86,86,86,86,86,86,86,86,86,86,86,86,86,86,86,86,82,82,82,82,82,82,82,82,82,82,82,82,82,82,82,82,82,82],"card_choices":[{"not_picked":["Hello World","Gash"],"picked":"Steam","floor":1.0},{"not_picked":["Beam Cell","Redo"],"picked":"Compile Driver","floor":3.0},{"not_picked":["Reinforced Body","Core Surge"],"picked":"Double Energy","floor":7.0},{"not_picked":["Static Discharge","Doom and Gloom","Ball Lightning"],"picked":"SKIP","floor":12.0},{"not_picked":["Compile Driver","Cold Snap"],"picked":"Coolheaded","floor":13.0},{"not_picked":["Ball Lightning","Steam"],"picked":"Sunder","floor":14.0},{"not_picked":["Thunder Strike","Machine Learning"],"picked":"Amplify","floor":16.0},{"not_picked":["Turbo","Barrage+1"],"picked":"Coolheaded","floor":18.0},{"not_picked":["Steam","Compile Driver","Undo"],"picked":"SKIP","floor":20.0},{"not_picked":["Double Energy","Compile Driver"],"picked":"Reboot","floor":23.0},{"not_picked":["Barrage","Leap","Gash"],"picked":"SKIP","floor":25.0},{"not_picked":["Glacier","Sweeping Beam"],"picked":"Echo Form","floor":27.0},{"not_picked":["Self Repair","Turbo"],"picked":"Multi-Cast","floor":28.0},{"not_picked":["Leap","Coolheaded","Ball Lightning"],"picked":"SKIP","floor":31.0},{"not_picked":["Echo Form","Thunder Strike"],"picked":"Biased Cognition","floor":33.0},{"not_picked":["Redo","Turbo","Storm"],"picked":"SKIP","floor":35.0},{"not_picked":["Leap","Auto Shields"],"picked":"Hologram","floor":36.0},{"not_picked":["Sweeping Beam","Double Energy","FTL"],"picked":"SKIP","floor":37.0},{"not_picked":["Doom and Gloom","Redo","Turbo"],"picked":"SKIP","floor":41.0},{"not_picked":["Compile Driver","Beam Cell+1","Go for the Eyes"],"picked":"SKIP","floor":42.0},{"not_picked":["Beam Cell+1","Conserve Battery","Compile Driver+1"],"picked":"SKIP","floor":44.0},{"not_picked":["Streamline","Rebound","White Noise"],"picked":"SKIP","floor":48.0},{"not_picked":["Consume","Rip and Tear+1","Core Surge"],"picked":"SKIP","floor":55.0}],"player_experience":1103305,"relics_obtained":[{"floor":7.0,"key":"Torii"},{"floor":9.0,"key":"Meat on the Bone"},{"floor":13.0,"key":"Cables"},{"floor":22.0,"key":"Pear"},{"floor":23.0,"key":"The Courier"},{"floor":25.0,"key":"Mummified Hand"},{"floor":26.0,"key":"Bag of Preparation"},{"floor":28.0,"key":"Emotion Chip"},{"floor":36.0,"key":"Du-Vu Doll"},{"floor":41.0,"key":"Eternal Feather"},{"floor":44.0,"key":"Blue Candle"},{"floor":55.0,"key":"Ginger"}],"event_choices":[{"damage_healed":0.0,"max_hp_gain":0.0,"max_hp_loss":0.0,"gold_gain":62.0,"event_name":"Golden Wing","player_choice":"Gained Gold","floor":2.0,"gold_loss":0.0,"damage_taken":0.0},{"damage_healed":23.0,"max_hp_gain":0.0,"max_hp_loss":0.0,"gold_gain":0.0,"event_name":"Big Fish","player_choice":"Banana","floor":4.0,"gold_loss":0.0,"damage_taken":0.0},{"damage_healed":0.0,"max_hp_gain":0.0,"max_hp_loss":0.0,"gold_gain":0.0,"event_name":"The Cleric","player_choice":"Leave","floor":5.0,"gold_loss":0.0,"damage_taken":0.0},{"damage_healed":0.0,"max_hp_gain":5.0,"max_hp_loss":0.0,"gold_gain":0.0,"event_name":"Forgotten Altar","player_choice":"Shed Blood","floor":19.0,"gold_loss":0.0,"damage_taken":25.0},{"damage_healed":0.0,"max_hp_gain":0.0,"max_hp_loss":0.0,"gold_gain":50.0,"event_name":"Nest","player_choice":"Stole From Cult","floor":21.0,"gold_loss":0.0,"damage_taken":0.0},{"damage_healed":0.0,"max_hp_gain":0.0,"max_hp_loss":0.0,"gold_gain":0.0,"event_name":"The Mausoleum","player_choice":"Ignored","floor":30.0,"gold_loss":0.0,"damage_taken":0.0},{"damage_healed":0.0,"max_hp_gain":0.0,"max_hp_loss":0.0,"gold_gain":0.0,"event_name":"Mysterious Sphere","player_choice":"Fight","floor":36.0,"gold_loss":0.0,"damage_taken":0.0},{"cards_removed":["Compile Driver"],"damage_healed":0.0,"max_hp_gain":0.0,"max_hp_loss":0.0,"gold_gain":0.0,"event_name":"Falling","player_choice":"Removed Attack","floor":38.0,"gold_loss":0.0,"damage_taken":0.0},{"damage_healed":0.0,"max_hp_gain":0.0,"max_hp_loss":4.0,"gold_gain":0.0,"event_name":"Winding Halls","player_choice":"Max HP","floor":39.0,"gold_loss":0.0,"damage_taken":0.0}],"is_beta":true,"boss_relics":[{"not_picked":["SlaversCollar","Velvet Choker"],"picked":"Runic Pyramid"},{"not_picked":["Inserter","Astrolabe"],"picked":"Empty Cage"}],"items_purged_floors":[10,45,47],"is_endless":false,"potions_floor_spawned":[1,3,12,18,27,28,31,33,36,37,44],"ascension_level":20}