{"gold_per_floor":[112,112,78,78,102,102,143,143,143,143,64,64,29,42,42,173,173,188,35,59,14,14,14,14,14,94,109,109,129,129,129],"floor_reached":31,"playtime":1111,"items_purged":["Strike_G"],"score":279,"play_id":"23b00f12-54cd-43c0-8475-6b9fdfef4c44","local_time":"20190930155436","is_ascension_mode":false,"campfire_choices":[{"data":"Deadly Poison","floor":6,"key":"SMITH"},{"data":"Cloak And Dagger","floor":10,"key":"SMITH"},{"data":"Accuracy","floor":12,"key":"SMITH"},{"data":"Catalyst","floor":15,"key":"SMITH"},{"data":"Deflect","floor":25,"key":"SMITH"},{"floor":30,"key":"REST"}],"neow_cost":"NONE","seed_source_timestamp":322713327543900,"circlet_count":0,"master_deck":["Strike_G","Strike_G","Strike_G","Defend_G","Defend_G","Defend_G","Defend_G","Survivor","Neutralize","Footwork","Deadly Poison+1","Cloak And Dagger+1","Accuracy+1","Accuracy","Catalyst+1","Corpse Explosion","Blade Dance","Noxious Fumes","Cloak And Dagger","Deflect+1","Neutralize+1","Bullet Time"],"relics":["Ring of the Snake","NeowsBlessing","Golden Idol","Omamori","Molten Egg 2","White Beast Statue","Oddly Smooth Stone","The Courier"],"potions_floor_usage":[16,16,29,31],"damage_taken":[{"damage":0,"enemies":"Jaw Worm","floor":1,"turns":1},{"damage":0,"enemies":"Small Slimes","floor":5,"turns":1},{"damage":0,"enemies":"Gremlin Nob","floor":7,"turns":1},{"damage":0,"enemies":"2 Louse","floor":14,"turns":4},{"damage":61,"enemies":"Slime Boss","floor":16,"turns":15},{"damage":3,"enemies":"3 Byrds","floor":18,"turns":3},{"damage":24,"enemies":"Spheric Guardian","floor":20,"turns":5},{"damage":5,"enemies":"Centurion and Healer","floor":27,"turns":6},{"damage":11,"enemies":"Snake Plant","floor":29,"turns":5},{"damage":44,"enemies":"3 Cultists","floor":31,"turns":5}],"seed_played":"-2422134670353354273","potions_obtained":[{"floor":1,"key":"SteroidPotion"},{"floor":5,"key":"Regen Potion"},{"floor":16,"key":"Poison Potion"},{"floor":18,"key":"SteroidPotion"},{"floor":20,"key":"Block Potion"},{"floor":27,"key":"AttackPotion"},{"floor":29,"key":"SpeedPotion"}],"is_trial":false,"path_per_floor":["M","?","$","?","M","R","E","?","T","R","$","R","$","M","R","B",null,"M","$","M","$","?","?","$","R","T","M","?","M","R","M"],"character_chosen":"THE_SILENT","items_purchased":["Footwork","Accuracy","Accuracy","Noxious Fumes","Deflect"],"campfire_rested":1,"item_purchase_floors":[3,11,13,19,21],"current_hp_per_floor":[70,63,63,63,63,63,63,63,63,63,63,63,63,63,63,17,65,62,62,38,38,38,38,38,38,38,33,33,22,41,0],"gold":129,"neow_bonus":"THREE_ENEMY_KILL","is_prod":false,"is_daily":false,"chose_seed":false,"campfire_upgraded":5,"win_rate":0,"timestamp":1569851676,"path_taken":["M","?","$","?","M","R","E","?","T","R","$","R","?","M","R","BOSS","M","?","M","$","?","?","$","R","T","?","?","M","R","M"],"build_version":"2019-07-17","purchased_purges":1,"victory":false,"max_hp_per_floor":[70,70,70,65,65,65,65,65,65,65,65,65,65,65,65,65,65,65,65,65,65,65,65,65,65,65,65,65,65,65,65],"card_choices":[{"not_picked":["Heel Hook","Quick Slash","Prepared"],"picked":"SKIP","floor":1},{"not_picked":["Quick Slash","Dodge and Roll"],"picked":"Deadly Poison","floor":5},{"not_picked":["Backflip","Deflect"],"picked":"Cloak And Dagger","floor":7},{"not_picked":["Doppelganger","Flying Knee+1"],"picked":"Catalyst","floor":14},{"not_picked":["Storm of Steel","Die Die Die+1"],"picked":"Corpse Explosion","floor":16},{"not_picked":["Terror","Bane+1"],"picked":"Blade Dance","floor":18},{"not_picked":["Sucker Punch+1","Blur"],"picked":"Cloak And Dagger","floor":20},{"not_picked":["Underhanded Strike+1","Endless Agony+1","PiercingWail"],"picked":"SKIP","floor":27},{"not_picked":["Terror","Quick Slash+1"],"picked":"Bullet Time","floor":29}],"player_experience":92149,"relics_obtained":[{"floor":7,"key":"Omamori"},{"floor":9,"key":"Molten Egg 2"},{"floor":26,"key":"The Courier"}],"event_choices":[{"cards_removed":["Strike_G"],"damage_healed":0,"gold_gain":0,"player_choice":"Card Removal","damage_taken":7,"max_hp_gain":0,"max_hp_loss":0,"event_name":"Golden Wing","floor":2,"gold_loss":0},{"damage_healed":0,"gold_gain":0,"player_choice":"Lose Max HP","damage_taken":0,"relics_obtained":["Golden Idol"],"max_hp_gain":0,"max_hp_loss":5,"event_name":"Golden Idol","floor":4,"gold_loss":0},{"cards_removed":["Defend_G"],"damage_healed":0,"gold_gain":0,"player_choice":"Forget","damage_taken":0,"max_hp_gain":0,"max_hp_loss":0,"event_name":"Living Wall","floor":8,"gold_loss":0},{"damage_healed":0,"gold_gain":0,"player_choice":"Opened","damage_taken":0,"relics_obtained":["Oddly Smooth Stone"],"max_hp_gain":0,"max_hp_loss":0,"event_name":"The Mausoleum","floor":22,"gold_loss":0,"cards_obtained":["Writhe"]},{"damage_healed":0,"gold_gain":0,"player_choice":"1 cards matched","damage_taken":0,"max_hp_gain":0,"max_hp_loss":0,"event_name":"Match and Keep!","floor":23,"gold_loss":0,"cards_obtained":["Neutralize"]},{"damage_healed":0,"gold_gain":0,"player_choice":"Ignored","damage_taken":0,"max_hp_gain":0,"max_hp_loss":0,"event_name":"Vampires","floor":28,"gold_loss":0}],"is_beta":false,"boss_relics":[{"not_picked":["Fusion Hammer","Eternal Feather"],"picked":"White Beast Statue"}],"items_purged_floors":[19],"is_endless":false,"potions_floor_spawned":[1,5,16,18,20,27,29],"killed_by":"3 Cultists","ascension_level":0}