{"gold_per_floor":[110,122,72,1,1,1,20,20,44,70,90,90,124,143,143,143],"floor_reached":16,"playtime":1293,"items_purged":[],"score":132,"play_id":"78e1dddf-21b5-4acc-bbb4-20539734e6b1","local_time":"20191016220501","is_ascension_mode":true,"campfire_choices":[{"data":"Tools of the Trade","floor":6,"key":"SMITH"},{"data":"Crippling Poison","floor":8,"key":"SMITH"},{"data":"Footwork","floor":12,"key":"SMITH"},{"data":"Blade Dance","floor":15,"key":"SMITH"}],"neow_cost":"NONE","seed_source_timestamp":512637770402700,"circlet_count":0,"master_deck":["Strike_G","Strike_G","Strike_G","Strike_G","Defend_G","Defend_G","Defend_G","Defend_G","Defend_G","Survivor","Neutralize","Dagger Spray","Crippling Poison+1","Tools of the Trade+1","Blade Dance+1","Footwork+1"],"relics":["Ring of the Snake","Anchor","Vajra","Juzu Bracelet"],"potions_floor_usage":[10,16],"damage_taken":[{"damage":1,"enemies":"Cultist","floor":1,"turns":4},{"damage":0,"enemies":"2 Louse","floor":2,"turns":3},{"damage":2,"enemies":"Small Slimes","floor":7,"turns":4},{"damage":23,"enemies":"Lagavulin","floor":10,"turns":9},{"damage":7,"enemies":"Exordium Thugs","floor":11,"turns":4},{"damage":7,"enemies":"3 Sentries","floor":13,"turns":7},{"damage":0,"enemies":"3 Louse","floor":14,"turns":1},{"damage":23,"enemies":"Slime Boss","floor":16,"turns":11}],"seed_played":"-8772419846355614872","potions_obtained":[{"floor":1,"key":"GhostInAJar"},{"floor":7,"key":"AttackPotion"},{"floor":13,"key":"Weak Potion"}],"is_trial":false,"path_per_floor":["M","M","?","$","?","R","M","R","T","E","M","R","E","M","R","B"],"character_chosen":"THE_SILENT","items_purchased":["Tools of the Trade"],"campfire_rested":0,"item_purchase_floors":[4],"current_hp_per_floor":[69,69,69,69,62,62,60,60,60,37,30,30,23,23,23,0],"gold":143,"neow_bonus":"ONE_RANDOM_RARE_CARD","is_prod":false,"is_daily":false,"chose_seed":false,"campfire_upgraded":4,"win_rate":0,"timestamp":1571285101,"path_taken":["M","?","?","$","?","R","M","R","T","E","M","R","E","M","R","BOSS"],"build_version":"2019-07-17","purchased_purges":0,"victory":false,"max_hp_per_floor":[70,70,70,70,70,70,70,70,70,70,70,70,70,70,70,70],"card_choices":[{"not_picked":["Escape Plan","Infinite Blades"],"picked":"Dagger Spray","floor":1},{"not_picked":["Acrobatics","Dagger Throw"],"picked":"Crippling Poison","floor":2},{"not_picked":["Slice","Backflip","Escape Plan"],"picked":"SKIP","floor":7},{"not_picked":["Dodge and Roll","Venomology"],"picked":"Blade Dance","floor":10},{"not_picked":["Dagger Throw","Underhanded Strike"],"picked":"Footwork","floor":11},{"not_picked":["Expertise","Deadly Poison","Heel Hook"],"picked":"SKIP","floor":13},{"not_picked":["Dagger Spray","Catalyst","Blade Dance"],"picked":"SKIP","floor":14}],"player_experience":61598,"relics_obtained":[{"floor":9,"key":"Anchor"},{"floor":10,"key":"Vajra"},{"floor":13,"key":"Juzu Bracelet"}],"event_choices":[{"cards_removed":["Strike_G"],"damage_healed":0,"gold_gain":0,"player_choice":"Card Removal","damage_taken":0,"max_hp_gain":0,"max_hp_loss":0,"event_name":"The Cleric","floor":3,"gold_loss":50},{"cards_removed":["Phantasmal Killer"],"damage_healed":0,"gold_gain":0,"player_choice":"Card Removal","damage_taken":7,"max_hp_gain":0,"max_hp_loss":0,"event_name":"Golden Wing","floor":5,"gold_loss":0}],"is_beta":false,"boss_relics":[],"items_purged_floors":[],"is_endless":false,"potions_floor_spawned":[1,7,13],"killed_by":"Slime Boss","ascension_level":4}