{"gold_per_floor":[111,72,72,72,93,93,437,437,463,476,509,533,586,602,602,722,722,736,395,310,310,310,310,310,310,335,335,378,391,391,47,47,167,230,245,264,288,0,0,0,125,125,125,146,146,146,167,181,181,181],"floor_reached":50,"playtime":4315,"items_purged":["Strike_G","Defend_G+1"],"score":538,"play_id":"ca5ad399-62b8-4ba5-89e9-8b506a699eca","local_time":"20191006121306","is_ascension_mode":true,"campfire_choices":[{"data":"Noxious Fumes","floor":6,"key":"SMITH"},{"data":"Accuracy","floor":8,"key":"SMITH"},{"floor":15,"key":"REST"},{"data":"Corpse Explosion","floor":23,"key":"SMITH"},{"floor":25,"key":"REST"},{"data":"Dodge and Roll","floor":27,"key":"SMITH"},{"data":"Cloak And Dagger","floor":30,"key":"SMITH"},{"floor":32,"key":"REST"},{"floor":40,"key":"RECALL"},{"data":"Catalyst","floor":42,"key":"SMITH"},{"floor":45,"key":"REST"},{"floor":49,"key":"REST"}],"neow_cost":"NONE","seed_source_timestamp":91729372833400,"circlet_count":0,"master_deck":["Strike_G+1","Strike_G+1","Defend_G+1","Defend_G+1","Defend_G+1","Defend_G+1","Survivor","Neutralize+1","Dodge and Roll+1","Noxious Fumes+1","Accuracy+1","Backflip","Cloak And Dagger+1","Acrobatics","Burst","Backflip","Cloak And Dagger","Corpse Explosion+1","Setup+1","Prepared","Bullet Time","Accuracy","Accuracy","Catalyst+1","Dash","Footwork+1","Bouncing Flask+1","Escape Plan+1"],"relics":["Ring of the Snake","Golden Idol","Old Coin","Ancient Tea Set","Mango","Vajra","Whetstone","Tiny Chest","Pen Nib","Enchiridion","Happy Flower","Turnip","Sundial","Tiny House","Red Mask","Prayer Wheel","Mummified Hand"],"potions_floor_usage":[7,18,47,47,48],"damage_taken":[{"damage":6,"enemies":"Cultist","floor":1,"turns":5},{"damage":8,"enemies":"2 Louse","floor":5,"turns":4},{"damage":9,"enemies":"Lagavulin","floor":7,"turns":8},{"damage":0,"enemies":"Jaw Worm","floor":10,"turns":5},{"damage":8,"enemies":"3 Sentries","floor":11,"turns":7},{"damage":0,"enemies":"Blue Slaver","floor":12,"turns":5},{"damage":0,"enemies":"3 Louse","floor":14,"turns":7},{"damage":24,"enemies":"The Guardian","floor":16,"turns":13},{"damage":19,"enemies":"Spheric Guardian","floor":18,"turns":7},{"damage":19,"enemies":"Slavers","floor":28,"turns":5},{"damage":0,"enemies":"2 Thieves","floor":29,"turns":4},{"damage":67,"enemies":"Automaton","floor":33,"turns":12},{"damage":11,"enemies":"3 Shapes","floor":35,"turns":6},{"damage":12,"enemies":"Orb Walker","floor":36,"turns":4},{"damage":2,"enemies":"4 Shapes","floor":37,"turns":8},{"damage":8,"enemies":"Mind Bloom Boss Battle","floor":41,"turns":6},{"damage":24,"enemies":"Writhing Mass","floor":44,"turns":6},{"damage":17,"enemies":"Spire Growth","floor":47,"turns":4},{"damage":20,"enemies":"Transient","floor":48,"turns":5},{"damage":46,"enemies":"Donu and Deca","floor":50,"turns":6}],"seed_played":"-7047939628933610856","potions_obtained":[{"floor":5,"key":"AttackPotion"},{"floor":7,"key":"Block Potion"},{"floor":14,"key":"Ancient Potion"},{"floor":29,"key":"Strength Potion"},{"floor":34,"key":"Swift Potion"},{"floor":36,"key":"AttackPotion"}],"is_trial":false,"path_per_floor":["M","$","?","?","M","R","E","R","T","M","E","M","T","M","R","B",null,"M","$","?","?","?","R","?","R","T","R","E","M","R","$","R","B",null,"M","M","M","?","T","R","?","R","T","M","R","?","M","M","R","B"],"character_chosen":"THE_SILENT","items_purchased":["Accuracy","Whetstone","Tiny Chest","Sundial"],"campfire_rested":5,"item_purchase_floors":[2,19,19,31],"current_hp_per_floor":[64,64,64,57,49,49,40,40,40,40,46,46,46,46,69,45,79,60,60,60,60,60,60,44,67,67,67,48,48,48,48,71,4,84,73,61,59,59,59,59,51,51,51,27,52,52,35,15,40,0],"gold":181,"neow_bonus":"THREE_CARDS","is_prod":false,"is_daily":false,"chose_seed":false,"campfire_upgraded":6,"win_rate":0,"timestamp":1570356786,"path_taken":["M","$","?","?","M","R","E","R","T","M","E","M","?","M","R","BOSS","M","$","?","?","?","R","?","R","T","R","E","M","R","?","R","BOSS","M","?","M","?","?","R","?","R","T","M","R","?","M","?","R","BOSS"],"build_version":"2019-07-17","purchased_purges":2,"victory":false,"max_hp_per_floor":[70,70,65,65,65,65,65,65,65,65,79,79,79,79,79,79,79,79,79,79,79,79,79,79,79,79,79,79,79,79,79,79,79,84,84,84,84,84,84,84,84,84,84,84,84,84,84,84,84,84],"card_choices":[{"not_picked":["Flying Knee","Prepared"],"picked":"Dodge and Roll","floor":0},{"not_picked":["Flying Knee","Deflect"],"picked":"Noxious Fumes","floor":1},{"not_picked":["PiercingWail","Deadly Poison"],"picked":"Backflip","floor":5},{"not_picked":["Accuracy","Dagger Spray"],"picked":"Cloak And Dagger","floor":7},{"not_picked":["Deadly Poison","Sucker Punch"],"picked":"Acrobatics","floor":10},{"not_picked":["Poisoned Stab","Backstab"],"picked":"Burst","floor":11},{"not_picked":["Dagger Spray","Outmaneuver"],"picked":"Backflip","floor":12},{"not_picked":["Tactician","PiercingWail"],"picked":"Cloak And Dagger","floor":14},{"not_picked":["Malaise","Tools of the Trade"],"picked":"Corpse Explosion","floor":16},{"not_picked":["All Out Attack","Acrobatics","Deflect"],"picked":"SKIP","floor":18},{"not_picked":["Heel Hook","Slice+1"],"picked":"Setup","floor":28},{"not_picked":["All Out Attack","Terror"],"picked":"Prepared","floor":29},{"not_picked":["Corpse Explosion","Doppelganger"],"picked":"Bullet Time","floor":33},{"not_picked":["Dagger Spray","Slice+1"],"picked":"Accuracy","floor":34},{"not_picked":["Well Laid Plans+1","Prepared+1"],"picked":"Accuracy","floor":35},{"not_picked":["Poisoned Stab+1","Accuracy+1"],"picked":"Catalyst","floor":36},{"not_picked":["Calculated Gamble","Tactician","Quick Slash+1"],"picked":"SKIP","floor":37},{"not_picked":["Choke","Prepared"],"picked":"Dash","floor":41},{"not_picked":["Backflip","Blade Dance+1"],"picked":"Footwork+1","floor":44},{"not_picked":["Dodge and Roll","Prepared","Deflect"],"picked":"SKIP","floor":44},{"not_picked":["Underhanded Strike","Poisoned Stab"],"picked":"Bouncing Flask+1","floor":47},{"not_picked":["Poisoned Stab","Skewer+1","Underhanded Strike+1"],"picked":"SKIP","floor":47},{"not_picked":["Crippling Poison","Slice"],"picked":"Escape Plan+1","floor":48},{"not_picked":["Deflect","Die Die Die","Skewer"],"picked":"SKIP","floor":48}],"player_experience":214120,"relics_obtained":[{"floor":7,"key":"Old Coin"},{"floor":9,"key":"Ancient Tea Set"},{"floor":11,"key":"Mango"},{"floor":13,"key":"Vajra"},{"floor":24,"key":"Enchiridion"},{"floor":26,"key":"Happy Flower"},{"floor":28,"key":"Turnip"},{"floor":41,"key":"Prayer Wheel"},{"floor":43,"key":"Mummified Hand"}],"event_choices":[{"damage_healed":0,"gold_gain":0,"player_choice":"Lose Max HP","damage_taken":0,"relics_obtained":["Golden Idol"],"max_hp_gain":0,"max_hp_loss":5,"event_name":"Golden Idol","floor":3,"gold_loss":0},{"cards_removed":["Strike_G"],"damage_healed":0,"gold_gain":0,"player_choice":"Card Removal","damage_taken":7,"max_hp_gain":0,"max_hp_loss":0,"event_name":"Golden Wing","floor":4,"gold_loss":0},{"damage_healed":0,"gold_gain":0,"player_choice":"Obtained Relic","damage_taken":0,"relics_obtained":["Pen Nib"],"max_hp_gain":0,"max_hp_loss":0,"event_name":"Addict","floor":20,"gold_loss":85},{"damage_healed":0,"gold_gain":0,"player_choice":"Simplicity","damage_taken":0,"max_hp_gain":0,"max_hp_loss":0,"event_name":"Back to Basics","floor":21,"gold_loss":0,"cards_upgraded":["Strike_G","Strike_G","Defend_G","Defend_G","Defend_G","Defend_G","Defend_G"]},{"damage_healed":0,"gold_gain":0,"player_choice":"Ignored","damage_taken":0,"max_hp_gain":0,"max_hp_loss":0,"event_name":"Vampires","floor":22,"gold_loss":0},{"damage_healed":0,"gold_gain":0,"player_choice":"Obtained Book","damage_taken":16,"max_hp_gain":0,"max_hp_loss":0,"event_name":"Cursed Tome","floor":24,"gold_loss":0},{"damage_healed":0,"gold_gain":0,"player_choice":"Paid","damage_taken":0,"relics_obtained":["Red Mask"],"max_hp_gain":0,"max_hp_loss":0,"event_name":"Tomb of Lord Red Mask","floor":38,"gold_loss":288},{"damage_healed":0,"gold_gain":0,"player_choice":"Fight","damage_taken":0,"max_hp_gain":0,"max_hp_loss":0,"event_name":"MindBloom","floor":41,"gold_loss":0},{"cards_removed":["Strike_G"],"damage_healed":0,"gold_gain":0,"player_choice":"Purged","damage_taken":0,"max_hp_gain":0,"max_hp_loss":0,"event_name":"Purifier","floor":46,"gold_loss":0}],"is_beta":false,"boss_relics":[{"not_picked":["Runic Pyramid","Coffee Dripper","Busted Crown"]},{"not_picked":["Velvet Choker","Calling Bell"],"picked":"Tiny House"}],"items_purged_floors":[19,31],"is_endless":false,"potions_floor_spawned":[5,7,14,29,36,41],"killed_by":"Donu and Deca","ascension_level":2}