{"gold_per_floor":[116,25,35,35,35,71,71,112,112,112,112,156,156,194,194,325,325,339,339,353,43,43,43,77,93,144,168,83,0,12,39,51,182,194,227,260,297,642,665,677,718,730,768,780,809,1,1,101,101,101],"floor_reached":51,"playtime":5043,"items_purged":[],"score":752,"play_id":"4b990b9c-237f-47bc-a10d-91b38e3dd598","local_time":"20181124155822","is_ascension_mode":true,"campfire_choices":[{"floor":7.0,"key":"REST"},{"floor":10.0,"key":"REST"},{"floor":13.0,"key":"REST"},{"data":"Mind Blast","floor":15.0,"key":"SMITH"},{"data":"Well Laid Plans","floor":23.0,"key":"SMITH"},{"floor":32,"key":"REST"},{"floor":40,"key":"REST"},{"floor":42,"key":"REST"},{"floor":44,"key":"REST"},{"floor":49,"key":"REST"}],"neow_cost":"NONE","seed_source_timestamp":0,"circlet_count":0,"master_deck":["Defend_G","Defend_G","Defend_G","Defend_G","Defend_G","Strike_G","Strike_G","Strike_G","Strike_G","Strike_G","Survivor","Neutralize","Adrenaline+1","Riddle With Holes","Mind Blast+1","Infinite Blades","Deadly Poison","Well Laid Plans+1","Escape Plan+1","Deflect+1","Phantasmal Killer+1","Crippling Poison+1","Backflip+1","Deadly Poison+1","PiercingWail+1","Accuracy","Bouncing Flask+1","Outmaneuver+1","Deflect+1","Venomology+1","Cloak And Dagger+1","Burst+1","Quick Slash+1","Noxious Fumes","Heel Hook+1","Poisoned Stab+1","Slice+1","Caltrops","Blur+1","Slice+1","PiercingWail+1","Enlightenment+1","Escape Plan+1"],"special_seed":0,"relics":["Ring of the Snake","Nunchaku","Sundial","Toxic Egg 2","Dodecahedron","Bronze Scales","Omamori","Black Star","Oddly Smooth Stone","Snake Skull","Molten Egg 2","Meat on the Bone","Lantern","MawBank","Philosopher\u0027s Stone","Bird Faced Urn","Gambling Chip","Potion Belt","Incense Burner","Ninja Scroll","Membership Card","Calipers"],"potions_floor_usage":[25,33,33,33,36,36,37,41,41,45,50,50,50,50],"damage_taken":[{"damage":0.0,"enemies":"Jaw Worm","floor":1.0,"turns":3.0},{"damage":0.0,"enemies":"Small Slimes","floor":3.0,"turns":2.0},{"damage":27.0,"enemies":"3 Sentries","floor":6.0,"turns":8.0},{"damage":17.0,"enemies":"Lagavulin","floor":8.0,"turns":8.0},{"damage":8.0,"enemies":"3 Sentries","floor":12.0,"turns":7.0},{"damage":11.0,"enemies":"Gremlin Nob","floor":14.0,"turns":4.0},{"damage":38.0,"enemies":"The Guardian","floor":16.0,"turns":11.0},{"damage":0.0,"enemies":"3 Byrds","floor":18.0,"turns":3.0},{"damage":0.0,"enemies":"Shell Parasite","floor":20.0,"turns":4.0},{"damage":12.0,"enemies":"Book of Stabbing","floor":24.0,"turns":5.0},{"damage":16,"enemies":"Chosen and Byrds","floor":25,"turns":5},{"damage":10,"enemies":"Cultist and Chosen","floor":27,"turns":5},{"damage":6,"enemies":"Shelled Parasite and Fungi","floor":31,"turns":4},{"damage":35,"enemies":"Automaton","floor":33,"turns":9},{"damage":0,"enemies":"3 Shapes","floor":35,"turns":4},{"damage":1,"enemies":"Orb Walker","floor":36,"turns":2},{"damage":37,"enemies":"Spire Growth","floor":37,"turns":4},{"damage":0,"enemies":"Sphere and 2 Shapes","floor":39,"turns":4},{"damage":49,"enemies":"Reptomancer","floor":41,"turns":6},{"damage":23,"enemies":"Transient","floor":45,"turns":5},{"damage":1,"enemies":"Mind Bloom Boss Battle","floor":48,"turns":5},{"damage":51,"enemies":"Time Eater","floor":50,"turns":10}],"seed_played":"-2804541542225162732","potions_obtained":[{"floor":1.0,"key":"Dexterity Potion"},{"floor":6.0,"key":"Poison Potion"},{"floor":8.0,"key":"Explosive Potion"},{"floor":14.0,"key":"AttackPotion"},{"floor":24.0,"key":"Swift Potion"},{"floor":27,"key":"GamblersBrew"},{"floor":31,"key":"AttackPotion"},{"floor":33,"key":"Fire Potion"},{"floor":37,"key":"Regen Potion"},{"floor":41,"key":"SkillPotion"},{"floor":45,"key":"SkillPotion"}],"is_trial":false,"path_per_floor":["M","$","M","?","?","E","R","E","T","R","T","E","R","E","R","B",null,"M","?","M","$","?","R","E","M","T","M","?","?","?","M","R","B",null,"M","M","M","?","M","R","E","R","T","R","M","$","?","?","R","B",null],"character_chosen":"THE_SILENT","items_purchased":["Mind Blast","Snake Skull","Deadly Poison+1","PiercingWail+1","Accuracy","Incense Burner","Ninja Scroll","Membership Card","Blur+1","Slice+1","PiercingWail+1"],"campfire_rested":8,"item_purchase_floors":[2,21,21,21,21,46,46,46,46,46,46],"current_hp_per_floor":[70,70,70,53,58,31,53,36,36,58,58,50,72,61,61,23,75,75,75,75,75,75,75,63,47,47,49,49,49,49,43,65,42,75,75,74,49,49,49,71,34,56,56,75,52,52,52,61,75,75],"gold":101,"neow_bonus":"ONE_RANDOM_RARE_CARD","is_prod":false,"is_daily":false,"chose_seed":false,"campfire_upgraded":2,"win_rate":0,"timestamp":1543067902,"path_taken":["M","$","M","?","?","E","R","E","T","R","?","E","R","E","R","BOSS","M","?","M","$","?","R","E","M","T","M","?","?","?","M","R","BOSS","M","M","?","?","M","R","E","R","T","R","M","$","?","?","R","BOSS"],"build_version":"2018-11-15","purchased_purges":0,"victory":true,"max_hp_per_floor":[70,70,70,70,75,75,75,75,75,75,75,75,75,75,75,75,75,75,75,75,75,75,75,75,75,75,75,75,75,75,75,75,75,75,75,75,75,75,75,75,75,75,75,75,75,75,75,75,75,75],"card_choices":[{"not_picked":["Accuracy","Caltrops"],"picked":"Riddle With Holes","floor":1.0},{"not_picked":["Bane","Flying Knee"],"picked":"Infinite Blades","floor":3.0},{"not_picked":["Dagger Spray","Doppelganger"],"picked":"Deadly Poison","floor":6.0},{"not_picked":["Slice","Leg Sweep"],"picked":"Well Laid Plans","floor":8.0},{"not_picked":["Expertise+1","Underhanded Strike"],"picked":"Escape Plan+1","floor":12.0},{"not_picked":["Underhanded Strike","Outmaneuver+1"],"picked":"Deflect+1","floor":14.0},{"not_picked":["Tools of the Trade","Malaise+1"],"picked":"Phantasmal Killer+1","floor":16.0},{"not_picked":["Caltrops","Deflect+1"],"picked":"Crippling Poison+1","floor":18.0},{"not_picked":["Slice","Reflex+1"],"picked":"Backflip+1","floor":20.0},{"not_picked":["Footwork","Quick Slash"],"picked":"Outmaneuver+1","floor":24.0},{"not_picked":["Infinite Blades","Prepared+1"],"picked":"Deflect+1","floor":25},{"not_picked":["Prepared+1","Deadly Poison+1"],"picked":"Venomology+1","floor":27},{"not_picked":["Distraction+1","Dagger Throw+1"],"picked":"Cloak And Dagger+1","floor":31},{"not_picked":["Venomology+1","Die Die Die+1"],"picked":"Burst+1","floor":33},{"not_picked":["Bane+1","Reflex+1"],"picked":"Quick Slash+1","floor":35},{"not_picked":["Slice+1","Deflect+1"],"picked":"Noxious Fumes","floor":36},{"not_picked":["Footwork+1","Underhanded Strike+1"],"picked":"Heel Hook+1","floor":37},{"not_picked":["Dodge and Roll+1","Blade Dance+1"],"picked":"Poisoned Stab+1","floor":39},{"not_picked":["Dodge and Roll+1","Underhanded Strike+1"],"picked":"Slice+1","floor":41},{"not_picked":["Deflect+1","Finisher+1"],"picked":"Caltrops","floor":45},{"not_picked":["Discovery+1","Finesse+1"],"picked":"Enlightenment+1","floor":47},{"not_picked":["Footwork+1","Prepared+1"],"picked":"Escape Plan+1","floor":48}],"player_experience":72019,"relics_obtained":[{"floor":6.0,"key":"Nunchaku"},{"floor":8.0,"key":"Sundial"},{"floor":9.0,"key":"Toxic Egg 2"},{"floor":11.0,"key":"Dodecahedron"},{"floor":12.0,"key":"Bronze Scales"},{"floor":14.0,"key":"Omamori"},{"floor":24.0,"key":"Molten Egg 2"},{"floor":24.0,"key":"Meat on the Bone"},{"floor":26,"key":"Lantern"},{"floor":41,"key":"Bird Faced Urn"},{"floor":41,"key":"Gambling Chip"},{"floor":43,"key":"Potion Belt"},{"floor":48,"key":"Calipers"}],"event_choices":[{"damage_healed":0.0,"max_hp_gain":0.0,"max_hp_loss":0.0,"gold_gain":0.0,"event_name":"Golden Idol","player_choice":"Take Damage","floor":4.0,"gold_loss":0.0,"damage_taken":17.0,"relics_obtained":["Golden Idol"]},{"damage_healed":0.0,"max_hp_gain":5.0,"max_hp_loss":0.0,"gold_gain":0.0,"event_name":"Big Fish","player_choice":"Donut","floor":5.0,"gold_loss":0.0,"damage_taken":0.0},{"damage_healed":0.0,"max_hp_gain":0.0,"max_hp_loss":0.0,"gold_gain":0.0,"event_name":"The Mausoleum","player_choice":"Opened","floor":19.0,"gold_loss":0.0,"damage_taken":0.0,"relics_obtained":["Oddly Smooth Stone"]},{"damage_healed":0.0,"max_hp_gain":0.0,"max_hp_loss":0.0,"gold_gain":0.0,"event_name":"The Library","player_choice":"Read","floor":22.0,"gold_loss":0.0,"damage_taken":0.0,"cards_obtained":["Bouncing Flask"]},{"damage_healed":0,"gold_gain":0,"player_choice":"Obtained Relic","damage_taken":0,"relics_obtained":["MawBank"],"max_hp_gain":0,"max_hp_loss":0,"event_name":"Addict","floor":28,"gold_loss":85},{"damage_healed":0,"gold_gain":0,"player_choice":"Paid Fearfully","damage_taken":0,"max_hp_gain":0,"max_hp_loss":0,"event_name":"Masked Bandits","floor":29,"gold_loss":95},{"damage_healed":0,"gold_gain":0,"player_choice":"Upgraded","damage_taken":0,"max_hp_gain":0,"max_hp_loss":0,"event_name":"Upgrade Shrine","floor":30,"gold_loss":0,"cards_upgraded":["Adrenaline"]},{"damage_healed":0,"gold_gain":333,"player_choice":"Gave Idol","damage_taken":0,"max_hp_gain":0,"max_hp_loss":0,"event_name":"The Moai Head","floor":38,"relics_lost":["Golden Idol"],"gold_loss":0},{"damage_healed":0,"gold_gain":0,"player_choice":"Memory 1","damage_taken":0,"max_hp_gain":0,"max_hp_loss":0,"event_name":"SensoryStone","floor":47,"gold_loss":0},{"damage_healed":0,"gold_gain":0,"player_choice":"Fight","damage_taken":0,"max_hp_gain":0,"max_hp_loss":0,"event_name":"MindBloom","floor":48,"gold_loss":0}],"is_beta":false,"boss_relics":[{"not_picked":["Sozu","Ectoplasm"],"picked":"Black Star"},{"not_picked":["Fusion Hammer","Pandora\u0027s Box"],"picked":"Philosopher\u0027s Stone"}],"items_purged_floors":[],"is_endless":false,"potions_floor_spawned":[1,6,8,14,24,27,31,33,37,41,45],"ascension_level":1}