{"path_per_floor":["M","$","M","?","M","R","E","R","T","E","M","R","$","?","R","B",null,"M","M","$","?","$","R","$","E","T","M","R","M","$","?","R","B",null,"M","M","?","?","$","E","?","E","T","E","T","$","?","E","R","B"],"character_chosen":"THE_SILENT","items_purchased":["Toxic Egg 2","Membership Card","Prepared","Infinite Blades","Backflip","Backflip","Accuracy"],"gold_per_floor":[369,40,52,127,145,145,180,180,203,230,247,247,46,46,46,149,149,136,154,36,36,36,36,9,38,120,139,139,152,32,32,32,127,127,139,151,151,151,31,58,58,85,85,150,150,69,69,104,104,104],"floor_reached":51,"campfire_rested":3,"playtime":3550,"current_hp_per_floor":[67,67,67,56,56,56,34,55,55,34,28,28,28,28,49,25,70,54,51,51,51,51,51,51,63,63,13,34,22,22,80,80,70,80,79,76,76,76,76,76,76,55,55,55,69,69,69,61,61,17],"items_purged":["Decay","Strike_G","Strike_G","Defend_G"],"gold":104,"play_id":"824f28b2-0331-489e-ae87-a1a153230d3a","is_prod":false,"is_daily":false,"is_ascension_mode":true,"campfire_upgraded":5,"path_taken":["M","?","?","?","M","R","E","R","T","E","M","R","$","?","R","BOSS","M","M","$","?","$","R","?","E","T","M","R","M","$","?","R","BOSS","M","M","?","?","$","E","?","E","T","E","?","$","?","E","R","BOSS"],"build_version":"2018-02-01-PROD3","purchased_purges":4,"victory":true,"master_deck":["Defend_G+1","Defend_G","Defend_G","Defend_G","Strike_G+1","Survivor+1","Neutralize+1","Dagger Spray+1","Backflip+1","Bouncing Flask+1","Cloak And Dagger+1","Escape Plan+1","Prepared+1","Infinite Blades+1","Cloak And Dagger+1","Blade Dance+1","Prepared+1","Backflip+1","Burst+1","Blur+1","Infinite Blades+1","Backflip+1","Accuracy+1"],"max_hp_per_floor":[70,70,70,70,70,70,70,70,70,70,70,70,70,70,70,70,70,70,70,70,70,70,70,70,70,70,70,70,70,70,80,80,80,80,80,80,80,80,80,80,80,80,80,80,94,94,94,94,94,94],"relics":["Ring of the Snake","Toxic Egg 2","Darkstone Periapt","Whetstone","Mercury Hourglass","Membership Card","The Specimen","Shuriken","Toolbox","Black Star","Bag of Preparation","Happy Flower","Oddly Smooth Stone","Regal Pillow","Girya","Tiny Chest","Prayer Wheel","Mango","The Courier","Meat on the Bone"],"card_choices":[{"not_picked":["Heel Hook","Prepared"],"picked":"Dagger Spray"},{"not_picked":["Endless Agony","Dash"],"picked":"Backflip"},{"not_picked":["Dodge and Roll","Slice"],"picked":"Bouncing Flask"},{"not_picked":["Quick Slash","Sucker Punch"],"picked":"Cloak And Dagger"},{"not_picked":["Phantasmal Killer","Tactician"],"picked":"Night Terror"},{"not_picked":["Dagger Spray","Dash"],"picked":"Escape Plan"},{"not_picked":["Night Terror","Choke"],"picked":"Cloak And Dagger"},{"not_picked":["Dagger Throw","PiercingWail"],"picked":"Blade Dance"},{"not_picked":["Flying Knee","Dagger Spray"],"picked":"Prepared"},{"not_picked":["Phantasmal Killer","Tools of the Trade"],"picked":"Burst"},{"not_picked":["Flying Knee","Prepared"],"picked":"Blur"},{"not_picked":["Well Laid Plans","Bullet Time"],"picked":"Infinite Blades"}],"player_experience":97269,"potions_floor_usage":[7,19,25,25,29,40,42,48,48],"damage_taken":[{"damage":3,"enemies":"Blue Slaver","floor":1,"turns":7},{"damage":0,"enemies":"Jaw Worm","floor":3,"turns":4},{"damage":0,"enemies":"2 Louse","floor":5,"turns":3},{"damage":22,"enemies":"Gremlin Nob","floor":7,"turns":5},{"damage":21,"enemies":"Lagavulin","floor":10,"turns":5},{"damage":6,"enemies":"2 Fungi Beasts","floor":11,"turns":3},{"damage":24,"enemies":"Hexaghost","floor":16,"turns":8},{"damage":16,"enemies":"2 Thieves","floor":18,"turns":4},{"damage":18,"enemies":"Shell Parasite","floor":19,"turns":7},{"damage":3,"enemies":"Book of Stabbing","floor":25,"turns":7},{"damage":50,"enemies":"Chosen and Byrds","floor":27,"turns":5},{"damage":12,"enemies":"Snake Plant","floor":29,"turns":5},{"damage":10,"enemies":"Collector","floor":33,"turns":7},{"damage":1,"enemies":"Orb Walker","floor":35,"turns":3},{"damage":3,"enemies":"3 Shapes","floor":36,"turns":4},{"damage":0,"enemies":"Giant Head","floor":40,"turns":8},{"damage":25,"enemies":"2 Orb Walkers","floor":42,"turns":5},{"damage":0,"enemies":"Giant Head","floor":44,"turns":6},{"damage":8,"enemies":"Nemesis","floor":48,"turns":7},{"damage":56,"enemies":"Donu and Deca","floor":50,"turns":9}],"event_choices":[{"event_name":"World of Goop","player_choice":"Gather Gold","floor":4,"damage_taken":0},{"event_name":"Upgrade Shrine","player_choice":"Upgraded","floor":14,"damage_taken":0},{"event_name":"Vampires","player_choice":"Ignored","floor":21,"damage_taken":0},{"event_name":"Bonfire Elementals","player_choice":"RARE","floor":31,"damage_taken":0},{"event_name":"Purifier","player_choice":"One Purge","floor":37,"damage_taken":0},{"event_name":"Tomb of Lord Red Mask","player_choice":"Ignored","floor":38,"damage_taken":0},{"event_name":"Mysterious Sphere","player_choice":"Ignore","floor":47,"damage_taken":0}],"boss_relics":[{"not_picked":["Question Card","Calling Bell"],"picked":"The Specimen"},{"not_picked":["Orrery","Runic Dome"],"picked":"Black Star"}],"potions_floor_spawned":[1,10,11,16,18,27,29,40,42,44],"seed_played":"-2400012220606996087","ascension_level":2,"is_trial":false}