{"path_per_floor":["M","?","M","M","$","R","?","M","T","R","M","$","T","M","R","B",null,"M","M","?","M","$","E","?","$","T","R","M","M","?","M","R"],"character_chosen":"THE_SILENT","items_purchased":["Backflip","Sucker Punch","Slice","Poisoned Stab","Frozen Egg","Well Laid Plans"],"gold_per_floor":[115,115,127,139,62,62,62,73,99,99,110,4,52,67,67,165,165,179,190,190,202,56,86,86,19,73,73,86,98,98,110,110],"floor_reached":33,"campfire_rested":1,"playtime":3349,"current_hp_per_floor":[70,70,70,70,70,70,70,70,70,70,61,61,61,61,61,35,70,56,70,70,57,57,37,37,37,37,58,41,27,27,28,28],"items_purged":[],"gold":110,"play_id":"6de479c7-532b-43c1-a8f9-e45f0e74f2d3","is_prod":false,"is_daily":false,"is_ascension_mode":false,"campfire_upgraded":4,"path_taken":["M","?","M","M","$","R","?","?","T","R","M","$","?","M","R","BOSS","M","M","?","M","$","E","?","?","T","R","M","M","?","M","R","BOSS"],"build_version":"2018-01-25-PROD3","purchased_purges":0,"victory":false,"master_deck":["Defend_G","Defend_G","Defend_G","Defend_G","Defend_G","Survivor","Neutralize","Prepared+1","Flying Knee","Poisoned Stab","Backflip+1","Sucker Punch","Escape Plan","Phantasmal Killer+1","Slice","Poisoned Stab","Slice","Adrenaline","Blur+1","Bouncing Flask+1","Noxious Fumes+1","Quick Slash","Backstab+1","Well Laid Plans","Parasite","Backstab+1","Deadly Poison","Bite_G","Bite_G","Bite_G","Bite_G","Bite_G","Slice"],"max_hp_per_floor":[70,70,70,70,70,70,70,70,70,70,70,70,70,70,70,70,70,70,70,70,70,70,70,70,70,70,70,70,70,49,49,49],"relics":["Ring of the Snake","Bronze Scales","Orichalcum","Cursed Key","Frozen Egg","Juzu Bracelet","Sundial","Bag of Preparation"],"card_choices":[{"not_picked":["PiercingWail","Dodge and Roll"],"picked":"Prepared"},{"not_picked":["Leg Sweep","Riddle With Holes"],"picked":"Flying Knee"},{"not_picked":["Heel Hook","Dodge and Roll"],"picked":"Poisoned Stab"},{"not_picked":["Dodge and Roll","PiercingWail"],"picked":"Escape Plan"},{"not_picked":["Dagger Spray","Sucker Punch"],"picked":"Phantasmal Killer"},{"not_picked":["Outmaneuver","Dagger Spray"],"picked":"Slice"},{"not_picked":["Bullet Time","Wraith Form"],"picked":"Adrenaline"},{"not_picked":["Dodge and Roll","Deflect"],"picked":"Blur"},{"not_picked":["Slice","Dodge and Roll"],"picked":"Bouncing Flask"},{"not_picked":["Backflip","Backstab"],"picked":"Quick Slash"},{"not_picked":["Leg Sweep","Blade Dance"],"picked":"Backstab"},{"not_picked":["Leg Sweep","Dodge and Roll"],"picked":"Backstab"},{"not_picked":["All Out Attack","Backflip"],"picked":"Deadly Poison"},{"not_picked":["PiercingWail","Quick Slash"],"picked":"Slice"}],"player_experience":4689,"potions_floor_usage":[19,23,33,33],"damage_taken":[{"damage":0,"enemies":"Cultist","floor":1,"turns":4},{"damage":0,"enemies":"Small Slimes","floor":3,"turns":4},{"damage":0,"enemies":"Jaw Worm","floor":4,"turns":6},{"damage":0,"enemies":"Red Slaver","floor":8,"turns":5},{"damage":9,"enemies":"Exordium Thugs","floor":11,"turns":6},{"damage":0,"enemies":"Exordium Wildlife","floor":14,"turns":3},{"damage":26,"enemies":"Slime Boss","floor":16,"turns":8},{"damage":14,"enemies":"Shell Parasite","floor":18,"turns":4},{"damage":0,"enemies":"Chosen","floor":19,"turns":6},{"damage":13,"enemies":"3 Cultists","floor":21,"turns":6},{"damage":20,"enemies":"Gremlin Leader","floor":23,"turns":8},{"damage":17,"enemies":"Slaver and Parasite","floor":28,"turns":5},{"damage":14,"enemies":"Centurion and Healer","floor":29,"turns":6},{"damage":7,"enemies":"Snake Plant","floor":31,"turns":4},{"damage":45,"enemies":"Automaton","floor":33,"turns":6}],"event_choices":[{"event_name":"The Lab","player_choice":"Got Potions","floor":2,"damage_taken":0},{"event_name":"Golden Wing","player_choice":"Ignored","floor":7,"damage_taken":0},{"event_name":"The Library","player_choice":"Read","floor":20,"damage_taken":0},{"event_name":"The Mausoleum","player_choice":"Yes","floor":24,"damage_taken":0},{"event_name":"Vampires","player_choice":"Became a vampire","floor":30,"damage_taken":0}],"boss_relics":[{"not_picked":["Lizard Tail","Snecko Eye"],"picked":"Cursed Key"}],"potions_floor_spawned":[4,11,16,18,28,31],"seed_played":"5750486726323126189","killed_by":"Automaton","ascension_level":0,"is_trial":false}