{"gold_per_floor":[211,211,129,142,142,166,191,210,210,210,228,178,178,196,196,196],"floor_reached":16,"playtime":720,"items_purged":[],"score":103,"play_id":"5b5681eb-2c3d-40a6-832b-6cc46fc005f3","local_time":"20191013080102","is_ascension_mode":true,"campfire_choices":[{"floor":13,"key":"REST"},{"floor":15,"key":"REST"}],"neow_cost":"NONE","seed_source_timestamp":173674493357600,"circlet_count":0,"master_deck":["Strike_G","Strike_G","Strike_G+1","Strike_G","Defend_G","Defend_G+1","Defend_G","Defend_G","Defend_G","Survivor","Neutralize","Endless Agony","Footwork","Terror","Concentrate+1","Blur+1"],"relics":["Ring of the Snake","Golden Idol","The Specimen","Toxic Egg 2"],"potions_floor_usage":[16],"damage_taken":[{"damage":3,"enemies":"Small Slimes","floor":1,"turns":5},{"damage":0,"enemies":"Cultist","floor":4,"turns":3},{"damage":4,"enemies":"Jaw Worm","floor":6,"turns":4},{"damage":2,"enemies":"Blue Slaver","floor":7,"turns":5},{"damage":16,"enemies":"2 Fungi Beasts","floor":8,"turns":3},{"damage":1,"enemies":"Looter","floor":11,"turns":3},{"damage":12,"enemies":"Exordium Thugs","floor":14,"turns":8},{"damage":60,"enemies":"Hexaghost","floor":16,"turns":16}],"seed_played":"905866230526473355","potions_obtained":[{"floor":4,"key":"Poison Potion"},{"floor":6,"key":"Energy Potion"}],"is_trial":false,"path_per_floor":["M","?","$","M","?","M","M","M","T","?","M","?","R","M","R","B"],"character_chosen":"THE_SILENT","items_purchased":["Endless Agony"],"campfire_rested":2,"item_purchase_floors":[3],"current_hp_per_floor":[67,65,65,65,52,48,46,30,30,30,29,29,48,36,55,0],"gold":196,"neow_bonus":"HUNDRED_GOLD","is_prod":false,"is_daily":false,"chose_seed":false,"campfire_upgraded":0,"win_rate":0,"timestamp":1570946462,"path_taken":["M","?","$","M","?","M","M","M","T","?","?","?","R","M","R","BOSS"],"build_version":"2019-07-17","purchased_purges":0,"victory":false,"max_hp_per_floor":[70,65,65,65,65,65,65,65,65,65,65,65,65,65,65,65],"card_choices":[{"not_picked":["Bane","Predator","Blade Dance"],"picked":"SKIP","floor":1},{"not_picked":["Flying Knee","Deadly Poison","Infinite Blades"],"picked":"SKIP","floor":4},{"not_picked":["Flying Knee","Deadly Poison","Infinite Blades"],"picked":"SKIP","floor":4},{"not_picked":["Accuracy","Bouncing Flask"],"picked":"Footwork","floor":6},{"not_picked":["Bane","Cloak And Dagger"],"picked":"Terror","floor":7},{"not_picked":["Blur","Dagger Throw","PiercingWail"],"picked":"SKIP","floor":8},{"not_picked":["Blade Dance+1","Finisher"],"picked":"Concentrate+1","floor":11},{"not_picked":["Crippling Poison+1","Deflect+1"],"picked":"Blur+1","floor":14}],"player_experience":325243,"relics_obtained":[{"floor":9,"key":"The Specimen"},{"floor":10,"key":"Toxic Egg 2"}],"event_choices":[{"damage_healed":0,"gold_gain":0,"player_choice":"Lose Max HP","damage_taken":0,"relics_obtained":["Golden Idol"],"max_hp_gain":0,"max_hp_loss":5,"event_name":"Golden Idol","floor":2,"gold_loss":0},{"damage_healed":0,"gold_gain":0,"player_choice":"Entered Light","damage_taken":13,"max_hp_gain":0,"max_hp_loss":0,"event_name":"Shining Light","floor":5,"gold_loss":0,"cards_upgraded":["Defend_G","Strike_G"]},{"damage_healed":0,"gold_gain":0,"player_choice":"Relic","damage_taken":0,"max_hp_gain":0,"max_hp_loss":0,"event_name":"Wheel of Change","floor":10,"gold_loss":0},{"cards_removed":["Strike_G"],"damage_healed":0,"gold_gain":0,"player_choice":"Card Removal","damage_taken":0,"max_hp_gain":0,"max_hp_loss":0,"event_name":"The Cleric","floor":12,"gold_loss":50}],"is_beta":false,"boss_relics":[],"items_purged_floors":[],"is_endless":false,"potions_floor_spawned":[4,6],"killed_by":"Hexaghost","ascension_level":2}