{"gold_per_floor":[113,188,26,44,59,85,85,115,115,115,141,154,154,171,171,266,266,281,67,67,82,98,129,129,129,129,140,150,163,163,123,123,221,221,235,246,31,49,59,59,73,86,140,73,90,105,205,61,61,61,61,61,9,43,43],"floor_reached":55,"playtime":3901,"items_purged":[],"score":779,"play_id":"080a4528-24e4-4aa9-ad09-985268d302bc","local_time":"20191006093232","is_ascension_mode":true,"campfire_choices":[{"floor":15.0,"key":"REST"},{"floor":25.0,"key":"REST"},{"floor":32.0,"key":"REST"},{"data":"Apotheosis","floor":40.0,"key":"SMITH"},{"floor":49.0,"key":"RECALL"},{"data":"Rainbow","floor":52,"key":"SMITH"}],"neow_cost":"NONE","seed_source_timestamp":0,"circlet_count":0,"master_deck":["Strike_B+1","Strike_B+1","Defend_B+1","Defend_B+1","Zap","Dualcast","Coolheaded","Apotheosis+1","Leap+1","Cold Snap","Leap","White Noise+1","Coolheaded","Rainbow","Capacitor","Force Field","Cold Snap","Echo Form","Barrage","Streamline","Glacier+1","Buffer","Amplify+1","Tempest+1","Self Repair+1","Conserve Battery","Rainbow+1","Defragment","Sunder","Reboot","Force Field+1","Self Repair","Auto Shields+1","Storm+1","Sunder+1"],"special_seed":0,"relics":["Cracked Core","Dodecahedron","Meat on the Bone","Question Card","Whetstone","Snecko Eye","PreservedInsect","Nloth\u0027s Gift","DataDisk","Astrolabe","Happy Flower","Omamori","Mango","Orichalcum","Pen Nib"],"potions_floor_usage":[54,55],"damage_taken":[{"damage":0.0,"enemies":"Jaw Worm","floor":1.0,"turns":1.0},{"damage":0.0,"enemies":"2 Louse","floor":4.0,"turns":1.0},{"damage":0.0,"enemies":"Cultist","floor":5.0,"turns":1.0},{"damage":2.0,"enemies":"Lagavulin","floor":6.0,"turns":7.0},{"damage":22.0,"enemies":"Gremlin Nob","floor":8.0,"turns":5.0},{"damage":14.0,"enemies":"3 Sentries","floor":11.0,"turns":10.0},{"damage":10.0,"enemies":"Lots of Slimes","floor":12.0,"turns":6.0},{"damage":0.0,"enemies":"3 Louse","floor":14.0,"turns":2.0},{"damage":36.0,"enemies":"Slime Boss","floor":16.0,"turns":15.0},{"damage":0.0,"enemies":"Chosen","floor":18.0,"turns":5.0},{"damage":5.0,"enemies":"Shell Parasite","floor":21.0,"turns":5.0},{"damage":33.0,"enemies":"Snake Plant","floor":22.0,"turns":5.0},{"damage":7.0,"enemies":"Book of Stabbing","floor":23.0,"turns":5.0},{"damage":6.0,"enemies":"Centurion and Healer","floor":27.0,"turns":7.0},{"damage":6.0,"enemies":"Cultist and Chosen","floor":28.0,"turns":6.0},{"damage":1.0,"enemies":"3 Cultists","floor":29.0,"turns":5.0},{"damage":4.0,"enemies":"Champ","floor":33.0,"turns":10.0},{"damage":10.0,"enemies":"Orb Walker","floor":35.0,"turns":4.0},{"damage":11.0,"enemies":"3 Shapes","floor":36.0,"turns":4.0},{"damage":27.0,"enemies":"Sphere and 2 Shapes","floor":38.0,"turns":6.0},{"damage":2.0,"enemies":"4 Shapes","floor":39.0,"turns":5.0},{"damage":38.0,"enemies":"Jaw Worm Horde","floor":41.0,"turns":5.0},{"damage":0.0,"enemies":"Spire Growth","floor":42.0,"turns":5.0},{"damage":0.0,"enemies":"Transient","floor":45.0,"turns":5.0},{"damage":16.0,"enemies":"4 Shapes","floor":46.0,"turns":6.0},{"damage":0.0,"enemies":"Mind Bloom Boss Battle","floor":47.0,"turns":4.0},{"damage":36.0,"enemies":"Donu and Deca","floor":50.0,"turns":9.0},{"damage":47,"enemies":"Shield and Spear","floor":54,"turns":11},{"damage":78,"enemies":"The Heart","floor":55,"turns":8}],"seed_played":"-6038974458898964307","potions_obtained":[{"floor":4.0,"key":"LiquidBronze"},{"floor":6.0,"key":"Explosive Potion"},{"floor":14.0,"key":"FocusPotion"},{"floor":18.0,"key":"Block Potion"},{"floor":22.0,"key":"FairyPotion"},{"floor":28.0,"key":"SkillPotion"},{"floor":35.0,"key":"FocusPotion"},{"floor":42.0,"key":"SpeedPotion"},{"floor":45.0,"key":"Fire Potion"},{"floor":54,"key":"Energy Potion"}],"is_trial":false,"path_per_floor":["M","?","$","M","M","E","?","E","T","?","E","M","$","M","R","B",null,"M","$","?","M","M","E","?","R","T","M","M","M","$","?","R","B",null,"M","M","$","M","M","R","M","M","T","$","M","M","?","$","R","B",null,"R","$","E","B"],"character_chosen":"DEFECT","items_purchased":["Apotheosis","PreservedInsect","Capacitor","Defragment","Happy Flower","Self Repair","Orichalcum","Block Potion"],"campfire_rested":3,"item_purchase_floors":[3,19,19,37,37,44,48,53],"current_hp_per_floor":[75,64,64,64,64,62,47,25,25,25,23,25,25,37,59,35,75,75,75,75,70,49,42,28,52,52,46,52,51,51,51,75,71,80,80,79,79,72,80,80,62,80,80,80,80,80,94,94,94,88,94,94,94,66,0],"gold":43,"neow_bonus":"THREE_ENEMY_KILL","is_prod":false,"is_daily":false,"chose_seed":false,"campfire_upgraded":2,"win_rate":0,"timestamp":1570347152,"path_taken":["M","?","$","M","M","E","?","E","T","?","E","?","?","M","R","BOSS","M","$","?","?","M","E","?","R","T","M","M","M","$","?","R","BOSS","M","?","$","M","?","R","M","M","T","$","M","M","?","$","R","BOSS","R","$","E","BOSS"],"build_version":"2019-07-17","purchased_purges":0,"victory":false,"max_hp_per_floor":[75,75,75,75,75,75,75,75,75,75,75,75,75,75,75,75,75,75,75,75,75,75,75,80,80,80,80,80,80,80,80,80,80,80,80,80,80,80,80,80,80,80,80,80,80,80,94,94,94,94,94,94,94,94,94],"card_choices":[{"not_picked":["Rebound","Loop"],"picked":"Coolheaded","floor":1.0},{"not_picked":["Beam Cell","Streamline"],"picked":"Leap","floor":4.0},{"not_picked":["Reinforced Body","Scrape","Redo"],"picked":"SKIP","floor":5.0},{"not_picked":["Storm","Meteor Strike"],"picked":"Cold Snap","floor":6.0},{"not_picked":["Steam","Hologram","Redo"],"picked":"SKIP","floor":8.0},{"not_picked":["Ball Lightning","FTL","Static Discharge"],"picked":"Leap","floor":11.0},{"not_picked":["Beam Cell","Gash","Heatsinks"],"picked":"White Noise","floor":12.0},{"not_picked":["Redo","Go for the Eyes","Beam Cell"],"picked":"Coolheaded","floor":14.0},{"not_picked":["Echo Form","Multi-Cast","Meteor Strike"],"picked":"Rainbow","floor":16.0},{"not_picked":["Chill","Go for the Eyes","Redo","Recycle"],"picked":"SKIP","floor":18.0},{"not_picked":["Loop","Barrage+1","Streamline+1"],"picked":"Force Field","floor":21.0},{"not_picked":["Beam Cell+1","Hologram","Go for the Eyes"],"picked":"Cold Snap","floor":22.0},{"not_picked":["Storm","Seek","Melter"],"picked":"Echo Form","floor":23.0},{"not_picked":["Steam+1","Fusion","Stack"],"picked":"Barrage","floor":27.0},{"not_picked":["Double Energy+1","Gash","Stack"],"picked":"Streamline","floor":28.0},{"not_picked":["Steam","Ball Lightning+1","Aggregate+1"],"picked":"Glacier+1","floor":29.0},{"not_picked":["Core Surge","Multi-Cast","Fission"],"picked":"Buffer","floor":33.0},{"not_picked":["Rebound","Steam","Streamline+1"],"picked":"Conserve Battery","floor":35.0},{"not_picked":["Sweeping Beam+1","Conserve Battery+1","Fission"],"picked":"Rainbow","floor":36.0},{"not_picked":["Heatsinks","Sweeping Beam+1","Redo"],"picked":"Sunder","floor":38.0},{"not_picked":["Ball Lightning","Rebound","Redo+1"],"picked":"Reboot","floor":39.0},{"not_picked":["Leap","Hyperbeam","Seek"],"picked":"Force Field+1","floor":41.0},{"not_picked":["Glacier+1","Fission","Streamline+1","Turbo"],"picked":"SKIP","floor":42.0},{"not_picked":["Go for the Eyes+1","Leap","Undo+1","Amplify"],"picked":"SKIP","floor":45.0},{"not_picked":["Darkness+1","Steam+1","Ball Lightning"],"picked":"Auto Shields+1","floor":46.0},{"not_picked":["Steam Power","Ball Lightning","Conserve Battery+1"],"picked":"Storm+1","floor":47.0},{"not_picked":["Steam Power+1","Rebound+1","FTL"],"picked":"Sunder+1","floor":54}],"player_experience":205088,"relics_obtained":[{"floor":6.0,"key":"Dodecahedron"},{"floor":8.0,"key":"Meat on the Bone"},{"floor":9.0,"key":"Question Card"},{"floor":11.0,"key":"Whetstone"},{"floor":23.0,"key":"DataDisk"},{"floor":43.0,"key":"Omamori"},{"floor":47.0,"key":"Mango"},{"floor":54,"key":"Pen Nib"}],"event_choices":[{"damage_healed":0.0,"max_hp_gain":0.0,"max_hp_loss":0.0,"gold_gain":75.0,"event_name":"World of Goop","player_choice":"Gather Gold","floor":2.0,"gold_loss":0.0,"damage_taken":11.0},{"damage_healed":0.0,"max_hp_gain":0.0,"max_hp_loss":0.0,"gold_gain":0.0,"event_name":"Shining Light","player_choice":"Entered Light","floor":7.0,"gold_loss":0.0,"damage_taken":15.0,"cards_upgraded":["Leap","Defend_B"]},{"cards_removed":["Strike_B"],"damage_healed":0.0,"max_hp_gain":0.0,"max_hp_loss":0.0,"gold_gain":0.0,"event_name":"Purifier","player_choice":"Purged","floor":10.0,"gold_loss":0.0,"damage_taken":0.0},{"damage_healed":0.0,"max_hp_gain":0.0,"max_hp_loss":0.0,"gold_gain":0.0,"event_name":"N\u0027loth","player_choice":"Traded Relic","floor":20.0,"relics_lost":["NeowsBlessing"],"gold_loss":0.0,"damage_taken":0.0,"relics_obtained":["Nloth\u0027s Gift"]},{"damage_healed":0.0,"max_hp_gain":5.0,"max_hp_loss":0.0,"gold_gain":0.0,"event_name":"Forgotten Altar","player_choice":"Shed Blood","floor":24.0,"gold_loss":0.0,"damage_taken":19.0},{"damage_healed":0.0,"max_hp_gain":0.0,"max_hp_loss":0.0,"gold_gain":0.0,"event_name":"Designer","player_choice":"Upgraded Two","floor":31.0,"gold_loss":40.0,"damage_taken":0.0,"cards_upgraded":["White Noise","Defend_B"]},{"damage_healed":0.0,"max_hp_gain":0.0,"max_hp_loss":0.0,"gold_gain":0.0,"event_name":"MindBloom","player_choice":"Fight","floor":47.0,"gold_loss":0.0,"damage_taken":0.0}],"is_beta":false,"boss_relics":[{"not_picked":["Black Star","Calling Bell"],"picked":"Snecko Eye"},{"not_picked":["Tiny House","Empty Cage"],"picked":"Astrolabe"}],"items_purged_floors":[],"is_endless":false,"potions_floor_spawned":[4,6,14,18,22,28,35,38,42,45,54],"killed_by":"The Heart","ascension_level":2}