{"gold_per_floor":[111,111,127,27,27,27,56,56,56,71,71,85,118,133,133,211,211,230,230,13,32,51,51,85,85,110,120,147,27,46,65,65,136,136,154,172,44,61,78,109,109,136,162,190,203,203,257,179,179,179,179,179,179,46,72,72],"floor_reached":57,"playtime":2832,"items_purged":["Stack","FTL","Compile Driver"],"score":2959,"play_id":"e98d18ba-63c5-4e8a-80cd-42e1fbb92a65","local_time":"20190923190027","is_ascension_mode":true,"campfire_choices":[{"data":"Zap","floor":6.0,"key":"SMITH"},{"data":"Defragment","floor":8.0,"key":"SMITH"},{"data":"Dualcast","floor":11.0,"key":"SMITH"},{"data":"Impatience","floor":15.0,"key":"SMITH"},{"data":"Scrape","floor":23.0,"key":"SMITH"},{"floor":25.0,"key":"REST"},{"data":"Coolheaded","floor":32.0,"key":"SMITH"},{"data":"Recycle","floor":41.0,"key":"SMITH"},{"floor":49.0,"key":"RECALL"},{"data":"Coolheaded","floor":53.0,"key":"SMITH"}],"neow_cost":"NONE","seed_source_timestamp":93984979162901,"circlet_count":0,"master_deck":["AscendersBane","Zap+1","Dualcast+1","BootSequence","Cold Snap","Impatience+1","Defragment+1","Scrape+1","Conserve Battery","Core Surge","Turbo","Turbo","Compile Driver","Gash","Reboot","Hologram","Biased Cognition","Flash of Steel","Coolheaded+1","Self Repair","Machine Learning","Machine Learning","Capacitor","Force Field","Coolheaded+1","Recycle+1","Gash+1","Loop","Steam Power+1","Go for the Eyes","Heatsinks","Skim+1"],"special_seed":0,"relics":["Cracked Core","NeowsBlessing","Bottled Lightning","Bag of Preparation","Letter Opener","SacredBark","Medical Kit","Pen Nib","Vajra","Blood Vial","Pandora\u0027s Box","Anchor","Bronze Scales","Smiling Mask","CloakClasp","Art of War"],"potions_floor_usage":[56,56],"damage_taken":[{"damage":0.0,"enemies":"2 Louse","floor":1.0,"turns":1.0},{"damage":0.0,"enemies":"Small Slimes","floor":3.0,"turns":1.0},{"damage":0.0,"enemies":"Lagavulin","floor":7.0,"turns":1.0},{"damage":0.0,"enemies":"Cultist","floor":10.0,"turns":3.0},{"damage":1.0,"enemies":"Blue Slaver","floor":12.0,"turns":3.0},{"damage":11.0,"enemies":"Gremlin Nob","floor":13.0,"turns":4.0},{"damage":0.0,"enemies":"Looter","floor":14.0,"turns":2.0},{"damage":24.0,"enemies":"Hexaghost","floor":16.0,"turns":9.0},{"damage":24.0,"enemies":"3 Byrds","floor":18.0,"turns":4.0},{"damage":7.0,"enemies":"2 Thieves","floor":21.0,"turns":3.0},{"damage":40.0,"enemies":"Shelled Parasite and Fungi","floor":22.0,"turns":9.0},{"damage":17.0,"enemies":"Book of Stabbing","floor":24.0,"turns":3.0},{"damage":9.0,"enemies":"Cultist and Chosen","floor":27.0,"turns":4.0},{"damage":33.0,"enemies":"Gremlin Leader","floor":28.0,"turns":5.0},{"damage":0.0,"enemies":"Snecko","floor":30.0,"turns":3.0},{"damage":0.0,"enemies":"Chosen and Byrds","floor":31.0,"turns":3.0},{"damage":6.0,"enemies":"Champ","floor":33.0,"turns":11.0},{"damage":0.0,"enemies":"3 Shapes","floor":35.0,"turns":3.0},{"damage":20.0,"enemies":"3 Darklings","floor":36.0,"turns":3.0},{"damage":6.0,"enemies":"Writhing Mass","floor":38.0,"turns":6.0},{"damage":5.0,"enemies":"Jaw Worm Horde","floor":39.0,"turns":3.0},{"damage":7.0,"enemies":"Reptomancer","floor":40.0,"turns":7.0},{"damage":4.0,"enemies":"Giant Head","floor":42.0,"turns":6.0},{"damage":0.0,"enemies":"Reptomancer","floor":44.0,"turns":5.0},{"damage":0.0,"enemies":"Sphere and 2 Shapes","floor":45.0,"turns":3.0},{"damage":0.0,"enemies":"2 Orb Walkers","floor":47.0,"turns":3.0},{"damage":28.0,"enemies":"Awakened One","floor":50.0,"turns":8.0},{"damage":0.0,"enemies":"Donu and Deca","floor":51.0,"turns":8.0},{"damage":36,"enemies":"Shield and Spear","floor":55,"turns":5},{"damage":36,"enemies":"The Heart","floor":56,"turns":7}],"seed_played":"7450940778191088466","potions_obtained":[{"floor":1.0,"key":"SteroidPotion"},{"floor":3.0,"key":"Block Potion"},{"floor":14.0,"key":"Energy Potion"},{"floor":16.0,"key":"Regen Potion"},{"floor":22.0,"key":"AttackPotion"},{"floor":24.0,"key":"FocusPotion"},{"floor":39.0,"key":"Block Potion"},{"floor":44.0,"key":"PowerPotion"}],"is_trial":false,"path_per_floor":["M","?","M","$","?","R","E","R","T","M","R","M","E","M","R","B",null,"M","?","$","M","M","R","E","R","T","M","E","$","M","M","R","B",null,"M","M","$","M","M","E","R","E","T","E","M","?","?","$","R","B","B",null,"R","$","E","B",null],"character_chosen":"DEFECT","items_purchased":["Impatience","Medical Kit","Turbo","Flash of Steel","Coolheaded","FocusPotion","Go for the Eyes","Heatsinks"],"campfire_rested":1,"item_purchase_floors":[4,20,20,29,29,37,48,54],"current_hp_per_floor":[64,57,57,57,62,62,62,62,62,62,62,61,50,50,50,26,64,40,40,40,33,45,45,28,50,50,41,8,8,10,12,12,15,61,70,59,59,62,59,61,61,66,66,75,76,72,72,72,72,51,60,69,69,69,42,15],"gold":72,"neow_bonus":"THREE_ENEMY_KILL","is_prod":false,"is_daily":false,"chose_seed":false,"campfire_upgraded":8,"win_rate":0,"timestamp":1569236427,"path_taken":["M","?","M","$","?","R","E","R","T","M","R","M","E","M","R","BOSS","M","?","$","?","M","R","E","R","T","M","E","$","M","M","R","BOSS","M","M","$","M","M","E","R","E","T","E","M","?","?","$","R","BOSS","BOSS","R","$","E","BOSS"],"build_version":"2019-09-20","purchased_purges":3,"victory":true,"max_hp_per_floor":[71,71,71,71,76,76,76,76,76,76,76,76,76,76,76,76,76,76,76,76,76,76,76,76,76,76,76,76,76,76,76,76,76,76,76,76,76,76,76,76,76,76,76,76,76,72,72,72,72,72,72,72,72,72,72,72],"card_choices":[{"not_picked":["Tempest","Barrage"],"picked":"BootSequence","floor":1.0},{"not_picked":["Reprogram","Rebound"],"picked":"Cold Snap","floor":3.0},{"not_picked":["Lockon","Coolheaded"],"picked":"Defragment","floor":7.0},{"not_picked":["Storm","Chill"],"picked":"Scrape","floor":10.0},{"not_picked":["Fusion","Streamline","Double Energy"],"picked":"SKIP","floor":12.0},{"not_picked":["Rebound","Leap"],"picked":"Conserve Battery","floor":13.0},{"not_picked":["Blizzard","Melter","Stack"],"picked":"SKIP","floor":14.0},{"not_picked":["Reboot","Hyperbeam"],"picked":"Core Surge","floor":16.0},{"not_picked":["Ball Lightning","Genetic Algorithm+1"],"picked":"Turbo","floor":18.0},{"not_picked":["Rip and Tear+1","Stack"],"picked":"Compile Driver","floor":21.0},{"not_picked":["Leap","Conserve Battery"],"picked":"Gash","floor":22.0},{"not_picked":["Tempest+1","Multi-Cast"],"picked":"Reboot","floor":24.0},{"not_picked":["Aggregate","Redo"],"picked":"Hologram","floor":27.0},{"not_picked":["Redo","Lockon"],"picked":"Biased Cognition","floor":28.0},{"not_picked":["Leap","Reinforced Body","Redo"],"picked":"SKIP","floor":30.0},{"not_picked":["Redo","Ball Lightning"],"picked":"Self Repair","floor":31.0},{"not_picked":["Rainbow","Biased Cognition"],"picked":"Machine Learning","floor":33.0},{"not_picked":["Ball Lightning","Compile Driver"],"picked":"Coolheaded","floor":35.0},{"not_picked":["Fusion+1","Conserve Battery+1"],"picked":"Recycle","floor":36.0},{"not_picked":["Leap","Self Repair"],"picked":"Gash+1","floor":38.0},{"not_picked":["Stack","Leap","Darkness+1"],"picked":"SKIP","floor":39.0},{"not_picked":["Hello World","Gash"],"picked":"Loop","floor":40.0},{"not_picked":["Streamline","Double Energy"],"picked":"Steam Power+1","floor":42.0},{"not_picked":["Rip and Tear","Rebound","Genetic Algorithm"],"picked":"SKIP","floor":44.0},{"not_picked":["Cold Snap","Redo","Thunder Strike"],"picked":"SKIP","floor":45.0},{"not_picked":["Conserve Battery","Compile Driver"],"picked":"Skim+1","floor":55}],"player_experience":949250,"relics_obtained":[{"floor":7.0,"key":"Bottled Lightning"},{"floor":9.0,"key":"Bag of Preparation"},{"floor":13.0,"key":"Letter Opener"},{"floor":24.0,"key":"Pen Nib"},{"floor":26.0,"key":"Vajra"},{"floor":28.0,"key":"Blood Vial"},{"floor":40.0,"key":"Anchor"},{"floor":42.0,"key":"Bronze Scales"},{"floor":44.0,"key":"Smiling Mask"},{"floor":47.0,"key":"CloakClasp"},{"floor":55,"key":"Art of War"}],"event_choices":[{"cards_removed":["Strike_B"],"damage_healed":0.0,"max_hp_gain":0.0,"max_hp_loss":0.0,"gold_gain":0.0,"event_name":"Golden Wing","player_choice":"Card Removal","floor":2.0,"gold_loss":0.0,"damage_taken":7.0},{"damage_healed":0.0,"max_hp_gain":5.0,"max_hp_loss":0.0,"gold_gain":0.0,"event_name":"Big Fish","player_choice":"Donut","floor":5.0,"gold_loss":0.0,"damage_taken":0.0},{"cards_removed":["Strike_B"],"damage_healed":0.0,"max_hp_gain":0.0,"max_hp_loss":0.0,"gold_gain":0.0,"event_name":"Purifier","player_choice":"Purged","floor":19.0,"gold_loss":0.0,"damage_taken":0.0},{"damage_healed":0.0,"max_hp_gain":0.0,"max_hp_loss":4.0,"gold_gain":0.0,"event_name":"Winding Halls","player_choice":"Max HP","floor":46.0,"gold_loss":0.0,"damage_taken":0.0},{"damage_healed":0.0,"max_hp_gain":0.0,"max_hp_loss":0.0,"gold_gain":0.0,"event_name":"Mysterious Sphere","player_choice":"Fight","floor":47.0,"gold_loss":0.0,"damage_taken":0.0}],"is_beta":true,"boss_relics":[{"not_picked":["Snecko Eye","SlaversCollar"],"picked":"SacredBark"},{"not_picked":["Runic Pyramid","Sozu"],"picked":"Pandora\u0027s Box"}],"items_purged_floors":[37,48,54],"is_endless":false,"potions_floor_spawned":[1,3,14,16,21,22,24,27,31,39,44,45],"ascension_level":20}