{"gold_per_floor":[109,109,124,124,37,37,71,86,86,86,97,107,107,124,124,219,219,230,256,270,141,56,83,83,102,102,201,201],"floor_reached":28,"playtime":1094,"items_purged":["Strike_B"],"score":238,"play_id":"3cef895e-9a31-4c1b-ac54-0c74b7767e20","local_time":"20191002205034","is_ascension_mode":false,"campfire_choices":[{"data":"Zap","floor":6,"key":"SMITH"},{"data":"Dualcast","floor":10,"key":"SMITH"},{"data":"Streamline","floor":15,"key":"SMITH"},{"floor":24,"key":"REST"}],"neow_cost":"NONE","seed_source_timestamp":513291165965800,"circlet_count":0,"master_deck":["Strike_B","Strike_B+1","Strike_B","Defend_B","Defend_B","Defend_B","Zap+1","Dualcast+1","Leap+1","Streamline","Self Repair","Streamline+1","Steam","Leap","Gash","Go for the Eyes","Rebound+1","Hologram","Seek","Gash"],"relics":["Cracked Core","Kunai","Bronze Scales","White Beast Statue","Red Mask","Cables","Lantern","Blue Candle"],"potions_floor_usage":[14,19,23,23,28,28],"damage_taken":[{"damage":1,"enemies":"2 Louse","floor":1,"turns":2},{"damage":0,"enemies":"Cultist","floor":3,"turns":3},{"damage":13,"enemies":"Lagavulin","floor":7,"turns":5},{"damage":4,"enemies":"Small Slimes","floor":8,"turns":3},{"damage":0,"enemies":"2 Fungi Beasts","floor":11,"turns":3},{"damage":5,"enemies":"Large Slime","floor":12,"turns":4},{"damage":5,"enemies":"Exordium Wildlife","floor":14,"turns":3},{"damage":6,"enemies":"Slime Boss","floor":16,"turns":9},{"damage":14,"enemies":"2 Thieves","floor":18,"turns":4},{"damage":9,"enemies":"Masked Bandits","floor":19,"turns":4},{"damage":25,"enemies":"Spheric Guardian","floor":20,"turns":3},{"damage":28,"enemies":"Book of Stabbing","floor":23,"turns":5},{"damage":9,"enemies":"Snake Plant","floor":25,"turns":3},{"damage":43,"enemies":"Gremlin Leader","floor":28,"turns":6}],"seed_played":"5846906255891955581","potions_obtained":[{"floor":3,"key":"Fruit Juice"},{"floor":8,"key":"SpeedPotion"},{"floor":16,"key":"Ancient Potion"},{"floor":18,"key":"Block Potion"},{"floor":19,"key":"Strength Potion"},{"floor":23,"key":"Weak Potion"},{"floor":25,"key":"Fire Potion"}],"is_trial":false,"path_per_floor":["M","?","M","$","$","R","E","M","T","R","M","M","?","M","R","B",null,"M","?","M","$","?","E","R","M","T","?","E"],"character_chosen":"DEFECT","items_purchased":["Self Repair","Streamline","Hologram"],"campfire_rested":1,"item_purchase_floors":[5,5,21],"current_hp_per_floor":[81,81,81,81,81,81,75,78,78,78,82,82,66,66,66,67,87,73,64,46,46,46,18,44,42,42,42,0],"gold":201,"neow_bonus":"TEN_PERCENT_HP_BONUS","is_prod":false,"is_daily":false,"chose_seed":false,"campfire_upgraded":3,"win_rate":0.0,"timestamp":1570042234,"path_taken":["M","?","?","?","$","R","E","M","T","R","M","M","?","M","R","BOSS","M","?","M","$","?","E","R","M","T","?","E"],"build_version":"2019-07-17","purchased_purges":1,"victory":false,"max_hp_per_floor":[82,82,82,82,82,82,82,82,82,82,82,82,82,87,87,87,87,87,87,87,87,87,87,87,87,87,87,87],"card_choices":[{"not_picked":["Redo","Beam Cell"],"picked":"Leap","floor":1},{"not_picked":["Chaos","Steam"],"picked":"Streamline","floor":3},{"not_picked":["Fission","Streamline"],"picked":"Steam","floor":7},{"not_picked":["Steam Power","Auto Shields","Rip and Tear"],"picked":"SKIP","floor":8},{"not_picked":["Barrage","Auto Shields"],"picked":"Leap","floor":11},{"not_picked":["Blizzard","Ball Lightning"],"picked":"Gash","floor":12},{"not_picked":["Leap","Redo"],"picked":"Go for the Eyes","floor":14},{"not_picked":["Reinforced Body","Coolheaded"],"picked":"Rebound+1","floor":18},{"not_picked":["Go for the Eyes","Sunder","Amplify"],"picked":"SKIP","floor":20},{"not_picked":["Turbo+1","Fission"],"picked":"Seek","floor":23},{"not_picked":["Compile Driver","Self Repair+1"],"picked":"Gash","floor":25}],"player_experience":148299,"relics_obtained":[{"floor":7,"key":"Kunai"},{"floor":9,"key":"Bronze Scales"},{"floor":19,"key":"Red Mask"},{"floor":23,"key":"Lantern"},{"floor":26,"key":"Blue Candle"}],"event_choices":[{"cards_removed":["Defend_B"],"damage_healed":0,"gold_gain":0,"player_choice":"Purged","damage_taken":0,"max_hp_gain":0,"max_hp_loss":0,"event_name":"Purifier","floor":2,"gold_loss":0},{"damage_healed":0,"gold_gain":0,"player_choice":"Entered Light","damage_taken":16,"max_hp_gain":0,"max_hp_loss":0,"event_name":"Shining Light","floor":13,"gold_loss":0,"cards_upgraded":["Leap","Strike_B"]},{"damage_healed":0,"gold_gain":0,"player_choice":"Fought Bandits","damage_taken":0,"max_hp_gain":0,"max_hp_loss":0,"event_name":"Masked Bandits","floor":19,"gold_loss":0},{"damage_healed":0,"gold_gain":0,"player_choice":"Obtained Relic","damage_taken":0,"relics_obtained":["Cables"],"max_hp_gain":0,"max_hp_loss":0,"event_name":"Addict","floor":22,"gold_loss":85},{"damage_healed":0,"gold_gain":99,"player_choice":"Stole From Cult","damage_taken":0,"max_hp_gain":0,"max_hp_loss":0,"event_name":"Nest","floor":27,"gold_loss":0}],"is_beta":false,"boss_relics":[{"not_picked":["Coffee Dripper","Nuclear Battery"],"picked":"White Beast Statue"}],"items_purged_floors":[21],"is_endless":false,"potions_floor_spawned":[3,8,16,18,19,20,23,25],"killed_by":"Gremlin Leader","ascension_level":0}