{"gold_per_floor":[114,114,128,128,153,153,184,198,224,268,291,111,155,173,173,296,296,314,314,314,337,358,358,358],"floor_reached":24,"playtime":1789,"items_purged":[],"score":268,"play_id":"1e5aa74a-4b1e-4ad2-a89d-be4245839a6c","local_time":"20191011124907","daily_mods":["Draft","Heirloom","DeadlyEvents","Elite Swarm"],"is_ascension_mode":false,"campfire_choices":[{"data":"Prepared","floor":6.0,"key":"SMITH"},{"floor":15.0,"key":"REST"},{"floor":23,"key":"REST"}],"neow_cost":"","seed_source_timestamp":0,"circlet_count":0,"master_deck":["Caltrops","Slice","Blur","Heel Hook","Acrobatics","Cloak And Dagger","Escape Plan","Dagger Throw","Backflip","Dagger Throw","Backflip","Heel Hook","Sucker Punch+1","Dodge and Roll","Blur","Prepared+1","Prepared","Corpse Explosion","Quick Slash","Adrenaline","Well Laid Plans","Burst","Heel Hook","Distraction","Burst","Backstab","Outmaneuver+1"],"special_seed":0,"relics":["Ring of the Snake","Turnip","Golden Idol","Shuriken","Omamori","Dream Catcher","Boot","Girya","WristBlade","Enchiridion"],"potions_floor_usage":[],"damage_taken":[{"damage":0.0,"enemies":"Small Slimes","floor":1.0,"turns":3.0},{"damage":0.0,"enemies":"Jaw Worm","floor":3.0,"turns":4.0},{"damage":0.0,"enemies":"2 Louse","floor":5.0,"turns":2.0},{"damage":9.0,"enemies":"3 Sentries","floor":7.0,"turns":9.0},{"damage":2.0,"enemies":"Looter","floor":8.0,"turns":3.0},{"damage":10.0,"enemies":"Lagavulin","floor":10.0,"turns":5.0},{"damage":0.0,"enemies":"Blue Slaver","floor":11.0,"turns":4.0},{"damage":29.0,"enemies":"Gremlin Nob","floor":13.0,"turns":4.0},{"damage":0.0,"enemies":"3 Louse","floor":14.0,"turns":2.0},{"damage":0.0,"enemies":"Hexaghost","floor":16.0,"turns":6.0},{"damage":20.0,"enemies":"Spheric Guardian","floor":18.0,"turns":4.0},{"damage":35,"enemies":"2 Thieves","floor":21,"turns":3},{"damage":8,"enemies":"Centurion and Healer","floor":22,"turns":5},{"damage":25,"enemies":"Shelled Parasite and Fungi","floor":24,"turns":3}],"seed_played":"8856927588733842560","potions_obtained":[{"floor":3.0,"key":"FearPotion"},{"floor":7.0,"key":"Strength Potion"},{"floor":10.0,"key":"Dexterity Potion"}],"is_trial":true,"path_per_floor":["M","?","M","?","M","R","E","M","T","E","M","$","E","M","R","B",null,"M","?","?","M","M","R","M"],"character_chosen":"THE_SILENT","items_purchased":["Well Laid Plans","Boot"],"campfire_rested":2,"item_purchase_floors":[12,12],"current_hp_per_floor":[70,70,70,65,65,65,56,54,54,44,44,44,15,15,34,34,65,45,65,49,14,6,25,0],"gold":358,"neow_bonus":"","is_prod":false,"is_daily":false,"chose_seed":false,"campfire_upgraded":1,"win_rate":0,"timestamp":1570790947,"path_taken":["M","?","M","?","M","R","E","M","T","E","M","$","E","M","R","BOSS","M","?","?","M","?","R","M"],"build_version":"2019-07-17","purchased_purges":0,"victory":false,"max_hp_per_floor":[70,70,70,65,65,65,65,65,65,65,65,65,65,65,65,65,65,65,65,65,65,65,65,65],"card_choices":[{"not_picked":["Flying Knee","Sucker Punch"],"picked":"Caltrops","floor":0.0},{"not_picked":["Predator","Deadly Poison"],"picked":"Slice","floor":0.0},{"not_picked":["Cloak And Dagger","Dagger Throw"],"picked":"Blur","floor":0.0},{"not_picked":["PiercingWail","Underhanded Strike"],"picked":"Heel Hook","floor":0.0},{"not_picked":["Flying Knee","Concentrate"],"picked":"Acrobatics","floor":0.0},{"not_picked":["Poisoned Stab","Bane"],"picked":"Cloak And Dagger","floor":0.0},{"not_picked":["Cloak And Dagger","Acrobatics"],"picked":"Escape Plan","floor":0.0},{"not_picked":["Blade Dance","Sucker Punch"],"picked":"Dagger Throw","floor":0.0},{"not_picked":["Cloak And Dagger","Bouncing Flask"],"picked":"Backflip","floor":0.0},{"not_picked":["Dagger Spray","Acrobatics"],"picked":"Dagger Throw","floor":0.0},{"not_picked":["Choke","Deflect"],"picked":"Backflip","floor":0.0},{"not_picked":["Outmaneuver","Cloak And Dagger"],"picked":"Heel Hook","floor":0.0},{"not_picked":["Backflip","Acrobatics"],"picked":"Sucker Punch","floor":0.0},{"not_picked":["Predator","Underhanded Strike"],"picked":"Dodge and Roll","floor":0.0},{"not_picked":["Dodge and Roll","Leg Sweep"],"picked":"Blur","floor":0.0},{"not_picked":["Caltrops","Bouncing Flask"],"picked":"Prepared","floor":1.0},{"not_picked":["All Out Attack","Expertise","Leg Sweep"],"picked":"SKIP","floor":3.0},{"not_picked":["Outmaneuver","PiercingWail"],"picked":"Prepared","floor":5.0},{"not_picked":["Envenom","Night Terror"],"picked":"Corpse Explosion","floor":7.0},{"not_picked":["Leg Sweep","Deadly Poison"],"picked":"Quick Slash","floor":8.0},{"not_picked":["Die Die Die","Grand Finale"],"picked":"Adrenaline","floor":10.0},{"not_picked":["Backflip","Dagger Spray","Dash"],"picked":"SKIP","floor":11.0},{"not_picked":["Venomology","Corpse Explosion"],"picked":"Burst","floor":13.0},{"not_picked":["Prepared","Distraction"],"picked":"Heel Hook","floor":14.0},{"not_picked":["Dagger Spray","Bane"],"picked":"Distraction","floor":15.0},{"not_picked":["Night Terror","Storm of Steel"],"picked":"Burst","floor":16.0},{"not_picked":["Deflect","Finisher","Bouncing Flask"],"picked":"SKIP","floor":18},{"not_picked":["Acrobatics","Eviscerate"],"picked":"Backstab","floor":21},{"not_picked":["Distraction","Poisoned Stab","Catalyst"],"picked":"SKIP","floor":22},{"not_picked":["Noxious Fumes","Dash+1"],"picked":"Outmaneuver+1","floor":23}],"player_experience":303503,"relics_obtained":[{"floor":7.0,"key":"Shuriken"},{"floor":9.0,"key":"Omamori"},{"floor":10.0,"key":"Dream Catcher"},{"floor":13.0,"key":"Girya"},{"floor":20,"key":"Enchiridion"}],"event_choices":[{"damage_healed":0.0,"max_hp_gain":0.0,"max_hp_loss":0.0,"gold_gain":0.0,"event_name":"Living Wall","player_choice":"Grow","floor":2.0,"gold_loss":0.0,"damage_taken":0.0,"cards_upgraded":["Sucker Punch"]},{"damage_healed":0.0,"max_hp_gain":0.0,"max_hp_loss":5.0,"gold_gain":0.0,"event_name":"Golden Idol","player_choice":"Lose Max HP","floor":4.0,"gold_loss":0.0,"damage_taken":0.0,"relics_obtained":["Golden Idol"]},{"damage_healed":21,"gold_gain":0,"player_choice":"Heal","damage_taken":0,"max_hp_gain":0,"max_hp_loss":0,"event_name":"The Library","floor":19,"gold_loss":0},{"damage_healed":0,"gold_gain":0,"player_choice":"Obtained Book","damage_taken":16,"max_hp_gain":0,"max_hp_loss":0,"event_name":"Cursed Tome","floor":20,"gold_loss":0}],"is_beta":false,"boss_relics":[{"not_picked":["Ectoplasm","Velvet Choker"],"picked":"WristBlade"}],"items_purged_floors":[],"is_endless":false,"potions_floor_spawned":[3,7,10,11,14],"killed_by":"Shelled Parasite and Fungi","ascension_level":0}