{"gold_per_floor":[119,194,194,194,212,212,238,248,248,266,266,111,71,90,90,168,168,188,238,238,163,183,183,211,228,251,3,21,21,33,53,53,125,125,137,137,137,151,151,178,198,230,230,230,243,243,143,365,365,365,365,365,365,18,45,45],"floor_reached":56,"playtime":2520,"items_purged":["Strike_G","Defend_G","Defend_G"],"score":1960,"play_id":"c857c181-4c20-4c73-b6cb-c74ada0df84a","local_time":"20190926220458","is_ascension_mode":true,"campfire_choices":[{"data":"Noxious Fumes","floor":6.0,"key":"SMITH"},{"data":"Neutralize","floor":15.0,"key":"SMITH"},{"data":"Acrobatics","floor":23.0,"key":"SMITH"},{"data":"Well Laid Plans","floor":32.0,"key":"SMITH"},{"floor":46.0,"key":"REST"},{"floor":49.0,"key":"RECALL"},{"data":"Reflex","floor":53.0,"key":"SMITH"}],"neow_cost":"NONE","seed_source_timestamp":364354505031668,"circlet_count":0,"master_deck":["AscendersBane","Defend_G","Defend_G","Defend_G","Survivor","Neutralize+1","CurseOfTheBell","Noxious Fumes+1","Acrobatics+1","Grand Finale","Terror","Doppelganger","Backstab+1","Malaise","Reflex+1","Backflip","Well Laid Plans+1","After Image","Deep Breath+1","Master of Strategy+1","Escape Plan+1","Outmaneuver+1","Meteor Strike"],"special_seed":0,"relics":["Calling Bell","PreservedInsect","Kunai","FossilizedHelix","Matryoshka","Pantograph","Juzu Bracelet","Astrolabe","Red Mask","Vajra","Oddly Smooth Stone","Lee\u0027s Waffle","Philosopher\u0027s Stone","Toxic Egg 2","MealTicket","Tingsha","NlothsMask","PrismaticShard","Bronze Scales"],"potions_floor_usage":[56],"damage_taken":[{"damage":25.0,"enemies":"Jaw Worm","floor":1.0,"turns":10.0},{"damage":0.0,"enemies":"Small Slimes","floor":5.0,"turns":4.0},{"damage":22.0,"enemies":"3 Sentries","floor":7.0,"turns":6.0},{"damage":0.0,"enemies":"2 Louse","floor":8.0,"turns":4.0},{"damage":4.0,"enemies":"Large Slime","floor":10.0,"turns":6.0},{"damage":0.0,"enemies":"Looter","floor":13.0,"turns":4.0},{"damage":9.0,"enemies":"2 Fungi Beasts","floor":14.0,"turns":4.0},{"damage":34.0,"enemies":"Hexaghost","floor":16.0,"turns":11.0},{"damage":3.0,"enemies":"Chosen","floor":18.0,"turns":7.0},{"damage":22.0,"enemies":"2 Thieves","floor":22.0,"turns":3.0},{"damage":6.0,"enemies":"Masked Bandits","floor":24.0,"turns":2.0},{"damage":15.0,"enemies":"Cultist and Chosen","floor":25.0,"turns":7.0},{"damage":1.0,"enemies":"Snake Plant","floor":28.0,"turns":6.0},{"damage":2.0,"enemies":"Centurion and Healer","floor":30.0,"turns":5.0},{"damage":5.0,"enemies":"Snecko","floor":31.0,"turns":6.0},{"damage":43.0,"enemies":"Champ","floor":33.0,"turns":10.0},{"damage":18.0,"enemies":"3 Darklings","floor":35.0,"turns":4.0},{"damage":0.0,"enemies":"Orb Walker","floor":38.0,"turns":4.0},{"damage":0.0,"enemies":"Giant Head","floor":40.0,"turns":4.0},{"damage":1.0,"enemies":"Sphere and 2 Shapes","floor":41.0,"turns":4.0},{"damage":20.0,"enemies":"Reptomancer","floor":42.0,"turns":4.0},{"damage":0.0,"enemies":"Maw","floor":45.0,"turns":5.0},{"damage":0.0,"enemies":"Donu and Deca","floor":50.0,"turns":6.0},{"damage":62.0,"enemies":"Time Eater","floor":51.0,"turns":15.0},{"damage":35.0,"enemies":"Shield and Spear","floor":55.0,"turns":6.0},{"damage":43,"enemies":"The Heart","floor":56,"turns":6}],"seed_played":"-2535102783267380549","potions_obtained":[{"floor":1.0,"key":"SkillPotion"},{"floor":5.0,"key":"Weak Potion"},{"floor":8.0,"key":"FairyPotion"},{"floor":24.0,"key":"Weak Potion"},{"floor":30.0,"key":"Energy Potion"},{"floor":35.0,"key":"FearPotion"},{"floor":40.0,"key":"Strength Potion"},{"floor":55.0,"key":"Swift Potion"}],"is_trial":false,"path_per_floor":["M","?","?","?","M","R","E","M","T","M","?","$","M","M","R","B",null,"M","?","?","?","M","R","?","M","T","$","M","?","M","M","R","B",null,"M","?","?","M","?","E","M","E","T","?","M","R","$","?","R","B","B",null,"R","$","E","B"],"character_chosen":"THE_SILENT","items_purchased":["Grand Finale","Lee\u0027s Waffle","Well Laid Plans","PrismaticShard","Fire Potion"],"campfire_rested":1,"item_purchase_floors":[12,27,27,54,54],"current_hp_per_floor":[34,23,45,38,38,38,16,16,16,12,12,12,12,3,3,15,53,50,50,50,50,28,28,22,7,7,73,72,72,70,65,65,30,62,44,44,34,34,34,34,33,13,13,13,13,34,49,49,49,73,11,58,58,73,38,20],"gold":45,"neow_bonus":"BOSS_RELIC","is_prod":false,"is_daily":false,"chose_seed":false,"campfire_upgraded":5,"win_rate":0,"timestamp":1569506698,"path_taken":["M","?","?","?","M","R","E","M","T","M","?","$","M","M","R","BOSS","M","?","?","?","M","R","?","M","T","$","M","?","M","M","R","BOSS","M","?","?","M","?","E","M","E","T","?","M","R","$","?","R","BOSS","BOSS","R","$","E","BOSS"],"build_version":"2019-09-25","purchased_purges":3,"victory":false,"max_hp_per_floor":[66,66,66,66,66,66,66,66,66,66,66,66,66,66,66,66,66,66,66,66,66,66,66,66,66,66,73,73,73,73,73,73,73,73,73,73,73,73,73,73,73,73,73,73,73,73,73,73,73,73,73,73,73,73,73,73],"card_choices":[{"not_picked":["Tactician","Acrobatics"],"picked":"Noxious Fumes","floor":1.0},{"not_picked":["Backflip","Dagger Spray"],"picked":"Acrobatics","floor":5.0},{"not_picked":["Blur","Dodge and Roll"],"picked":"Noxious Fumes","floor":7.0},{"not_picked":["Acrobatics","Underhanded Strike","Poisoned Stab"],"picked":"SKIP","floor":8.0},{"not_picked":["Deflect","Poisoned Stab","Outmaneuver"],"picked":"SKIP","floor":10.0},{"not_picked":["Noxious Fumes","All Out Attack","Dagger Spray"],"picked":"SKIP","floor":13.0},{"not_picked":["Doppelganger","Quick Slash"],"picked":"Terror","floor":14.0},{"not_picked":["Tools of the Trade","Phantasmal Killer"],"picked":"Doppelganger","floor":16.0},{"not_picked":["Prepared","Finisher","Deflect"],"picked":"SKIP","floor":18.0},{"not_picked":["Poisoned Stab","Deflect"],"picked":"Backflip","floor":22.0},{"not_picked":["All Out Attack","Dodge and Roll","Slice"],"picked":"SKIP","floor":25.0},{"not_picked":["Terror","Flying Knee+1","Caltrops"],"picked":"SKIP","floor":28.0},{"not_picked":["Infinite Blades","Expertise"],"picked":"After Image","floor":30.0},{"not_picked":["Poisoned Stab","Dagger Spray","PiercingWail"],"picked":"SKIP","floor":31.0},{"not_picked":["Finisher","PiercingWail","Heel Hook"],"picked":"SKIP","floor":35.0},{"not_picked":["Trip+1","PanicButton+1"],"picked":"Deep Breath+1","floor":37.0},{"not_picked":["Deep Breath+1","Swift Strike"],"picked":"Master of Strategy+1","floor":37.0},{"not_picked":["Finisher","Quick Slash","Deflect+1"],"picked":"SKIP","floor":38.0},{"not_picked":["Catalyst+1","Distraction+1"],"picked":"Escape Plan+1","floor":40.0},{"not_picked":["Finisher+1","Escape Plan+1","Blade Dance+1"],"picked":"SKIP","floor":41.0},{"not_picked":["PiercingWail+1","Flechettes+1"],"picked":"Outmaneuver+1","floor":42.0},{"not_picked":["Blade Dance+1","Deflect+1","Acrobatics+1"],"picked":"SKIP","floor":45.0},{"not_picked":["Capacitor","Riddle With Holes"],"picked":"Meteor Strike","floor":55.0}],"player_experience":1012320,"relics_obtained":[{"floor":0.0,"key":"PreservedInsect"},{"floor":0.0,"key":"Kunai"},{"floor":0.0,"key":"FossilizedHelix"},{"floor":7.0,"key":"Matryoshka"},{"floor":9.0,"key":"Pantograph"},{"floor":9.0,"key":"Juzu Bracelet"},{"floor":24.0,"key":"Red Mask"},{"floor":26.0,"key":"Vajra"},{"floor":26.0,"key":"Oddly Smooth Stone"},{"floor":40.0,"key":"MealTicket"},{"floor":42.0,"key":"Tingsha"},{"floor":55.0,"key":"Bronze Scales"}],"event_choices":[{"damage_healed":0.0,"max_hp_gain":0.0,"max_hp_loss":0.0,"gold_gain":75.0,"event_name":"World of Goop","player_choice":"Gather Gold","floor":2.0,"gold_loss":0.0,"damage_taken":11.0},{"damage_healed":22.0,"max_hp_gain":0.0,"max_hp_loss":0.0,"gold_gain":0.0,"event_name":"Big Fish","player_choice":"Banana","floor":3.0,"gold_loss":0.0,"damage_taken":0.0},{"cards_removed":["Strike_G"],"damage_healed":0.0,"max_hp_gain":0.0,"max_hp_loss":0.0,"gold_gain":0.0,"event_name":"Golden Wing","player_choice":"Card Removal","floor":4.0,"gold_loss":0.0,"damage_taken":7.0},{"damage_healed":0.0,"max_hp_gain":0.0,"max_hp_loss":0.0,"gold_gain":0.0,"event_name":"Dead Adventurer","player_choice":"Searched \u00270\u0027 times","floor":11.0,"gold_loss":0.0,"damage_taken":0.0},{"damage_healed":0.0,"max_hp_gain":0.0,"max_hp_loss":0.0,"gold_gain":50.0,"event_name":"Nest","player_choice":"Stole From Cult","floor":19.0,"gold_loss":0.0,"damage_taken":0.0},{"damage_healed":0.0,"max_hp_gain":0.0,"max_hp_loss":0.0,"gold_gain":0.0,"event_name":"The Mausoleum","player_choice":"Ignored","floor":20.0,"gold_loss":0.0,"damage_taken":0.0},{"damage_healed":0.0,"max_hp_gain":0.0,"max_hp_loss":0.0,"gold_gain":0.0,"cards_transformed":["Strike_G","Dagger Spray"],"event_name":"Designer","player_choice":"Transformed Cards","floor":21.0,"gold_loss":75.0,"damage_taken":0.0,"cards_obtained":["Malaise","Reflex"]},{"damage_healed":0.0,"max_hp_gain":0.0,"max_hp_loss":0.0,"gold_gain":0.0,"event_name":"Masked Bandits","player_choice":"Fought Bandits","floor":24.0,"gold_loss":0.0,"damage_taken":0.0},{"damage_healed":0.0,"max_hp_gain":0.0,"max_hp_loss":0.0,"gold_gain":0.0,"event_name":"Ghosts","player_choice":"Ignored","floor":29.0,"gold_loss":0.0,"damage_taken":0.0},{"damage_healed":0.0,"max_hp_gain":0.0,"max_hp_loss":0.0,"gold_gain":0.0,"event_name":"WeMeetAgain","player_choice":"Gave Potion","floor":36.0,"gold_loss":0.0,"damage_taken":0.0,"relics_obtained":["Toxic Egg 2"]},{"damage_healed":0.0,"max_hp_gain":0.0,"max_hp_loss":0.0,"gold_gain":0.0,"event_name":"SensoryStone","player_choice":"Memory 3","floor":37.0,"gold_loss":0.0,"damage_taken":10.0},{"cards_removed":["Dagger Spray"],"damage_healed":0.0,"max_hp_gain":0.0,"max_hp_loss":0.0,"gold_gain":0.0,"event_name":"Purifier","player_choice":"Purged","floor":39.0,"gold_loss":0.0,"damage_taken":0.0},{"damage_healed":0.0,"max_hp_gain":0.0,"max_hp_loss":0.0,"gold_gain":0.0,"event_name":"FaceTrader","player_choice":"Trade","floor":44.0,"gold_loss":0.0,"damage_taken":0.0,"relics_obtained":["NlothsMask"]},{"damage_healed":0.0,"max_hp_gain":0.0,"max_hp_loss":0.0,"gold_gain":222.0,"event_name":"Tomb of Lord Red Mask","player_choice":"Wore Mask","floor":48.0,"gold_loss":0.0,"damage_taken":0.0}],"is_beta":true,"boss_relics":[{"not_picked":["Ectoplasm","Tiny House"],"picked":"Astrolabe"},{"not_picked":["SacredBark","Pandora\u0027s Box"],"picked":"Philosopher\u0027s Stone"}],"items_purged_floors":[12,47,54],"is_endless":false,"potions_floor_spawned":[1,5,8,14,24,30,31,35,40,55],"killed_by":"The Heart","ascension_level":20}