{"gold_per_floor":[365,365,385,385,404,404,425,51,51,114,138,154,154,177,177,301,301,326,326,326,349,18,18,39,39],"floor_reached":25,"playtime":954,"items_purged":["Strike_B"],"score":195,"play_id":"a8398cd8-7af0-4c6e-b256-c575ca4ed66b","local_time":"20191002142159","is_ascension_mode":false,"campfire_choices":[{"data":"White Noise","floor":6,"key":"SMITH"},{"floor":13,"key":"DIG"},{"floor":15,"key":"REST"},{"data":"Streamline","floor":23,"key":"SMITH"}],"neow_cost":"TEN_PERCENT_HP_LOSS","seed_source_timestamp":490116720369000,"circlet_count":0,"master_deck":["Strike_B","Strike_B+1","Strike_B+1","Defend_B","Defend_B","Defend_B","Defend_B","Zap","Dualcast","White Noise+1","Rebound","Scrape","Beam Cell","Streamline+1","Gash","Reprogram","Panache"],"relics":["Cracked Core","Golden Idol","Shovel","Whetstone","Matryoshka","Art of War","Inserter","Happy Flower"],"potions_floor_usage":[10,16,16,18],"damage_taken":[{"damage":1,"enemies":"2 Louse","floor":1,"turns":3},{"damage":14,"enemies":"Small Slimes","floor":3,"turns":4},{"damage":1,"enemies":"Cultist","floor":5,"turns":3},{"damage":0,"enemies":"Blue Slaver","floor":7,"turns":3},{"damage":16,"enemies":"Lagavulin Event","floor":10,"turns":5},{"damage":5,"enemies":"Looter","floor":11,"turns":3},{"damage":16,"enemies":"3 Louse","floor":12,"turns":2},{"damage":4,"enemies":"Blue Slaver","floor":14,"turns":3},{"damage":22,"enemies":"Slime Boss","floor":16,"turns":7},{"damage":25,"enemies":"2 Thieves","floor":18,"turns":4},{"damage":10,"enemies":"3 Byrds","floor":21,"turns":2},{"damage":25,"enemies":"Sentry and Sphere","floor":24,"turns":4},{"damage":13,"enemies":"Shelled Parasite and Fungi","floor":25,"turns":1}],"seed_played":"-8313639003038630107","potions_obtained":[{"floor":3,"key":"Energy Potion"},{"floor":7,"key":"Block Potion"},{"floor":10,"key":"Swift Potion"},{"floor":11,"key":"SpeedPotion"},{"floor":16,"key":"PowerPotion"},{"floor":24,"key":"SkillPotion"}],"is_trial":false,"path_per_floor":["M","?","M","?","M","R","M","$","T","?","M","M","R","M","R","B",null,"M","?","?","M","$","R","M","M"],"character_chosen":"DEFECT","items_purchased":["Shovel","Panache","Happy Flower"],"campfire_rested":1,"item_purchase_floors":[8,22,22],"current_hp_per_floor":[67,50,36,58,57,57,57,57,57,41,36,20,20,16,36,14,68,43,43,43,33,33,33,8,0],"gold":39,"neow_bonus":"TWO_FIFTY_GOLD","is_prod":false,"is_daily":false,"chose_seed":false,"campfire_upgraded":2,"win_rate":0.0,"timestamp":1570018919,"path_taken":["M","?","M","?","M","R","M","$","T","?","M","M","R","M","R","BOSS","M","?","?","?","$","R","M","M"],"build_version":"2019-07-17","purchased_purges":1,"victory":false,"max_hp_per_floor":[68,68,68,68,68,68,68,68,68,68,68,68,68,68,68,68,68,68,68,68,68,68,68,68,68],"card_choices":[{"not_picked":["Sweeping Beam","Sunder","Recycle"],"picked":"SKIP","floor":1},{"not_picked":["Sweeping Beam","Heatsinks"],"picked":"White Noise","floor":3},{"not_picked":["Doom and Gloom","Lockon"],"picked":"Rebound","floor":5},{"not_picked":["Stack","Ball Lightning","Auto Shields"],"picked":"SKIP","floor":7},{"not_picked":["Leap","Steam"],"picked":"Scrape","floor":10},{"not_picked":["Hello World","Steam","Undo"],"picked":"SKIP","floor":11},{"not_picked":["Turbo","Chaos"],"picked":"Beam Cell","floor":12},{"not_picked":["Recycle","Turbo"],"picked":"Streamline","floor":14},{"not_picked":["Sunder","Tempest"],"picked":"Gash","floor":18},{"not_picked":["Coolheaded","Auto Shields"],"picked":"Reprogram","floor":21},{"not_picked":["Stack+1","Conserve Battery","Turbo"],"picked":"SKIP","floor":24}],"player_experience":134868,"relics_obtained":[{"floor":9,"key":"Whetstone"},{"floor":10,"key":"Matryoshka"},{"floor":13,"key":"Art of War"}],"event_choices":[{"damage_healed":0,"gold_gain":0,"player_choice":"Take Damage","damage_taken":17,"relics_obtained":["Golden Idol"],"max_hp_gain":0,"max_hp_loss":0,"event_name":"Golden Idol","floor":2,"gold_loss":0},{"damage_healed":22,"gold_gain":0,"player_choice":"Banana","damage_taken":0,"max_hp_gain":0,"max_hp_loss":0,"event_name":"Big Fish","floor":4,"gold_loss":0},{"damage_healed":0,"gold_gain":30,"player_choice":"Searched \u00273\u0027 times","damage_taken":0,"max_hp_gain":0,"max_hp_loss":0,"event_name":"Dead Adventurer","floor":10,"gold_loss":0},{"damage_healed":0,"gold_gain":0,"player_choice":"Ignored","damage_taken":0,"max_hp_gain":0,"max_hp_loss":0,"event_name":"Ghosts","floor":19,"gold_loss":0},{"damage_healed":0,"gold_gain":0,"player_choice":"Leave","damage_taken":0,"max_hp_gain":0,"max_hp_loss":0,"event_name":"FaceTrader","floor":20,"gold_loss":0}],"is_beta":false,"boss_relics":[{"not_picked":["Snecko Eye","FrozenCore"],"picked":"Inserter"}],"items_purged_floors":[8],"is_endless":false,"potions_floor_spawned":[3,7,10,11,16,24],"killed_by":"Shelled Parasite and Fungi","ascension_level":0}