{"gold_per_floor":[114,39,49,49,61,86,86,97,170,170,170],"floor_reached":11,"playtime":365,"items_purged":["Strike_B"],"score":73,"play_id":"e2c89005-5553-4bae-a457-b4d3f17b2477","local_time":"20190301045617","is_ascension_mode":false,"campfire_choices":[{"data":"Redo","floor":7,"key":"SMITH"},{"data":"White Noise","floor":10,"key":"SMITH"}],"neow_cost":"NONE","seed_source_timestamp":552917260213100,"circlet_count":0,"master_deck":["Strike_B","Strike_B","Defend_B","Defend_B","Defend_B","Defend_B","Zap","Dualcast","Redo+1","Redo","White Noise+1"],"relics":["Cracked Core","Art of War","Peace Pipe","Frozen Egg 2"],"potions_floor_usage":[11,11],"damage_taken":[{"damage":0,"enemies":"2 Louse","floor":1,"turns":3},{"damage":2,"enemies":"Jaw Worm","floor":3,"turns":5},{"damage":5,"enemies":"Small Slimes","floor":5,"turns":3},{"damage":33,"enemies":"3 Sentries","floor":6,"turns":8},{"damage":13,"enemies":"3 Louse","floor":8,"turns":3},{"damage":19,"enemies":"Gremlin Nob","floor":11,"turns":3}],"seed_played":"421930961285668993","potions_obtained":[{"floor":3,"key":"Strength Potion"},{"floor":5,"key":"Strength Potion"}],"is_trial":false,"path_per_floor":["M","$","M","?","M","E","R","M","T","R","E"],"character_chosen":"DEFECT","items_purchased":[],"campfire_rested":0,"item_purchase_floors":[],"current_hp_per_floor":[75,75,73,66,61,28,28,15,15,15,0],"gold":170,"neow_bonus":"RANDOM_COMMON_RELIC","is_prod":false,"is_daily":false,"chose_seed":false,"campfire_upgraded":2,"win_rate":0.0,"timestamp":1551434177,"path_taken":["M","$","M","?","M","E","R","M","T","R","E"],"build_version":"2019-01-23","purchased_purges":1,"victory":false,"max_hp_per_floor":[75,75,75,75,75,75,75,75,75,75,75],"card_choices":[{"not_picked":["Sweeping Beam","Aggregate","Hologram"],"picked":"SKIP","floor":1},{"not_picked":["Sweeping Beam","Darkness"],"picked":"Redo","floor":3},{"not_picked":["Undo","Rip and Tear","Turbo"],"picked":"SKIP","floor":5},{"not_picked":["Auto Shields","Cold Snap"],"picked":"Redo","floor":6},{"not_picked":["Steam","Hologram"],"picked":"White Noise","floor":8}],"player_experience":204205,"relics_obtained":[{"floor":6,"key":"Peace Pipe"},{"floor":9,"key":"Frozen Egg 2"}],"event_choices":[{"cards_removed":["Strike_B"],"damage_healed":0,"gold_gain":0,"player_choice":"Card Removal","damage_taken":7,"max_hp_gain":0,"max_hp_loss":0,"event_name":"Golden Wing","floor":4,"gold_loss":0}],"is_beta":false,"boss_relics":[],"items_purged_floors":[2],"is_endless":false,"potions_floor_spawned":[3,5],"killed_by":"Gremlin Nob","ascension_level":0}