{"gold_per_floor":[119,44,119,119,119,162,162,201,201,225,225,249,275,295,295,390,390,411,11,11,36,36,36,63,63,63,96,96,106,136,152,152,226,226,237,237,237,257,157,185,185,217,217,217,217,235,261,273,273,273,273,273,273,55,90,90],"floor_reached":57,"playtime":2199,"items_purged":["Strike_B","Reprogram"],"score":3093,"play_id":"20402940-e4f4-44a1-9eb0-0c27318f7a4f","local_time":"20190925143825","is_ascension_mode":true,"campfire_choices":[{"data":"Zap","floor":7.0,"key":"SMITH"},{"data":"Dualcast","floor":11.0,"key":"SMITH"},{"data":"Recycle","floor":15.0,"key":"SMITH"},{"data":"Skim","floor":23.0,"key":"SMITH"},{"data":"Biased Cognition","floor":25.0,"key":"SMITH"},{"data":"Defragment","floor":28.0,"key":"SMITH"},{"data":"Turbo","floor":32.0,"key":"SMITH"},{"data":"Skim","floor":41.0,"key":"SMITH"},{"data":"Heatsinks","floor":44.0,"key":"SMITH"},{"floor":49.0,"key":"RECALL"},{"data":"Seek","floor":53.0,"key":"SMITH"}],"neow_cost":"NONE","seed_source_timestamp":251649750773682,"circlet_count":0,"master_deck":["AscendersBane","Zap+1","Turbo+1","Biased Cognition+1","Rainbow","Recycle+1","Ball Lightning","Lockon","Biased Cognition","Thunder Strike","Seek+1","Force Field","All For One","Core Surge","Static Discharge","Leap","Skim+1","Capacitor","Reboot","Recycle+1","Echo Form","Auto Shields","Skim+1","Defragment+1","Storm","Glacier","Machine Learning","Coolheaded+1","Redo+1","BootSequence+1","Heatsinks+1","Finesse","Fusion+1","Loop","Force Field+1"],"special_seed":0,"relics":["Cracked Core","NeowsBlessing","Bloody Idol","Happy Flower","Omamori","Meat on the Bone","Bag of Preparation","Pandora\u0027s Box","Orrery","Anchor","Strawberry","Red Mask","Philosopher\u0027s Stone","Orichalcum","StrikeDummy","Ancient Tea Set","Regal Pillow","Vajra","OrangePellets","Cables"],"potions_floor_usage":[],"damage_taken":[{"damage":0.0,"enemies":"Cultist","floor":1.0,"turns":1.0},{"damage":0.0,"enemies":"3 Sentries","floor":6.0,"turns":1.0},{"damage":0.0,"enemies":"Gremlin Nob","floor":8.0,"turns":1.0},{"damage":6.0,"enemies":"Jaw Worm","floor":10.0,"turns":5.0},{"damage":7.0,"enemies":"Small Slimes","floor":12.0,"turns":3.0},{"damage":12.0,"enemies":"2 Fungi Beasts","floor":14.0,"turns":3.0},{"damage":15.0,"enemies":"The Guardian","floor":16.0,"turns":8.0},{"damage":5.0,"enemies":"Spheric Guardian","floor":18.0,"turns":3.0},{"damage":15.0,"enemies":"3 Byrds","floor":21.0,"turns":4.0},{"damage":5.0,"enemies":"Book of Stabbing","floor":24.0,"turns":3.0},{"damage":24.0,"enemies":"Slavers","floor":27.0,"turns":3.0},{"damage":18.0,"enemies":"Cultist and Chosen","floor":29.0,"turns":4.0},{"damage":2.0,"enemies":"Masked Bandits","floor":30.0,"turns":2.0},{"damage":0.0,"enemies":"Centurion and Healer","floor":31.0,"turns":4.0},{"damage":23.0,"enemies":"Automaton","floor":33.0,"turns":6.0},{"damage":0.0,"enemies":"Orb Walker","floor":35.0,"turns":2.0},{"damage":0.0,"enemies":"3 Shapes","floor":38.0,"turns":3.0},{"damage":10.0,"enemies":"Reptomancer","floor":40.0,"turns":5.0},{"damage":57.0,"enemies":"Nemesis","floor":42.0,"turns":7.0},{"damage":0.0,"enemies":"Sphere and 2 Shapes","floor":46.0,"turns":3.0},{"damage":0.0,"enemies":"Giant Head","floor":47.0,"turns":3.0},{"damage":1.0,"enemies":"Transient","floor":48.0,"turns":6.0},{"damage":0.0,"enemies":"Awakened One","floor":50.0,"turns":4.0},{"damage":31.0,"enemies":"Time Eater","floor":51.0,"turns":5.0},{"damage":0.0,"enemies":"Shield and Spear","floor":55.0,"turns":2.0},{"damage":55,"enemies":"The Heart","floor":56,"turns":8}],"seed_played":"-7725822227056525108","potions_obtained":[{"floor":1.0,"key":"SkillPotion"},{"floor":6.0,"key":"Swift Potion"},{"floor":16.0,"key":"PowerPotion"},{"floor":27.0,"key":"SteroidPotion"},{"floor":48.0,"key":"SkillPotion"}],"is_trial":false,"path_per_floor":["M","$","?","?","?","E","R","E","T","M","R","M","T","M","R","B",null,"M","$","?","M","?","R","E","R","T","E","R","M","?","M","R","B",null,"M","?","T","M","$","E","R","E","T","R","?","M","E","M","R","B","B",null,"R","$","E","B",null],"character_chosen":"DEFECT","items_purchased":["Orrery","Echo Form","Auto Shields","OrangePellets","Swift Potion"],"campfire_rested":0,"item_purchase_floors":[19,19,19,54,54],"current_hp_per_floor":[64,64,53,53,58,58,58,58,58,52,52,45,45,45,45,42,62,57,57,57,42,42,42,42,42,42,42,42,41,44,49,49,43,68,73,73,73,76,76,71,71,31,31,31,21,38,55,59,59,59,40,67,67,67,72,29],"gold":90,"neow_bonus":"THREE_ENEMY_KILL","is_prod":false,"is_daily":false,"chose_seed":false,"campfire_upgraded":10,"win_rate":0,"timestamp":1569393505,"path_taken":["M","?","?","?","?","E","R","E","T","M","R","M","?","M","R","BOSS","M","?","?","M","?","R","E","R","T","E","R","M","?","M","R","BOSS","M","?","?","M","$","E","R","E","T","R","?","M","E","M","R","BOSS","BOSS","R","$","E","BOSS"],"build_version":"2019-09-24","purchased_purges":2,"victory":true,"max_hp_per_floor":[71,71,71,64,69,69,69,69,69,69,69,69,69,69,69,69,69,69,69,69,69,69,69,69,69,69,76,76,76,76,76,76,76,76,76,76,76,76,76,76,76,76,76,76,76,76,76,76,76,76,76,76,76,76,76,76],"card_choices":[{"not_picked":["Force Field","Compile Driver"],"picked":"Turbo","floor":1.0},{"not_picked":["Coolheaded","Ball Lightning"],"picked":"Biased Cognition","floor":6.0},{"not_picked":["Beam Cell","Reprogram"],"picked":"Rainbow","floor":8.0},{"not_picked":["Sweeping Beam","Reinforced Body"],"picked":"Recycle","floor":10.0},{"not_picked":["Steam Power","Fusion"],"picked":"Ball Lightning","floor":12.0},{"not_picked":["Rip and Tear","Consume"],"picked":"Lockon","floor":14.0},{"not_picked":["Hyperbeam","Creative AI"],"picked":"Biased Cognition","floor":16.0},{"not_picked":["Fusion","Beam Cell"],"picked":"Leap","floor":18.0},{"not_picked":["Steam","Barrage"],"picked":"Skim","floor":19.0},{"not_picked":["Go for the Eyes","FTL"],"picked":"Capacitor","floor":19.0},{"not_picked":["Go for the Eyes","Barrage"],"picked":"Reboot","floor":19.0},{"not_picked":["Streamline","Stack"],"picked":"Recycle+1","floor":19.0},{"not_picked":["Creative AI","Gash","Streamline+1"],"picked":"SKIP","floor":21.0},{"not_picked":["Barrage","Recycle"],"picked":"Skim","floor":24.0},{"not_picked":["Scrape","Streamline"],"picked":"Defragment","floor":27.0},{"not_picked":["Leap","Ball Lightning"],"picked":"Storm","floor":29.0},{"not_picked":["Chaos","Hologram"],"picked":"Glacier","floor":30.0},{"not_picked":["Go for the Eyes","Streamline","Hello World"],"picked":"SKIP","floor":31.0},{"not_picked":["Creative AI","Buffer"],"picked":"Machine Learning","floor":33.0},{"not_picked":["Chaos","Stack+1"],"picked":"Coolheaded+1","floor":35.0},{"not_picked":["Scrape","Streamline"],"picked":"Redo+1","floor":38.0},{"not_picked":["Defragment","Consume"],"picked":"BootSequence+1","floor":40.0},{"not_picked":["Turbo","Stack"],"picked":"Heatsinks","floor":42.0},{"not_picked":["Blind","Sadistic Nature"],"picked":"Finesse","floor":45.0},{"not_picked":["Aggregate","Redo","Darkness"],"picked":"SKIP","floor":46.0},{"not_picked":["Barrage+1","Rebound"],"picked":"Fusion+1","floor":47.0},{"not_picked":["Ball Lightning+1","Coolheaded"],"picked":"Loop","floor":48.0},{"not_picked":["Storm","Turbo"],"picked":"Force Field+1","floor":55.0}],"player_experience":992732,"relics_obtained":[{"floor":6.0,"key":"Happy Flower"},{"floor":8.0,"key":"Omamori"},{"floor":9.0,"key":"Meat on the Bone"},{"floor":13.0,"key":"Bag of Preparation"},{"floor":24.0,"key":"Anchor"},{"floor":27.0,"key":"Strawberry"},{"floor":30.0,"key":"Red Mask"},{"floor":37.0,"key":"Orichalcum"},{"floor":40.0,"key":"StrikeDummy"},{"floor":42.0,"key":"Ancient Tea Set"},{"floor":43.0,"key":"Regal Pillow"},{"floor":47.0,"key":"Vajra"},{"floor":55.0,"key":"Cables"}],"event_choices":[{"damage_healed":0.0,"max_hp_gain":0.0,"max_hp_loss":0.0,"gold_gain":75.0,"event_name":"World of Goop","player_choice":"Gather Gold","floor":3.0,"gold_loss":0.0,"damage_taken":11.0},{"damage_healed":0.0,"max_hp_gain":0.0,"max_hp_loss":7.0,"gold_gain":0.0,"event_name":"Golden Idol","player_choice":"Lose Max HP","floor":4.0,"gold_loss":0.0,"damage_taken":0.0,"relics_obtained":["Golden Idol"]},{"damage_healed":0.0,"max_hp_gain":5.0,"max_hp_loss":0.0,"gold_gain":0.0,"event_name":"Big Fish","player_choice":"Donut","floor":5.0,"gold_loss":0.0,"damage_taken":0.0},{"damage_healed":0.0,"max_hp_gain":0.0,"max_hp_loss":0.0,"gold_gain":0.0,"event_name":"Forgotten Altar","player_choice":"Gave Idol","floor":22.0,"relics_lost":["Golden Idol"],"gold_loss":0.0,"damage_taken":0.0,"relics_obtained":["Bloody Idol"]},{"damage_healed":0.0,"max_hp_gain":0.0,"max_hp_loss":0.0,"gold_gain":0.0,"event_name":"Masked Bandits","player_choice":"Fought Bandits","floor":30.0,"gold_loss":0.0,"damage_taken":0.0},{"cards_removed":["Dualcast"],"damage_healed":0.0,"max_hp_gain":0.0,"max_hp_loss":0.0,"gold_gain":0.0,"event_name":"Falling","player_choice":"Removed Skill","floor":36.0,"gold_loss":0.0,"damage_taken":0.0},{"damage_healed":0.0,"max_hp_gain":0.0,"max_hp_loss":0.0,"gold_gain":0.0,"event_name":"SensoryStone","player_choice":"Memory 3","floor":45.0,"gold_loss":0.0,"damage_taken":10.0}],"is_beta":true,"boss_relics":[{"not_picked":["Ectoplasm","Astrolabe"],"picked":"Pandora\u0027s Box"},{"not_picked":["Velvet Choker","Fusion Hammer"],"picked":"Philosopher\u0027s Stone"}],"items_purged_floors":[2,39],"is_endless":false,"potions_floor_spawned":[1,6,16,18,27,33,35,40,47,48],"ascension_level":20}