{"path_per_floor":["M","?","M","$","?","R","M","R","T","M","E","$","M","M","R","B",null,"M","$","M","M","$","E","R","M","T","?"],"character_chosen":"THE_SILENT","items_purchased":["Underhanded Strike","Bronze Scales","Riddle With Holes"],"gold_per_floor":[113,113,125,50,50,50,67,67,93,104,138,12,28,45,45,146,146,156,5,22,39,3,32,32,44,44,44],"floor_reached":28,"campfire_rested":1,"playtime":1824,"current_hp_per_floor":[31,31,30,30,30,30,30,30,30,30,11,11,11,11,32,47,70,42,42,33,9,9,6,6,6,6,6],"items_purged":["Strike_G","Strike_G"],"gold":44,"play_id":"d7354b48-a0a8-4e67-82ab-dd9689853774","is_prod":false,"is_daily":false,"is_ascension_mode":true,"campfire_upgraded":3,"path_taken":["M","?","M","$","?","R","M","R","T","M","E","?","M","M","R","BOSS","M","?","?","M","?","E","R","?","T","?","M"],"build_version":"2018-02-01-PROD3","purchased_purges":2,"victory":false,"master_deck":["Defend_G","Defend_G","Defend_G","Defend_G","Defend_G","Strike_G","Strike_G","Survivor","Neutralize","Caltrops+1","Dagger Spray","Flying Knee","Envenom+1","Cloak And Dagger","Prepared","Cloak And Dagger","Underhanded Strike","Envenom+1","Noxious Fumes+1","Riddle With Holes","Cloak And Dagger"],"max_hp_per_floor":[70,70,70,70,70,70,70,70,70,70,70,70,70,70,70,70,70,70,70,70,70,70,70,70,70,70,70],"relics":["Ring of the Snake","Gambling Chip","Oddly Smooth Stone","Bottled Flame","Lizard Tail","Bronze Scales","Bottled Tornado","Nloth\u0027s Gift"],"card_choices":[{"not_picked":["All Out Attack","Distraction"],"picked":"Caltrops"},{"not_picked":["Quick Slash","Dagger Throw"],"picked":"Cloak And Dagger"},{"not_picked":["Outmaneuver","Bane"],"picked":"Prepared"},{"not_picked":["Doppelganger","Dodge and Roll"],"picked":"Cloak And Dagger"},{"not_picked":["Adrenaline","Burst"],"picked":"Envenom"},{"not_picked":["Eviscerate","Distraction"],"picked":"Noxious Fumes"},{"not_picked":["Sucker Punch","Flechettes"],"picked":"Cloak And Dagger"}],"player_experience":95445,"potions_floor_usage":[11,16,20,20,21,23],"damage_taken":[{"damage":4,"enemies":"Small Slimes","floor":1,"turns":6},{"damage":1,"enemies":"Jaw Worm","floor":3,"turns":5},{"damage":0,"enemies":"Blue Slaver","floor":7,"turns":4},{"damage":0,"enemies":"3 Louse","floor":10,"turns":3},{"damage":19,"enemies":"Gremlin Nob","floor":11,"turns":4},{"damage":0,"enemies":"Exordium Wildlife","floor":13,"turns":2},{"damage":0,"enemies":"Lots of Slimes","floor":14,"turns":2},{"damage":0,"enemies":"Hexaghost","floor":16,"turns":9},{"damage":28,"enemies":"Chosen","floor":18,"turns":6},{"damage":9,"enemies":"Shell Parasite","floor":20,"turns":5},{"damage":24,"enemies":"Sentry and Sphere","floor":21,"turns":6},{"damage":3,"enemies":"Book of Stabbing","floor":23,"turns":5},{"damage":46,"enemies":"Cultist and Chosen","floor":25,"turns":6},{"damage":9,"enemies":"Snake Plant","floor":28,"turns":3}],"event_choices":[{"event_name":"Living Wall","player_choice":"Change","floor":2,"damage_taken":0},{"event_name":"Match and Keep!","player_choice":"2 cards matched","floor":5,"damage_taken":0},{"event_name":"N\u0027loth","player_choice":"Traded a Regal Pillow","floor":27,"damage_taken":0}],"boss_relics":[{"not_picked":["White Beast Statue","Eternal Feather"],"picked":"Lizard Tail"}],"potions_floor_spawned":[1,11,14,18,20,21],"seed_played":"-4823298442707345523","killed_by":"Snake Plant","ascension_level":2,"is_trial":false}