{"gold_per_floor":[111,111,126,126,201,15,15,32,32,32,59,83,114,114,114,189,189,207,207,225,225],"floor_reached":21,"playtime":362,"items_purged":[],"score":420,"play_id":"01bc4131-34a2-4ede-91e9-a73cd14eabac","local_time":"20190924200826","is_ascension_mode":true,"campfire_choices":[{"data":"Defragment","floor":7.0,"key":"SMITH"},{"data":"Zap","floor":10.0,"key":"SMITH"},{"data":"Lockon","floor":15,"key":"SMITH"}],"neow_cost":"NONE","seed_source_timestamp":187237531863660,"circlet_count":0,"master_deck":["AscendersBane","Strike_B","Strike_B+1","Strike_B","Defend_B","Defend_B","Defend_B","Defend_B","Zap+1","Dualcast","Hologram+1","Turbo","Defragment+1","Impatience","Coolheaded","Lockon+1","Biased Cognition","Amplify","CurseOfTheBell","Ball Lightning","Loop"],"special_seed":0,"relics":["Cracked Core","NeowsBlessing","Mummified Hand","Bottled Lightning","Pen Nib","Regal Pillow","Calling Bell","Orichalcum","Pantograph","Turnip"],"potions_floor_usage":[16,18],"damage_taken":[{"damage":0.0,"enemies":"Jaw Worm","floor":1.0,"turns":1.0},{"damage":0.0,"enemies":"Small Slimes","floor":3.0,"turns":1.0},{"damage":0.0,"enemies":"2 Louse","floor":8.0,"turns":1.0},{"damage":12.0,"enemies":"Lagavulin","floor":11.0,"turns":7.0},{"damage":0.0,"enemies":"3 Sentries","floor":13.0,"turns":2.0},{"damage":2,"enemies":"Hexaghost","floor":16,"turns":7},{"damage":44,"enemies":"2 Thieves","floor":18,"turns":4},{"damage":12,"enemies":"Spheric Guardian","floor":20,"turns":4},{"damage":0,"enemies":"Centurion and Healer","floor":21,"turns":1}],"seed_played":"-252896123787556134","potions_obtained":[{"floor":11.0,"key":"PowerPotion"},{"floor":13.0,"key":"FocusPotion"},{"floor":16,"key":"AttackPotion"}],"is_trial":false,"path_per_floor":["M","?","M","?","?","$","R","M","T","R","E","T","E","?","R","B",null,"M","?","M","M"],"character_chosen":"DEFECT","items_purchased":["Defragment","Impatience"],"campfire_rested":0,"item_purchase_floors":[6,6],"current_hp_per_floor":[64,69,69,46,35,35,35,35,35,35,23,23,23,23,23,21,62,18,18,6,6],"gold":225,"neow_bonus":"THREE_ENEMY_KILL","is_prod":false,"is_daily":false,"chose_seed":false,"campfire_upgraded":3,"win_rate":0,"timestamp":1569326906,"path_taken":["M","?","M","?","?","$","R","M","T","R","E","?","E","?","R","BOSS","M","?","?","?"],"build_version":"2019-09-23","purchased_purges":0,"victory":false,"max_hp_per_floor":[71,76,76,76,76,76,76,76,76,76,76,76,76,76,76,76,76,76,76,76,76],"card_choices":[{"not_picked":["Stack","Redo"],"picked":"Hologram","floor":1.0},{"not_picked":["Streamline","Go for the Eyes"],"picked":"Turbo","floor":3.0},{"not_picked":["Cold Snap","Streamline"],"picked":"Coolheaded","floor":8.0},{"not_picked":["Chaos","Stack"],"picked":"Lockon","floor":11.0},{"not_picked":["Consume","Ball Lightning"],"picked":"Biased Cognition","floor":13.0},{"not_picked":["Fission","Buffer"],"picked":"Amplify","floor":16},{"not_picked":["Hologram","Go for the Eyes"],"picked":"Ball Lightning","floor":18},{"not_picked":["Genetic Algorithm","Static Discharge"],"picked":"Loop","floor":20}],"player_experience":971009,"relics_obtained":[{"floor":9.0,"key":"Mummified Hand"},{"floor":11.0,"key":"Bottled Lightning"},{"floor":12.0,"key":"Pen Nib"},{"floor":13.0,"key":"Regal Pillow"},{"floor":17,"key":"Orichalcum"},{"floor":17,"key":"Pantograph"},{"floor":17,"key":"Turnip"}],"event_choices":[{"damage_healed":0.0,"max_hp_gain":5.0,"max_hp_loss":0.0,"gold_gain":0.0,"event_name":"Big Fish","player_choice":"Donut","floor":2.0,"gold_loss":0.0,"damage_taken":0.0},{"damage_healed":0.0,"max_hp_gain":0.0,"max_hp_loss":0.0,"gold_gain":0.0,"event_name":"Shining Light","player_choice":"Entered Light","floor":4.0,"gold_loss":0.0,"damage_taken":23.0,"cards_upgraded":["Hologram","Strike_B"]},{"damage_healed":0.0,"max_hp_gain":0.0,"max_hp_loss":0.0,"gold_gain":75.0,"event_name":"World of Goop","player_choice":"Gather Gold","floor":5.0,"gold_loss":0.0,"damage_taken":11.0},{"damage_healed":0,"gold_gain":0,"player_choice":"Searched \u00270\u0027 times","damage_taken":0,"max_hp_gain":0,"max_hp_loss":0,"event_name":"Dead Adventurer","floor":14,"gold_loss":0},{"cards_removed":["Strike_B"],"damage_healed":0,"gold_gain":0,"player_choice":"Purged","damage_taken":0,"max_hp_gain":0,"max_hp_loss":0,"event_name":"Purifier","floor":19,"gold_loss":0}],"is_beta":true,"boss_relics":[{"not_picked":["Ectoplasm","Runic Dome"],"picked":"Calling Bell"}],"items_purged_floors":[],"is_endless":false,"potions_floor_spawned":[11,13,16],"killed_by":"Centurion and Healer","ascension_level":20}