{"gold_per_floor":[115,115,128,203,203,243,243,283,333,357,392,392,472,492,492,620,620,633,633,45,60,160,160],"floor_reached":23,"playtime":782,"items_purged":[],"score":267,"play_id":"a1e7bf4e-5326-442a-9d83-58e9a3676bf7","local_time":"20191016214145","is_ascension_mode":true,"campfire_choices":[{"data":"Defragment","floor":12,"key":"SMITH"},{"floor":15,"key":"REST"}],"neow_cost":"NONE","seed_source_timestamp":482058067168800,"circlet_count":0,"master_deck":["Strike_B","Strike_B","Strike_B","Strike_B","Defend_B","Defend_B","Defend_B","Defend_B","Zap","Dualcast","Auto Shields","Leap","Electrodynamics","Defragment+1","Defragment","Capacitor","Cold Snap","Doom and Gloom","Thunder Strike","Auto Shields+1","Defragment","Leap+1","Conserve Battery+1"],"relics":["Cracked Core","NeowsBlessing","Bag of Marbles","Golden Idol","Letter Opener","Mango","Pen Nib","Darkstone Periapt","Happy Flower","Eternal Feather","Runic Capacitor","Toxic Egg 2"],"potions_floor_usage":[23,23,23],"damage_taken":[{"damage":0,"enemies":"Jaw Worm","floor":1,"turns":1},{"damage":0,"enemies":"Cultist","floor":3,"turns":1},{"damage":0,"enemies":"3 Sentries","floor":6,"turns":2},{"damage":14,"enemies":"Lagavulin","floor":8,"turns":8},{"damage":2,"enemies":"Small Slimes","floor":10,"turns":3},{"damage":6,"enemies":"3 Sentries","floor":11,"turns":4},{"damage":15,"enemies":"Lagavulin Event","floor":13,"turns":6},{"damage":13,"enemies":"3 Louse","floor":14,"turns":4},{"damage":11,"enemies":"Hexaghost","floor":16,"turns":9},{"damage":17,"enemies":"Spheric Guardian","floor":18,"turns":4},{"damage":21,"enemies":"2 Thieves","floor":21,"turns":3},{"damage":30,"enemies":"Slavers","floor":23,"turns":2}],"seed_played":"-869390890555120174","potions_obtained":[{"floor":1,"key":"FearPotion"},{"floor":3,"key":"Strength Potion"},{"floor":11,"key":"Energy Potion"},{"floor":14,"key":"Swift Potion"},{"floor":21,"key":"SkillPotion"}],"is_trial":false,"path_per_floor":["M","?","M","?","?","E","?","E","T","M","E","R","?","M","R","B",null,"M","?","$","M","?","E"],"character_chosen":"DEFECT","items_purchased":["Runic Capacitor","Defragment","Toxic Egg 2","Leap+1"],"campfire_rested":1,"item_purchase_floors":[20,20,20,20],"current_hp_per_floor":[75,75,75,64,64,64,58,58,58,56,50,50,35,22,46,35,83,66,50,50,29,29,0],"gold":160,"neow_bonus":"THREE_ENEMY_KILL","is_prod":false,"is_daily":false,"chose_seed":false,"campfire_upgraded":1,"win_rate":0,"timestamp":1571254905,"path_taken":["M","?","?","?","?","E","?","E","T","?","E","R","?","M","R","BOSS","M","?","$","M","?","E"],"build_version":"2019-07-17","purchased_purges":0,"victory":false,"max_hp_per_floor":[75,75,75,75,69,69,69,83,83,83,83,83,83,83,83,83,83,83,83,83,83,83,83],"card_choices":[{"not_picked":["BootSequence","Streamline"],"picked":"Auto Shields","floor":1},{"not_picked":["Rip and Tear","Ball Lightning"],"picked":"Leap","floor":3},{"not_picked":["Reprogram","Reinforced Body"],"picked":"Electrodynamics","floor":6},{"not_picked":["Redo","Beam Cell"],"picked":"Defragment","floor":8},{"not_picked":["Steam","Beam Cell"],"picked":"Defragment","floor":10},{"not_picked":["Redo","Hologram"],"picked":"Capacitor","floor":11},{"not_picked":["Chaos","Genetic Algorithm"],"picked":"Cold Snap","floor":13},{"not_picked":["Coolheaded","Hologram"],"picked":"Doom and Gloom","floor":14},{"not_picked":["Biased Cognition","Buffer"],"picked":"Thunder Strike","floor":16},{"not_picked":["Steam","Beam Cell"],"picked":"Auto Shields+1","floor":18},{"not_picked":["Sweeping Beam","Redo+1"],"picked":"Conserve Battery+1","floor":21}],"player_experience":367254,"relics_obtained":[{"floor":6,"key":"Letter Opener"},{"floor":8,"key":"Mango"},{"floor":9,"key":"Pen Nib"},{"floor":11,"key":"Darkstone Periapt"},{"floor":13,"key":"Happy Flower"}],"event_choices":[{"damage_healed":0,"gold_gain":0,"player_choice":"Gave Potion","damage_taken":0,"relics_obtained":["Bag of Marbles"],"max_hp_gain":0,"max_hp_loss":0,"event_name":"WeMeetAgain","floor":2,"gold_loss":0},{"damage_healed":0,"gold_gain":75,"player_choice":"Gather Gold","damage_taken":11,"max_hp_gain":0,"max_hp_loss":0,"event_name":"World of Goop","floor":4,"gold_loss":0},{"damage_healed":0,"gold_gain":0,"player_choice":"Lose Max HP","damage_taken":0,"relics_obtained":["Golden Idol"],"max_hp_gain":0,"max_hp_loss":6,"event_name":"Golden Idol","floor":5,"gold_loss":0},{"damage_healed":0,"gold_gain":0,"player_choice":"Damaged","damage_taken":6,"max_hp_gain":0,"max_hp_loss":0,"event_name":"Wheel of Change","floor":7,"gold_loss":0},{"damage_healed":0,"gold_gain":0,"player_choice":"Searched \u00271\u0027 times","damage_taken":0,"max_hp_gain":0,"max_hp_loss":0,"event_name":"Dead Adventurer","floor":13,"gold_loss":0},{"damage_healed":0,"gold_gain":0,"player_choice":"Obtained Book","damage_taken":16,"max_hp_gain":0,"max_hp_loss":0,"event_name":"Cursed Tome","floor":19,"gold_loss":0},{"damage_healed":0,"gold_gain":100,"player_choice":"Pray","damage_taken":0,"max_hp_gain":0,"max_hp_loss":0,"event_name":"Golden Shrine","floor":22,"gold_loss":0}],"is_beta":false,"boss_relics":[{"not_picked":["Runic Pyramid","Coffee Dripper"],"picked":"Eternal Feather"}],"items_purged_floors":[],"is_endless":false,"potions_floor_spawned":[1,3,11,14,16,21],"killed_by":"Slavers","ascension_level":3}