{"gold_per_floor":[118,137,137,192,192,224,20,20,20,20,30,56,56,82,82,82],"floor_reached":16,"playtime":964,"items_purged":[],"score":133,"play_id":"d9d735bf-8bf3-4ab1-8736-b6fdc6bb5657","local_time":"20190116214843","is_ascension_mode":true,"campfire_choices":[{"floor":8,"key":"REST"},{"floor":13,"key":"REST"},{"floor":15,"key":"REST"}],"neow_cost":"PERCENT_DAMAGE","seed_source_timestamp":257903972163408,"circlet_count":0,"master_deck":["Defend_G","Defend_G","Defend_G","Defend_G","Defend_G","Strike_G","Strike_G","Strike_G","Strike_G","Strike_G","Survivor","Neutralize","Backstab","Calculated Gamble","Deadly Poison","Trip","Slice","Backstab","Venomology","Underhanded Strike"],"relics":["Ring of the Snake","Tiny Chest","The Specimen","Mummified Hand","Bottled Flame","Prayer Wheel","Paper Crane"],"potions_floor_usage":[6,12,12,14,16],"damage_taken":[{"damage":4,"enemies":"Jaw Worm","floor":1,"turns":6},{"damage":0,"enemies":"Small Slimes","floor":2,"turns":3},{"damage":25,"enemies":"3 Sentries","floor":6,"turns":9},{"damage":0,"enemies":"2 Louse","floor":11,"turns":2},{"damage":10,"enemies":"Lagavulin","floor":12,"turns":5},{"damage":15,"enemies":"3 Sentries","floor":14,"turns":8},{"damage":89,"enemies":"Slime Boss","floor":16,"turns":14}],"seed_played":"5069659693472731506","potions_obtained":[{"floor":2,"key":"AttackPotion"},{"floor":11,"key":"AttackPotion"}],"is_trial":false,"path_per_floor":["M","M","?","T","T","E","$","R","T","?","M","E","R","E","R","B"],"character_chosen":"THE_SILENT","items_purchased":["GhostInAJar","Trip","Slice"],"campfire_rested":3,"item_purchase_floors":[7,7,7],"current_hp_per_floor":[59,59,59,59,59,34,34,59,59,59,59,49,74,59,84,0],"gold":82,"neow_bonus":"TWENTY_PERCENT_HP_BONUS","is_prod":false,"is_daily":false,"chose_seed":false,"campfire_upgraded":0,"win_rate":0,"timestamp":1547668123,"path_taken":["M","M","?","?","?","E","$","R","T","?","M","E","R","E","R","BOSS"],"build_version":"2019-01-10","purchased_purges":0,"victory":false,"max_hp_per_floor":[84,84,84,84,84,84,84,84,84,84,84,84,84,84,84,84],"card_choices":[{"not_picked":["Outmaneuver","Poisoned Stab"],"picked":"Backstab","floor":1},{"not_picked":["Flying Knee","Dagger Spray"],"picked":"Calculated Gamble","floor":2},{"not_picked":["Concentrate","Cloak And Dagger"],"picked":"Deadly Poison","floor":6},{"not_picked":["Tactician","Finisher"],"picked":"Backstab","floor":11},{"not_picked":["Skewer","Flechettes"],"picked":"Venomology","floor":12},{"not_picked":["Calculated Gamble","Acrobatics"],"picked":"Underhanded Strike","floor":14}],"player_experience":136943,"relics_obtained":[{"floor":4,"key":"Tiny Chest"},{"floor":5,"key":"The Specimen"},{"floor":6,"key":"Mummified Hand"},{"floor":9,"key":"Bottled Flame"},{"floor":12,"key":"Prayer Wheel"},{"floor":14,"key":"Paper Crane"}],"event_choices":[{"damage_healed":0,"gold_gain":0,"player_choice":"Ignored","damage_taken":0,"max_hp_gain":0,"max_hp_loss":0,"event_name":"Shining Light","floor":3,"gold_loss":0},{"damage_healed":0,"gold_gain":0,"player_choice":"Ignored","damage_taken":0,"max_hp_gain":0,"max_hp_loss":0,"event_name":"Liars Game","floor":10,"gold_loss":0}],"is_beta":false,"boss_relics":[],"items_purged_floors":[],"is_endless":false,"potions_floor_spawned":[2,11],"killed_by":"Slime Boss","ascension_level":3}