{"gold_per_floor":[210,9,0,11,11,11,11,11,85,96,106,106,124,154,154,250,250,261,276,191,191,191,191,191],"floor_reached":24,"playtime":1057,"items_purged":["Strike_B"],"score":196,"play_id":"f6d86cf2-db3a-47c2-b5f3-f06684fe3ca3","local_time":"20191001142540","is_ascension_mode":false,"campfire_choices":[{"data":"Streamline","floor":6,"key":"SMITH"},{"data":"Hologram","floor":8,"key":"SMITH"},{"data":"Scrape","floor":12,"key":"SMITH"},{"data":"Rebound","floor":15,"key":"SMITH"},{"floor":23,"key":"REST"}],"neow_cost":"NONE","seed_source_timestamp":403832145963000,"circlet_count":0,"master_deck":["Strike_B","Defend_B","Defend_B","Zap","Dualcast","Streamline+1","Self Repair","Hologram+1","Scrape+1","Rebound+1","Reboot","Conserve Battery+1"],"relics":["Cracked Core","Frozen Egg 2","Blood Vial","Empty Cage","Prayer Wheel"],"potions_floor_usage":[14,18,19,21],"damage_taken":[{"damage":2,"enemies":"2 Louse","floor":1,"turns":2},{"damage":7,"enemies":"Jaw Worm","floor":4,"turns":5},{"damage":3,"enemies":"Small Slimes","floor":10,"turns":3},{"damage":9,"enemies":"Blue Slaver","floor":11,"turns":3},{"damage":4,"enemies":"2 Fungi Beasts","floor":13,"turns":4},{"damage":3,"enemies":"Gremlin Nob","floor":14,"turns":3},{"damage":34,"enemies":"Slime Boss","floor":16,"turns":9},{"damage":20,"enemies":"3 Byrds","floor":18,"turns":5},{"damage":53,"enemies":"2 Thieves","floor":19,"turns":4},{"damage":15,"enemies":"Shelled Parasite and Fungi","floor":21,"turns":2},{"damage":44,"enemies":"Gremlin Leader","floor":24,"turns":4}],"seed_played":"-2969885123570493619","potions_obtained":[{"floor":1,"key":"FocusPotion"},{"floor":13,"key":"Fire Potion"},{"floor":14,"key":"GamblersBrew"},{"floor":16,"key":"Fire Potion"},{"floor":19,"key":"SmokeBomb"}],"is_trial":false,"path_per_floor":["M","$","?","M","?","R","?","R","T","M","M","R","M","E","R","B",null,"M","M","?","M","?","R","E"],"character_chosen":"DEFECT","items_purchased":["Self Repair","Hologram"],"campfire_rested":1,"item_purchase_floors":[2,2],"current_hp_per_floor":[73,73,73,73,73,73,73,73,73,75,66,66,69,73,73,48,75,62,18,18,12,12,34,0],"gold":191,"neow_bonus":"HUNDRED_GOLD","is_prod":false,"is_daily":false,"chose_seed":false,"campfire_upgraded":4,"win_rate":0.0,"timestamp":1569932740,"path_taken":["M","$","?","M","?","R","?","R","T","M","M","R","M","E","R","BOSS","M","M","?","M","?","R","E"],"build_version":"2019-07-17","purchased_purges":1,"victory":false,"max_hp_per_floor":[75,75,75,75,75,75,75,75,75,75,75,75,75,75,75,75,75,75,75,75,75,75,75,75],"card_choices":[{"not_picked":["Doom and Gloom","Chill"],"picked":"Streamline","floor":1},{"not_picked":["Glacier","Melter","Cold Snap"],"picked":"SKIP","floor":4},{"not_picked":["Glacier","Melter","Cold Snap"],"picked":"SKIP","floor":4},{"not_picked":["Conserve Battery","Sweeping Beam"],"picked":"Scrape","floor":10},{"not_picked":["Redo","Turbo","Darkness"],"picked":"SKIP","floor":11},{"not_picked":["Stack","Turbo","Double Energy"],"picked":"SKIP","floor":13},{"not_picked":["Meteor Strike","Consume"],"picked":"Rebound","floor":14},{"not_picked":["Creative AI+1","Rainbow"],"picked":"Reboot","floor":16},{"not_picked":["Steam","Force Field+1"],"picked":"Conserve Battery+1","floor":18},{"not_picked":["Compile Driver","Skim","Tempest"],"picked":"SKIP","floor":19}],"player_experience":122752,"relics_obtained":[{"floor":9,"key":"Frozen Egg 2"},{"floor":14,"key":"Blood Vial"}],"event_choices":[{"damage_healed":0,"gold_gain":0,"player_choice":"Left Gold","damage_taken":0,"max_hp_gain":0,"max_hp_loss":0,"event_name":"World of Goop","floor":3,"gold_loss":9},{"damage_healed":0,"gold_gain":0,"player_choice":"Ignored","damage_taken":0,"max_hp_gain":0,"max_hp_loss":0,"event_name":"Liars Game","floor":5,"gold_loss":0},{"cards_removed":["Defend_B"],"damage_healed":0,"gold_gain":0,"player_choice":"Forget","damage_taken":0,"max_hp_gain":0,"max_hp_loss":0,"event_name":"Living Wall","floor":7,"gold_loss":0},{"damage_healed":0,"gold_gain":0,"player_choice":"Obtained Relic","damage_taken":0,"relics_obtained":["Prayer Wheel"],"max_hp_gain":0,"max_hp_loss":0,"event_name":"Addict","floor":20,"gold_loss":85},{"cards_removed":["Strike_B"],"damage_healed":0,"gold_gain":0,"player_choice":"Elegance","damage_taken":0,"max_hp_gain":0,"max_hp_loss":0,"event_name":"Back to Basics","floor":22,"gold_loss":0}],"is_beta":false,"boss_relics":[{"not_picked":["Snecko Eye","Runic Dome"],"picked":"Empty Cage"}],"items_purged_floors":[2],"is_endless":false,"potions_floor_spawned":[1,13,14,16,19,21],"killed_by":"Gremlin Leader","ascension_level":0}