{"gold_per_floor":[112,37,37,37,57,57,57,77,123,138,138,138,173,123,123,123],"floor_reached":16,"playtime":782,"items_purged":["Strike_G","Defend_G"],"score":135,"play_id":"6c0be569-cfca-438f-8080-80f8f617fe76","local_time":"20191013130032","is_ascension_mode":true,"campfire_choices":[{"data":"Grand Finale","floor":6,"key":"SMITH"},{"data":"Neutralize","floor":12,"key":"SMITH"},{"floor":15,"key":"RECALL"}],"neow_cost":"TEN_PERCENT_HP_LOSS","seed_source_timestamp":191581817644100,"circlet_count":0,"master_deck":["Strike_G","Strike_G","Strike_G","Strike_G","Defend_G","Defend_G","Defend_G","Defend_G","Survivor","Neutralize+1","Grand Finale+1"],"relics":["Ring of the Snake","Unceasing Top","Smiling Mask","Centennial Puzzle"],"potions_floor_usage":[],"damage_taken":[{"damage":0,"enemies":"Cultist","floor":1,"turns":5},{"damage":0,"enemies":"2 Louse","floor":5,"turns":4},{"damage":0,"enemies":"Jaw Worm","floor":8,"turns":2},{"damage":22,"enemies":"Exordium Thugs","floor":10,"turns":9},{"damage":0,"enemies":"Gremlin Nob","floor":13,"turns":2},{"damage":47,"enemies":"Hexaghost","floor":16,"turns":14}],"seed_played":"1582707686036834524","potions_obtained":[{"floor":1,"key":"FearPotion"},{"floor":13,"key":"Swift Potion"}],"is_trial":false,"path_per_floor":["M","$","?","$","M","R","$","M","T","M","?","R","E","$","R","B"],"character_chosen":"THE_SILENT","items_purchased":[],"campfire_rested":0,"item_purchase_floors":[],"current_hp_per_floor":[63,63,63,63,63,63,63,63,63,41,62,62,62,62,62,15],"gold":123,"neow_bonus":"THREE_RARE_CARDS","is_prod":false,"is_daily":false,"chose_seed":false,"campfire_upgraded":2,"win_rate":0,"timestamp":1570964432,"path_taken":["M","$","?","$","M","R","?","M","T","M","?","R","E","$","R","BOSS"],"build_version":"2019-07-17","purchased_purges":2,"victory":false,"max_hp_per_floor":[63,63,63,63,63,63,63,63,63,63,63,63,63,63,63,63],"card_choices":[{"not_picked":["A Thousand Cuts","Glass Knife"],"picked":"Grand Finale","floor":0},{"not_picked":["Riddle With Holes","Underhanded Strike","Concentrate"],"picked":"SKIP","floor":1},{"not_picked":["Blade Dance","PiercingWail","Riddle With Holes"],"picked":"SKIP","floor":5},{"not_picked":["Acrobatics","Masterful Stab","Poisoned Stab"],"picked":"SKIP","floor":8},{"not_picked":["Acrobatics","Cloak And Dagger","Sucker Punch"],"picked":"SKIP","floor":10},{"not_picked":["Reflex","PiercingWail","Leg Sweep"],"picked":"SKIP","floor":13}],"player_experience":342943,"relics_obtained":[{"floor":9,"key":"Smiling Mask"},{"floor":13,"key":"Centennial Puzzle"}],"event_choices":[{"damage_healed":0,"gold_gain":0,"player_choice":"Gave Potion","damage_taken":0,"relics_obtained":["Unceasing Top"],"max_hp_gain":0,"max_hp_loss":0,"event_name":"WeMeetAgain","floor":3,"gold_loss":0},{"damage_healed":21,"gold_gain":0,"player_choice":"Banana","damage_taken":0,"max_hp_gain":0,"max_hp_loss":0,"event_name":"Big Fish","floor":11,"gold_loss":0}],"is_beta":false,"boss_relics":[],"items_purged_floors":[2,14],"is_endless":false,"potions_floor_spawned":[1,13],"killed_by":"Hexaghost","ascension_level":2}