{"gold_per_floor":[129,152,10,23,38,38,66,77,77,35,35,35,49,82,82,181,181,193,193,181,106,119,119,136,136,136,136,6,6,20,37,37,37],"floor_reached":33,"playtime":4930,"items_purged":["Defend_G"],"score":259,"play_id":"9b059d9b-93a1-496b-bb86-56d29da56af2","local_time":"20190930112715","is_ascension_mode":false,"campfire_choices":[{"data":"Backstab","floor":6.0,"key":"SMITH"},{"floor":11.0,"key":"REST"},{"floor":15.0,"key":"REST"},{"data":"Catalyst","floor":23,"key":"SMITH"},{"floor":25,"key":"REST"},{"floor":32,"key":"REST"}],"neow_cost":"NONE","seed_source_timestamp":0,"circlet_count":0,"master_deck":["Strike_G","Strike_G","Strike_G","Strike_G","Strike_G","Defend_G+1","Defend_G","Defend_G","Defend_G","Survivor+1","Neutralize","Backstab+1","Poisoned Stab","Dodge and Roll","Prepared","Envenom","Backflip","RitualDagger","Prepared+1","Catalyst+1","Adrenaline","Finesse","Poisoned Stab","Poisoned Stab"],"special_seed":0,"relics":["Ring of the Snake","MawBank","Happy Flower","Anchor","Torii","Gremlin Horn","White Beast Statue","Bronze Scales","MutagenicStrength"],"potions_floor_usage":[24,24,30,33,33,33],"damage_taken":[{"damage":0.0,"enemies":"Cultist","floor":1.0,"turns":4.0},{"damage":5.0,"enemies":"Jaw Worm","floor":2.0,"turns":3.0},{"damage":0.0,"enemies":"Small Slimes","floor":4.0,"turns":3.0},{"damage":3.0,"enemies":"2 Fungi Beasts","floor":5.0,"turns":4.0},{"damage":33.0,"enemies":"Gremlin Nob","floor":7.0,"turns":6.0},{"damage":0.0,"enemies":"Looter","floor":8.0,"turns":3.0},{"damage":8.0,"enemies":"Large Slime","floor":13.0,"turns":7.0},{"damage":2.0,"enemies":"3 Sentries","floor":14.0,"turns":12.0},{"damage":37.0,"enemies":"The Guardian","floor":16.0,"turns":18.0},{"damage":2.0,"enemies":"Shell Parasite","floor":18.0,"turns":10.0},{"damage":0.0,"enemies":"2 Thieves","floor":20.0,"turns":4.0},{"damage":8.0,"enemies":"Cultist and Chosen","floor":22.0,"turns":8.0},{"damage":29,"enemies":"Sentry and Sphere","floor":24,"turns":7},{"damage":8,"enemies":"3 Cultists","floor":30,"turns":6},{"damage":1,"enemies":"Centurion and Healer","floor":31,"turns":5},{"damage":62,"enemies":"Collector","floor":33,"turns":6}],"seed_played":"-8799424404937764353","potions_obtained":[{"floor":4.0,"key":"LiquidBronze"},{"floor":7.0,"key":"Explosive Potion"},{"floor":8.0,"key":"Dexterity Potion"},{"floor":16.0,"key":"GhostInAJar"},{"floor":18.0,"key":"Poison Potion"},{"floor":20.0,"key":"Poison Potion"},{"floor":22.0,"key":"Swift Potion"},{"floor":24,"key":"SkillPotion"},{"floor":30,"key":"EssenceOfSteel"},{"floor":31,"key":"Weak Potion"}],"is_trial":false,"path_per_floor":["M","M","$","M","M","R","E","M","T","?","R","?","M","E","R","B",null,"M","?","M","$","M","R","M","R","T","?","$","?","M","M","R","B"],"character_chosen":"THE_SILENT","items_purchased":["Happy Flower","Finesse","Poisoned Stab"],"campfire_rested":4,"item_purchase_floors":[3,28,28],"current_hp_per_floor":[70,65,65,65,62,62,29,29,29,29,50,36,28,26,47,10,70,68,62,62,62,54,54,25,46,46,46,46,46,38,37,58,0],"gold":37,"neow_bonus":"RANDOM_COMMON_RELIC","is_prod":false,"is_daily":false,"chose_seed":false,"campfire_upgraded":2,"win_rate":0.0,"timestamp":1569835635,"path_taken":["M","?","$","M","M","R","E","M","T","?","R","?","M","E","R","BOSS","M","?","M","$","M","R","M","R","T","?","$","?","M","M","R","BOSS"],"build_version":"2019-07-17","purchased_purges":1,"victory":false,"max_hp_per_floor":[70,70,70,70,70,70,70,70,70,70,70,70,70,70,70,70,70,70,70,70,70,70,70,70,70,70,70,70,70,70,70,70,70],"card_choices":[{"not_picked":["Sucker Punch","Acrobatics"],"picked":"Backstab","floor":1.0},{"not_picked":["Calculated Gamble","Well Laid Plans","Outmaneuver"],"picked":"SKIP","floor":2.0},{"not_picked":["Well Laid Plans","Outmaneuver","Acrobatics"],"picked":"SKIP","floor":4.0},{"not_picked":["Acrobatics","PiercingWail","Dagger Throw"],"picked":"SKIP","floor":5.0},{"not_picked":["Flying Knee","Acrobatics"],"picked":"Poisoned Stab","floor":7.0},{"not_picked":["Acrobatics","Malaise"],"picked":"Dodge and Roll","floor":8.0},{"not_picked":["Heel Hook","Finisher","Sucker Punch"],"picked":"SKIP","floor":13.0},{"not_picked":["Acrobatics","Masterful Stab"],"picked":"Prepared","floor":14.0},{"not_picked":["A Thousand Cuts","Night Terror"],"picked":"Envenom","floor":16.0},{"not_picked":["Distraction+1","Slice+1"],"picked":"Backflip","floor":18.0},{"not_picked":["Underhanded Strike","Flying Knee+1"],"picked":"Prepared+1","floor":20.0},{"not_picked":["Underhanded Strike","Finisher+1"],"picked":"Catalyst","floor":22.0},{"not_picked":["Flying Knee","Dagger Throw+1"],"picked":"Adrenaline","floor":24},{"not_picked":["Finisher","Dagger Throw"],"picked":"Poisoned Stab","floor":30},{"not_picked":["All Out Attack","Slice","Outmaneuver"],"picked":"SKIP","floor":31}],"player_experience":75314,"relics_obtained":[{"floor":7.0,"key":"Anchor"},{"floor":9.0,"key":"Torii"},{"floor":14.0,"key":"Gremlin Horn"},{"floor":26,"key":"Bronze Scales"}],"event_choices":[{"damage_healed":0.0,"max_hp_gain":0.0,"max_hp_loss":0.0,"gold_gain":0.0,"event_name":"World of Goop","player_choice":"Left Gold","floor":10.0,"gold_loss":42.0,"damage_taken":0.0},{"damage_healed":0.0,"max_hp_gain":0.0,"max_hp_loss":0.0,"gold_gain":0.0,"event_name":"Shining Light","player_choice":"Entered Light","floor":12.0,"gold_loss":0.0,"damage_taken":14.0,"cards_upgraded":["Survivor","Defend_G"]},{"damage_healed":0.0,"max_hp_gain":0.0,"max_hp_loss":0.0,"gold_gain":0.0,"event_name":"Nest","player_choice":"Joined the Cult","floor":19.0,"gold_loss":0.0,"damage_taken":6.0,"cards_obtained":["RitualDagger"]},{"damage_healed":0,"gold_gain":0,"player_choice":"Inject Mutagens","damage_taken":0,"relics_obtained":["MutagenicStrength"],"max_hp_gain":0,"max_hp_loss":0,"event_name":"Drug Dealer","floor":27,"gold_loss":0},{"damage_healed":0,"gold_gain":0,"player_choice":"Ignored","damage_taken":0,"max_hp_gain":0,"max_hp_loss":0,"event_name":"Vampires","floor":29,"gold_loss":0}],"is_beta":false,"boss_relics":[{"not_picked":["Ectoplasm","Snecko Eye"],"picked":"White Beast Statue"}],"items_purged_floors":[21],"is_endless":false,"potions_floor_spawned":[4,7,8,16,18,20,22,24,30,31],"killed_by":"Collector","ascension_level":0}