{"path_per_floor":["M","?","?","$","M","M","R","E","T","M","M","?","R","M","R","B",null,"M","$","M","?","M","E","R"],"character_chosen":"THE_SILENT","items_purchased":["Well Laid Plans","Accuracy","Cloak And Dagger","Snake Skull","Panacea"],"gold_per_floor":[111,111,186,35,51,64,64,92,170,182,192,367,367,380,380,477,477,488,55,73,73,86,147,147],"floor_reached":25,"campfire_rested":3,"playtime":945,"current_hp_per_floor":[56,56,45,45,45,39,60,35,35,35,35,35,35,35,58,12,61,41,41,41,41,27,2,25],"items_purged":["Strike_G","Doubt"],"gold":147,"score":312,"play_id":"27c69cdf-57f0-4408-b132-209993553a45","is_prod":false,"is_daily":false,"is_ascension_mode":true,"campfire_upgraded":1,"path_taken":["M","?","?","$","M","M","R","E","T","M","M","?","R","?","R","BOSS","M","$","M","?","M","E","R","E"],"build_version":"2018-02-15-PROD1","purchased_purges":2,"victory":false,"master_deck":["Survivor","Neutralize","Dagger Spray+1","Well Laid Plans","Adrenaline+1","Cloak And Dagger","Die Die Die","Infinite Blades","Backflip","Burst","Poisoned Stab","Cloak And Dagger","Deadly Poison","Acrobatics","Deflect","Blade Dance","Backflip","Deflect","Deadly Poison","Catalyst","Accuracy","Cloak And Dagger","Panacea","Blade Dance+1","Dash+1"],"max_hp_per_floor":[70,70,70,70,70,70,70,77,77,77,77,77,77,77,77,77,77,77,77,77,77,77,77,77],"relics":["Ring of the Snake","Strawberry","Bottled Lightning","Pandora\u0027s Box","Snake Skull","Tiny Chest"],"card_choices":[{"not_picked":["Flying Knee","Bane"],"picked":"Dagger Spray"},{"not_picked":["Cloak And Dagger","Eviscerate"],"picked":"Adrenaline"},{"not_picked":["Dagger Spray","Acrobatics"],"picked":"Cloak And Dagger"},{"not_picked":["Flying Knee","PiercingWail"],"picked":"Die Die Die"},{"not_picked":["Underhanded Strike","Well Laid Plans"],"picked":"Infinite Blades"},{"not_picked":["Deflect","Dagger Spray"],"picked":"Backflip"},{"not_picked":["Storm of Steel","Corpse Explosion"],"picked":"Burst"},{"not_picked":["Leg Sweep","Blade Dance"],"picked":"Catalyst"},{"not_picked":["Dodge and Roll","Deflect"],"picked":"Blade Dance"},{"not_picked":["Backflip","Dagger Throw"],"picked":"Dash"}],"player_experience":174225,"potions_floor_usage":[8,16,23],"damage_taken":[{"damage":7,"enemies":"2 Louse","floor":1,"turns":3},{"damage":0,"enemies":"Cultist","floor":5,"turns":4},{"damage":6,"enemies":"Jaw Worm","floor":6,"turns":5},{"damage":32,"enemies":"Lagavulin","floor":8,"turns":8},{"damage":0,"enemies":"2 Fungi Beasts","floor":10,"turns":1},{"damage":0,"enemies":"Large Slime","floor":11,"turns":4},{"damage":0,"enemies":"Gremlin Gang","floor":14,"turns":3},{"damage":46,"enemies":"Slime Boss","floor":16,"turns":8},{"damage":20,"enemies":"Spheric Guardian","floor":18,"turns":5},{"damage":0,"enemies":"3 Byrds","floor":20,"turns":3},{"damage":14,"enemies":"Centurion and Healer","floor":22,"turns":5},{"damage":25,"enemies":"Slavers","floor":23,"turns":3},{"damage":25,"enemies":"Book of Stabbing","floor":25,"turns":5}],"event_choices":[{"event_name":"Upgrade Shrine","player_choice":"Upgraded","floor":2,"damage_taken":0},{"event_name":"World of Goop","player_choice":"Gather Gold","floor":3,"damage_taken":0},{"event_name":"Liars Game","player_choice":"agreed","floor":12,"damage_taken":0},{"event_name":"Drug Dealer","player_choice":"Ignored","floor":21,"damage_taken":0}],"boss_relics":[{"not_picked":["Runic Dome","Sozu"],"picked":"Pandora\u0027s Box"}],"potions_floor_spawned":[6,14,16],"seed_played":"120358556485107887","killed_by":"Book of Stabbing","ascension_level":8,"is_trial":false}