{"path_per_floor":["M","M","?","?","?","R","M","R","T","M","E","R","M","$","R","B",null,"M","?","M","M","M","R","M","?","T","M","T","$","M","M","R","B",null,"M","M","$","M","?","R","E","R","T","M","?","M","$","M","R"],"character_chosen":"THE_SILENT","items_purchased":["Blur","Block Potion","Acrobatics","Prepared","Well Laid Plans","Backflip","Weak Potion","Ancient Potion"],"gold_per_floor":[109,119,69,69,319,319,331,331,355,366,396,396,411,216,216,319,319,335,335,350,370,390,390,408,323,323,341,368,216,228,248,248,344,344,356,367,113,127,127,127,158,158,233,253,353,368,91,109,109],"floor_reached":50,"campfire_rested":4,"playtime":4521,"current_hp_per_floor":[70,70,70,52,52,52,49,49,49,43,18,18,14,14,35,45,70,70,70,70,69,57,57,49,49,49,49,56,56,46,41,64,43,77,70,56,56,48,48,48,18,41,41,41,41,16,16,7,29],"items_purged":["Regret","Injury","Clumsy","Parasite"],"gold":109,"play_id":"f4455062-b6c2-48ab-af06-eca383189808","is_prod":false,"is_daily":false,"is_ascension_mode":true,"campfire_upgraded":5,"path_taken":["M","M","?","?","?","R","M","R","T","M","E","R","?","$","R","BOSS","M","?","M","?","M","R","M","?","T","M","?","$","M","?","R","BOSS","M","M","$","M","?","R","E","R","T","?","?","M","$","M","R","BOSS"],"build_version":"2018-02-01-PROD3","purchased_purges":4,"victory":false,"master_deck":["Defend_G+1","Defend_G+1","Defend_G+1","Defend_G+1","Defend_G+1","Strike_G+1","Strike_G+1","Strike_G+1","Survivor","Neutralize+1","Cloak And Dagger","Cloak And Dagger+1","Wraith Form+1","Backflip","Blur","Tools of the Trade+1","Outmaneuver","PiercingWail","Acrobatics","Wraith Form+1","Acrobatics+1","Caltrops+1","Terror","Prepared+1","Prepared","Well Laid Plans","Blur+1","Backflip","Prepared"],"max_hp_per_floor":[70,70,70,70,70,70,70,70,70,70,70,70,70,70,70,70,70,70,70,70,70,70,70,70,70,70,70,77,77,77,77,77,77,77,77,77,77,77,77,77,77,77,77,77,77,77,74,74,74],"relics":["Ring of the Snake","Lantern","Oddly Smooth Stone","Sundial","Cursed Key","Pen Nib","Gremlin Horn","Strawberry","Orrery","Ancient Tea Set","Ninja Scroll"],"card_choices":[{"not_picked":["Calculated Gamble","Deadly Poison"],"picked":"Cloak And Dagger"},{"not_picked":["Malaise","Quick Slash"],"picked":"Cloak And Dagger"},{"not_picked":["Eviscerate","Bane"],"picked":"Wraith Form"},{"not_picked":["Terror","Dagger Throw"],"picked":"Backflip"},{"not_picked":["A Thousand Cuts","Night Terror"],"picked":"Tools of the Trade"},{"not_picked":["Noxious Fumes","Dagger Spray"],"picked":"Outmaneuver"},{"not_picked":["Underhanded Strike","Slice"],"picked":"PiercingWail"},{"not_picked":["Phantasmal Killer","Glass Knife"],"picked":"Wraith Form"},{"not_picked":["Flying Knee","Escape Plan"],"picked":"Acrobatics"},{"not_picked":["Deadly Poison","Heel Hook"],"picked":"Caltrops"},{"not_picked":["Sucker Punch","Dagger Spray"],"picked":"Terror"},{"not_picked":["Outmaneuver","Bouncing Flask"],"picked":"Prepared"},{"not_picked":["Tools of the Trade","Outmaneuver"],"picked":"Blur"},{"not_picked":["Masterful Stab","Endless Agony"],"picked":"Prepared"}],"player_experience":113831,"potions_floor_usage":[2,13,16,18,30,30,33,41,44,50,50,50],"damage_taken":[{"damage":0,"enemies":"Jaw Worm","floor":1,"turns":3},{"damage":0,"enemies":"Cultist","floor":2,"turns":5},{"damage":3,"enemies":"Blue Slaver","floor":7,"turns":4},{"damage":6,"enemies":"Exordium Wildlife","floor":10,"turns":7},{"damage":25,"enemies":"Gremlin Nob","floor":11,"turns":5},{"damage":4,"enemies":"Large Slime","floor":13,"turns":6},{"damage":5,"enemies":"Hexaghost","floor":16,"turns":16},{"damage":0,"enemies":"Spheric Guardian","floor":18,"turns":5},{"damage":0,"enemies":"Chosen","floor":20,"turns":6},{"damage":1,"enemies":"Snecko","floor":21,"turns":5},{"damage":12,"enemies":"3 Cultists","floor":22,"turns":6},{"damage":8,"enemies":"Snake Plant","floor":24,"turns":5},{"damage":0,"enemies":"Sentry and Sphere","floor":27,"turns":4},{"damage":10,"enemies":"Snecko","floor":30,"turns":5},{"damage":5,"enemies":"Snake Plant","floor":31,"turns":5},{"damage":21,"enemies":"Automaton","floor":33,"turns":12},{"damage":7,"enemies":"Orb Walker","floor":35,"turns":5},{"damage":14,"enemies":"3 Darklings","floor":36,"turns":7},{"damage":8,"enemies":"Maw","floor":38,"turns":7},{"damage":45,"enemies":"Giant Head","floor":41,"turns":10},{"damage":0,"enemies":"4 Shapes","floor":44,"turns":5},{"damage":25,"enemies":"3 Darklings","floor":46,"turns":7},{"damage":9,"enemies":"Sphere and 2 Shapes","floor":48,"turns":5},{"damage":38,"enemies":"Donu and Deca","floor":50,"turns":5}],"event_choices":[{"event_name":"The Cleric","player_choice":"Card Removal","floor":3,"damage_taken":0},{"event_name":"Scrap Ooze","player_choice":"success","floor":4,"damage_taken":18},{"event_name":"Golden Shrine","player_choice":"Desecrate","floor":5,"damage_taken":0},{"event_name":"Back to Basics","player_choice":"Simplicity","floor":19,"damage_taken":0},{"event_name":"Addict","player_choice":"Obtained Relic","floor":25,"damage_taken":0},{"event_name":"Golden Shrine","player_choice":"Pray","floor":45,"damage_taken":0}],"boss_relics":[{"not_picked":["Black Star","Sozu"],"picked":"Cursed Key"},{"not_picked":["Snecko Eye","Tiny House"],"picked":"Orrery"}],"potions_floor_spawned":[1,10,13,20,21,24,27,36,41,46],"seed_played":"-4336388927264087969","killed_by":"Donu and Deca","ascension_level":4,"is_trial":false}