{"gold_per_floor":[215,226,27,45,45,45,55,55,131,166,23,36,55,70,70,166,166,181,181,199,199,214,214,229,229],"floor_reached":25,"playtime":1442,"items_purged":["Strike_G"],"score":207,"play_id":"e948c106-1cfa-47a4-b849-2c9552dcb7c3","local_time":"20190929211017","is_ascension_mode":false,"campfire_choices":[{"data":"Envenom","floor":6,"key":"SMITH"},{"data":"Catalyst","floor":8,"key":"SMITH"},{"floor":15,"key":"REST"},{"floor":23,"key":"REST"}],"neow_cost":"NONE","seed_source_timestamp":254923848980100,"circlet_count":0,"master_deck":["Strike_G","Strike_G+1","Strike_G","Strike_G","Defend_G","Defend_G","Defend_G","Defend_G","Defend_G","Survivor","Neutralize+1","Deadly Poison","Deflect","Poisoned Stab","Envenom+1","Catalyst+1","Deadly Poison","Infinite Blades","Bouncing Flask","Deflect","Die Die Die","Backflip+1","Dagger Spray+1","Poisoned Stab"],"relics":["Ring of the Snake","Bronze Scales","Mummified Hand","Whetstone","Sozu"],"potions_floor_usage":[16],"damage_taken":[{"damage":0,"enemies":"Cultist","floor":1,"turns":5},{"damage":2,"enemies":"2 Louse","floor":2,"turns":3},{"damage":0,"enemies":"Small Slimes","floor":4,"turns":3},{"damage":7,"enemies":"Looter","floor":7,"turns":3},{"damage":13,"enemies":"3 Sentries","floor":10,"turns":8},{"damage":0,"enemies":"Large Slime","floor":12,"turns":5},{"damage":16,"enemies":"Gremlin Gang","floor":13,"turns":4},{"damage":8,"enemies":"Exordium Wildlife","floor":14,"turns":3},{"damage":29,"enemies":"The Guardian","floor":16,"turns":5},{"damage":4,"enemies":"Spheric Guardian","floor":18,"turns":4},{"damage":17,"enemies":"3 Byrds","floor":20,"turns":4},{"damage":29,"enemies":"Sentry and Sphere","floor":22,"turns":6},{"damage":26,"enemies":"Shelled Parasite and Fungi","floor":24,"turns":6},{"damage":6,"enemies":"Snake Plant","floor":25,"turns":2}],"seed_played":"-7986410647309207106","potions_obtained":[{"floor":1,"key":"Dexterity Potion"},{"floor":7,"key":"Strength Potion"},{"floor":14,"key":"Regen Potion"}],"is_trial":false,"path_per_floor":["M","M","$","M","?","R","M","R","T","E","$","M","M","M","R","B",null,"M","?","M","?","M","R","M","M"],"character_chosen":"THE_SILENT","items_purchased":["Poisoned Stab","Bronze Scales","Infinite Blades"],"campfire_rested":2,"item_purchase_floors":[3,3,11],"current_hp_per_floor":[70,68,68,68,68,68,61,61,61,48,48,48,32,24,45,28,70,66,53,36,36,7,29,3,0],"gold":229,"neow_bonus":"HUNDRED_GOLD","is_prod":false,"is_daily":false,"chose_seed":false,"campfire_upgraded":2,"win_rate":0.0,"timestamp":1569784217,"path_taken":["M","M","$","?","?","R","M","R","T","E","$","M","?","?","R","BOSS","M","?","M","?","M","R","M","M"],"build_version":"2019-07-17","purchased_purges":1,"victory":false,"max_hp_per_floor":[70,70,70,70,70,70,70,70,70,70,70,70,70,70,70,70,70,70,75,75,75,75,75,75,75],"card_choices":[{"not_picked":["Riddle With Holes","Dagger Throw"],"picked":"Deadly Poison","floor":1},{"not_picked":["Finisher","Footwork"],"picked":"Deflect","floor":2},{"not_picked":["PiercingWail","Blade Dance","Blur"],"picked":"SKIP","floor":4},{"not_picked":["Bouncing Flask","Backstab"],"picked":"Catalyst","floor":7},{"not_picked":["All Out Attack","Predator"],"picked":"Deadly Poison","floor":10},{"not_picked":["Blur","Predator"],"picked":"Bouncing Flask","floor":12},{"not_picked":["Dash","PiercingWail","Dagger Throw"],"picked":"SKIP","floor":13},{"not_picked":["Heel Hook","Leg Sweep"],"picked":"Deflect","floor":14},{"not_picked":["Phantasmal Killer","Malaise"],"picked":"Die Die Die","floor":16},{"not_picked":["Leg Sweep","Blade Dance","Dagger Spray"],"picked":"SKIP","floor":18},{"not_picked":["Distraction","Outmaneuver"],"picked":"Backflip+1","floor":20},{"not_picked":["Quick Slash","Heel Hook"],"picked":"Dagger Spray+1","floor":22},{"not_picked":["Blade Dance","Quick Slash"],"picked":"Poisoned Stab","floor":24}],"player_experience":73872,"relics_obtained":[{"floor":9,"key":"Mummified Hand"},{"floor":10,"key":"Whetstone"}],"event_choices":[{"damage_healed":0,"gold_gain":0,"player_choice":"1 cards matched","damage_taken":0,"max_hp_gain":0,"max_hp_loss":0,"event_name":"Match and Keep!","floor":5,"gold_loss":0,"cards_obtained":["Envenom"]},{"damage_healed":0,"gold_gain":0,"player_choice":"Shed Blood","damage_taken":18,"max_hp_gain":5,"max_hp_loss":0,"event_name":"Forgotten Altar","floor":19,"gold_loss":0},{"damage_healed":0,"gold_gain":0,"player_choice":"Ignored","damage_taken":0,"max_hp_gain":0,"max_hp_loss":0,"event_name":"Vampires","floor":21,"gold_loss":0}],"is_beta":false,"boss_relics":[{"not_picked":["Ring of the Serpent","Tiny House"],"picked":"Sozu"}],"items_purged_floors":[11],"is_endless":false,"potions_floor_spawned":[1,7,14,20,24],"killed_by":"Snake Plant","ascension_level":0}