{"gold_per_floor":[115,130,51,51,66,98,98,129,152,164,164],"floor_reached":11,"playtime":362,"items_purged":[],"score":100,"play_id":"ffb96b3d-1343-4fa4-83d4-b42a71532875","local_time":"20191017120802","is_ascension_mode":true,"campfire_choices":[{"floor":7,"key":"REST"}],"neow_cost":"NONE","seed_source_timestamp":534457190000399,"circlet_count":0,"master_deck":["Strike_B","Strike_B","Strike_B","Strike_B","Defend_B+1","Defend_B","Defend_B","Defend_B","Zap+1","Dualcast","Chaos","Self Repair","Capacitor","Hello World","Auto Shields","Static Discharge","Capacitor","Defragment"],"relics":["Cracked Core","NeowsBlessing","Dream Catcher","Blood Vial","Art of War"],"potions_floor_usage":[],"damage_taken":[{"damage":0,"enemies":"Cultist","floor":1,"turns":1},{"damage":0,"enemies":"Small Slimes","floor":2,"turns":1},{"damage":0,"enemies":"2 Louse","floor":5,"turns":1},{"damage":30,"enemies":"Lagavulin","floor":6,"turns":6},{"damage":43,"enemies":"3 Sentries","floor":8,"turns":9},{"damage":16,"enemies":"Exordium Thugs","floor":10,"turns":5},{"damage":23,"enemies":"3 Louse","floor":11,"turns":2}],"seed_played":"-2888295737248021769","potions_obtained":[{"floor":1,"key":"FearPotion"}],"is_trial":false,"path_per_floor":["M","M","$","?","M","E","R","E","T","M","M"],"character_chosen":"DEFECT","items_purchased":["Capacitor"],"campfire_rested":1,"item_purchase_floors":[3],"current_hp_per_floor":[75,75,75,60,60,37,59,23,23,16,0],"gold":164,"neow_bonus":"THREE_ENEMY_KILL","is_prod":false,"is_daily":false,"chose_seed":false,"campfire_upgraded":0,"win_rate":0,"timestamp":1571306882,"path_taken":["M","M","?","?","M","E","R","E","T","M","M"],"build_version":"2019-07-17","purchased_purges":0,"victory":false,"max_hp_per_floor":[75,75,75,75,75,75,75,75,75,75,75],"card_choices":[{"not_picked":["Aggregate","Go for the Eyes"],"picked":"Chaos","floor":1},{"not_picked":["Consume","Loop"],"picked":"Self Repair","floor":2},{"not_picked":["Conserve Battery","Chill"],"picked":"Hello World","floor":5},{"not_picked":["Sunder","Barrage"],"picked":"Auto Shields","floor":6},{"not_picked":["BootSequence","Redo"],"picked":"Static Discharge","floor":7},{"not_picked":["Tempest","Rebound"],"picked":"Capacitor","floor":8},{"not_picked":["Ball Lightning","Chaos"],"picked":"Defragment","floor":10}],"player_experience":375704,"relics_obtained":[{"floor":6,"key":"Dream Catcher"},{"floor":8,"key":"Blood Vial"},{"floor":9,"key":"Art of War"}],"event_choices":[{"damage_healed":0,"gold_gain":0,"player_choice":"Entered Light","damage_taken":15,"max_hp_gain":0,"max_hp_loss":0,"event_name":"Shining Light","floor":4,"gold_loss":0,"cards_upgraded":["Zap","Defend_B"]}],"is_beta":false,"boss_relics":[],"items_purged_floors":[],"is_endless":false,"potions_floor_spawned":[1],"killed_by":"3 Louse","ascension_level":4}