{"gold_per_floor":[112,112,127,54,65,96,96,96,96,113,124,124,141,168,168,268,268,285,285,304,322,50,50,70,70,95,114,114,142,42,60,60,160,160,171,186,202,104,116,116],"floor_reached":40,"playtime":2190,"items_purged":["Strike_G","Defend_G"],"score":475,"play_id":"93dcf3ec-3024-4f1b-b3f7-c5948797f905","local_time":"20191004162617","is_ascension_mode":true,"campfire_choices":[{"data":"Bouncing Flask","floor":7,"key":"SMITH"},{"floor":15,"key":"REST"},{"floor":23,"key":"RECALL"},{"data":"Noxious Fumes","floor":25,"key":"SMITH"},{"floor":32,"key":"REST"}],"neow_cost":"NONE","seed_source_timestamp":669137674973000,"circlet_count":0,"master_deck":["Strike_G","Defend_G","Defend_G","Defend_G","Survivor","Neutralize","Catalyst+1","Envenom","Bouncing Flask+1","Bouncing Flask","Endless Agony","Deadly Poison","Cloak And Dagger","Leg Sweep","Prepared","Bane","Poisoned Stab+1","Poisoned Stab","Noxious Fumes+1","Bullet Time","Bouncing Flask","PiercingWail+1","Noxious Fumes","Burst","Distraction+1","Finisher","Dramatic Entrance"],"relics":["Ring of the Snake","Bottled Lightning","Potion Belt","Empty Cage","Centennial Puzzle","MutagenicStrength","Red Mask","Sozu"],"potions_floor_usage":[14,21,27,29,29,33,33],"damage_taken":[{"damage":1,"enemies":"Cultist","floor":1,"turns":5},{"damage":9,"enemies":"Jaw Worm","floor":3,"turns":6},{"damage":7,"enemies":"2 Louse","floor":5,"turns":3},{"damage":6,"enemies":"Gremlin Nob","floor":6,"turns":3},{"damage":0,"enemies":"Large Slime","floor":10,"turns":5},{"damage":13,"enemies":"2 Fungi Beasts","floor":11,"turns":3},{"damage":5,"enemies":"3 Louse","floor":13,"turns":3},{"damage":0,"enemies":"Lagavulin","floor":14,"turns":2},{"damage":4,"enemies":"Hexaghost","floor":16,"turns":6},{"damage":0,"enemies":"Chosen","floor":18,"turns":3},{"damage":0,"enemies":"Spheric Guardian","floor":20,"turns":3},{"damage":0,"enemies":"Snecko","floor":21,"turns":2},{"damage":25,"enemies":"Snake Plant","floor":24,"turns":4},{"damage":11,"enemies":"Chosen and Byrds","floor":27,"turns":4},{"damage":17,"enemies":"Masked Bandits","floor":29,"turns":4},{"damage":11,"enemies":"Snecko","floor":31,"turns":3},{"damage":21,"enemies":"Champ","floor":33,"turns":5},{"damage":5,"enemies":"Orb Walker","floor":35,"turns":2},{"damage":16,"enemies":"3 Darklings","floor":36,"turns":5},{"damage":11,"enemies":"Transient","floor":37,"turns":5},{"damage":15,"enemies":"Spire Growth","floor":39,"turns":3},{"damage":57,"enemies":"Nemesis","floor":40,"turns":4}],"seed_played":"7857162532897067163","potions_obtained":[{"floor":3,"key":"SkillPotion"},{"floor":5,"key":"AttackPotion"},{"floor":6,"key":"Dexterity Potion"},{"floor":16,"key":"PowerPotion"},{"floor":18,"key":"GamblersBrew"},{"floor":20,"key":"Energy Potion"},{"floor":27,"key":"Energy Potion"},{"floor":31,"key":"SkillPotion"}],"is_trial":false,"path_per_floor":["M","?","M","$","M","E","R","?","T","M","M","?","M","E","R","B",null,"M","?","M","M","$","R","M","R","T","M","?","?","$","M","R","B",null,"M","M","M","$","M","E"],"character_chosen":"THE_SILENT","items_purchased":["Bouncing Flask","Noxious Fumes","Bullet Time","Dramatic Entrance"],"campfire_rested":2,"item_purchase_floors":[4,22,22,38],"current_hp_per_floor":[69,69,60,60,53,47,47,47,47,47,34,34,29,29,50,46,70,70,70,70,70,70,70,45,45,45,34,34,17,17,6,27,6,70,65,49,38,38,23,0],"gold":116,"neow_bonus":"REMOVE_CARD","is_prod":false,"is_daily":false,"chose_seed":false,"campfire_upgraded":2,"win_rate":0,"timestamp":1570199177,"path_taken":["M","?","M","$","?","E","R","?","T","M","M","?","?","E","R","BOSS","M","?","M","M","?","R","M","R","T","M","?","?","$","M","R","BOSS","M","M","M","$","M","E"],"build_version":"2019-07-17","purchased_purges":2,"victory":false,"max_hp_per_floor":[70,70,70,70,70,70,70,70,70,70,70,70,70,70,70,70,70,70,70,70,70,70,70,70,70,70,70,70,70,70,70,70,70,70,70,70,70,70,70,70],"card_choices":[{"not_picked":["Dagger Throw","Caltrops"],"picked":"Catalyst","floor":1},{"not_picked":["Acrobatics","Prepared"],"picked":"Envenom","floor":3},{"not_picked":["Slice","Concentrate"],"picked":"Bouncing Flask","floor":5},{"not_picked":["Flying Knee","Accuracy"],"picked":"Endless Agony","floor":6},{"not_picked":["Dash","Heel Hook"],"picked":"Deadly Poison","floor":10},{"not_picked":["PiercingWail","Accuracy"],"picked":"Cloak And Dagger","floor":11},{"not_picked":["Cloak And Dagger","Malaise"],"picked":"Prepared","floor":13},{"not_picked":["Deadly Poison","Quick Slash"],"picked":"Bane","floor":14},{"not_picked":["Dagger Spray+1","Reflex","Terror"],"picked":"SKIP","floor":18},{"not_picked":["Backflip+1","Deadly Poison"],"picked":"Poisoned Stab+1","floor":20},{"not_picked":["PiercingWail","Flying Knee"],"picked":"Poisoned Stab","floor":21},{"not_picked":["Sucker Punch","Deadly Poison","Leg Sweep+1"],"picked":"SKIP","floor":24},{"not_picked":["Glass Knife","Finisher"],"picked":"Bouncing Flask","floor":27},{"not_picked":["Blade Dance","Poisoned Stab"],"picked":"PiercingWail+1","floor":29},{"not_picked":["Blade Dance","Distraction"],"picked":"Noxious Fumes","floor":31},{"not_picked":["Grand Finale","Envenom"],"picked":"Burst","floor":33},{"not_picked":["Poisoned Stab","Dagger Spray","Sucker Punch"],"picked":"SKIP","floor":35},{"not_picked":["Poisoned Stab+1","Dagger Throw"],"picked":"Distraction+1","floor":36},{"not_picked":["Accuracy+1","Deadly Poison+1"],"picked":"Finisher","floor":37},{"not_picked":["Quick Slash+1","Sucker Punch+1","Leg Sweep+1"],"picked":"SKIP","floor":39}],"player_experience":169152,"relics_obtained":[{"floor":6,"key":"Bottled Lightning"},{"floor":14,"key":"Potion Belt"},{"floor":26,"key":"Centennial Puzzle"},{"floor":29,"key":"Red Mask"}],"event_choices":[{"damage_healed":0,"gold_gain":0,"player_choice":"Upgraded","damage_taken":0,"max_hp_gain":0,"max_hp_loss":0,"event_name":"Upgrade Shrine","floor":2,"gold_loss":0,"cards_upgraded":["Catalyst"]},{"damage_healed":0,"gold_gain":0,"player_choice":"Ignored","damage_taken":0,"max_hp_gain":0,"max_hp_loss":0,"event_name":"Liars Game","floor":8,"gold_loss":0},{"damage_healed":0,"gold_gain":0,"cards_transformed":["Strike_G"],"player_choice":"Transformed","damage_taken":0,"max_hp_gain":0,"max_hp_loss":0,"event_name":"Transmorgrifier","floor":12,"gold_loss":0,"cards_obtained":["Leg Sweep"]},{"damage_healed":0,"gold_gain":0,"player_choice":"Ignored","damage_taken":0,"max_hp_gain":0,"max_hp_loss":0,"event_name":"The Mausoleum","floor":19,"gold_loss":0},{"damage_healed":0,"gold_gain":0,"player_choice":"Inject Mutagens","damage_taken":0,"relics_obtained":["MutagenicStrength"],"max_hp_gain":0,"max_hp_loss":0,"event_name":"Drug Dealer","floor":28,"gold_loss":0},{"damage_healed":0,"gold_gain":0,"player_choice":"Fought Bandits","damage_taken":0,"max_hp_gain":0,"max_hp_loss":0,"event_name":"Masked Bandits","floor":29,"gold_loss":0}],"is_beta":false,"boss_relics":[{"not_picked":["Lizard Tail","Ectoplasm"],"picked":"Empty Cage"},{"not_picked":["Snecko Eye","Fusion Hammer"],"picked":"Sozu"}],"items_purged_floors":[22,30],"is_endless":false,"potions_floor_spawned":[3,5,6,11,16,18,20,27,31,39],"killed_by":"Nemesis","ascension_level":1}