{"gold_per_floor":[114,125,8,19,29,29,44,74,123,134,14,26,26,40,40,139,139,124,137,237,75,85,85],"floor_reached":23,"playtime":1572,"items_purged":[],"score":197,"play_id":"25036a3a-4554-4fc4-ab6d-b9a7887c8ef9","local_time":"20190927212053","is_ascension_mode":false,"campfire_choices":[{"data":"Thunder Strike","floor":6,"key":"SMITH"},{"floor":13,"key":"REST"},{"floor":15,"key":"REST"}],"neow_cost":"NONE","seed_source_timestamp":82622256374700,"circlet_count":0,"master_deck":["Strike_B","Strike_B","Strike_B","Strike_B","Defend_B","Defend_B","Defend_B","Defend_B","Zap","Dualcast","BootSequence","Heatsinks","Sweeping Beam","Thunder Strike+1","Go for the Eyes","Cold Snap","Conserve Battery","Streamline","Conserve Battery","Redo","All For One","Ball Lightning","Genetic Algorithm","Sweeping Beam","Thunder Strike","Beam Cell+1","Tempest","Metamorphosis","FTL"],"relics":["Cracked Core","Vajra","Blood Vial","Black Star"],"potions_floor_usage":[16,22,22],"damage_taken":[{"damage":1,"enemies":"Cultist","floor":1,"turns":4},{"damage":3,"enemies":"Jaw Worm","floor":2,"turns":4},{"damage":5,"enemies":"Small Slimes","floor":4,"turns":4},{"damage":8,"enemies":"Looter","floor":5,"turns":4},{"damage":2,"enemies":"3 Louse","floor":7,"turns":3},{"damage":33,"enemies":"Gremlin Nob","floor":8,"turns":5},{"damage":7,"enemies":"Exordium Wildlife","floor":10,"turns":4},{"damage":2,"enemies":"Blue Slaver","floor":12,"turns":3},{"damage":8,"enemies":"2 Fungi Beasts","floor":14,"turns":3},{"damage":41,"enemies":"Slime Boss","floor":16,"turns":9},{"damage":10,"enemies":"2 Thieves","floor":18,"turns":4},{"damage":1,"enemies":"Shell Parasite","floor":19,"turns":4},{"damage":19,"enemies":"Snake Plant","floor":22,"turns":5},{"damage":56,"enemies":"Slavers","floor":23,"turns":5}],"seed_played":"9219323821305813143","potions_obtained":[{"floor":1,"key":"Fire Potion"},{"floor":8,"key":"GamblersBrew"},{"floor":10,"key":"Weak Potion"},{"floor":16,"key":"Swift Potion"},{"floor":22,"key":"Weak Potion"}],"is_trial":false,"path_per_floor":["M","M","$","M","M","R","M","E","T","M","$","M","R","M","R","B",null,"M","M","?","$","M","E"],"character_chosen":"DEFECT","items_purchased":["Thunder Strike","Go for the Eyes","All For One","Ball Lightning","Metamorphosis"],"campfire_rested":2,"item_purchase_floors":[3,3,11,11,21],"current_hp_per_floor":[74,71,71,66,58,58,56,23,23,18,18,18,40,34,56,17,75,65,66,66,66,49,0],"gold":85,"neow_bonus":"THREE_CARDS","is_prod":false,"is_daily":false,"chose_seed":false,"campfire_upgraded":1,"win_rate":0.0,"timestamp":1569612053,"path_taken":["M","M","$","M","M","R","M","E","T","M","$","M","R","?","R","BOSS","M","M","?","$","M","E"],"build_version":"2019-07-17","purchased_purges":0,"victory":false,"max_hp_per_floor":[75,75,75,75,75,75,75,75,75,75,75,75,75,75,75,75,75,75,75,75,75,75,75],"card_choices":[{"not_picked":["Streamline","Barrage"],"picked":"BootSequence","floor":0},{"not_picked":["Reinforced Body","Self Repair"],"picked":"Heatsinks","floor":1},{"not_picked":["Steam Power","Heatsinks"],"picked":"Sweeping Beam","floor":2},{"not_picked":["Barrage","Leap"],"picked":"Cold Snap","floor":4},{"not_picked":["Tempest","Steam"],"picked":"Conserve Battery","floor":5},{"not_picked":["Hologram","Skim"],"picked":"Streamline","floor":7},{"not_picked":["Sweeping Beam","Barrage"],"picked":"Conserve Battery","floor":8},{"not_picked":["Go for the Eyes","Compile Driver"],"picked":"Redo","floor":10},{"not_picked":["Beam Cell","Chaos"],"picked":"Genetic Algorithm","floor":12},{"not_picked":["Compile Driver","Leap"],"picked":"Sweeping Beam","floor":14},{"not_picked":["Electrodynamics","Biased Cognition"],"picked":"Thunder Strike","floor":16},{"not_picked":["Barrage+1","Compile Driver"],"picked":"Beam Cell+1","floor":18},{"not_picked":["Hologram","Reinforced Body"],"picked":"Tempest","floor":19},{"not_picked":["Steam+1","Auto Shields"],"picked":"FTL","floor":22}],"player_experience":3865,"relics_obtained":[{"floor":8,"key":"Vajra"},{"floor":9,"key":"Blood Vial"}],"event_choices":[{"damage_healed":0,"gold_gain":100,"player_choice":"Pray","damage_taken":0,"max_hp_gain":0,"max_hp_loss":0,"event_name":"Golden Shrine","floor":20,"gold_loss":0}],"is_beta":false,"boss_relics":[{"not_picked":["Snecko Eye","Runic Dome"],"picked":"Black Star"}],"items_purged_floors":[],"is_endless":false,"potions_floor_spawned":[1,8,10,14,16,22],"killed_by":"Slavers","ascension_level":0}