{"gold_per_floor":[118,134,149,160,170,203,219,219,265,340,373,383,16,43,43,145,145,155,155,168,188,26,26],"floor_reached":23,"playtime":1407,"items_purged":["Strike_B"],"score":301,"play_id":"5aa5a383-d6fa-4f7c-98dd-a6c31eec8e85","local_time":"20191013000444","is_ascension_mode":true,"campfire_choices":[{"data":"Auto Shields","floor":8,"key":"SMITH"},{"data":"Capacitor","floor":15,"key":"SMITH"}],"neow_cost":"NONE","seed_source_timestamp":0,"circlet_count":0,"master_deck":["Strike_B+1","Strike_B+1","Strike_B+1","Defend_B+1","Defend_B+1","Defend_B+1","Defend_B+1","Zap","Dualcast","Rebound","Barrage","Doom and Gloom","Auto Shields+1","Ball Lightning","Cold Snap","Sunder","FTL","Rip and Tear","Capacitor+1","Electrodynamics","Static Discharge","Thunder Strike","Creative AI","Sweeping Beam","Conserve Battery","White Noise"],"special_seed":0,"relics":["Cracked Core","NeowsBlessing","Meat on the Bone","Happy Flower","The Courier","Membership Card","Omamori","Matryoshka","Coffee Dripper","Bottled Lightning","Potion Belt"],"potions_floor_usage":[16],"damage_taken":[{"damage":0.0,"enemies":"Small Slimes","floor":1.0,"turns":1.0},{"damage":0.0,"enemies":"Jaw Worm","floor":2.0,"turns":1.0},{"damage":0.0,"enemies":"Cultist","floor":3.0,"turns":1.0},{"damage":6.0,"enemies":"Blue Slaver","floor":4.0,"turns":3.0},{"damage":4.0,"enemies":"Red Slaver","floor":5.0,"turns":4.0},{"damage":10.0,"enemies":"Lagavulin","floor":6.0,"turns":5.0},{"damage":7.0,"enemies":"Exordium Thugs","floor":7.0,"turns":4.0},{"damage":13,"enemies":"3 Sentries","floor":11,"turns":6},{"damage":11,"enemies":"Blue Slaver","floor":12,"turns":3},{"damage":10,"enemies":"Lagavulin","floor":14,"turns":5},{"damage":19,"enemies":"The Guardian","floor":16,"turns":7},{"damage":11,"enemies":"Spheric Guardian","floor":18,"turns":3},{"damage":22,"enemies":"2 Thieves","floor":20,"turns":2},{"damage":16,"enemies":"Snecko","floor":21,"turns":5},{"damage":41,"enemies":"Gremlin Leader","floor":23,"turns":4}],"seed_played":"-9110458082305837374","potions_obtained":[{"floor":2.0,"key":"Weak Potion"},{"floor":3.0,"key":"SteroidPotion"},{"floor":5.0,"key":"PowerPotion"},{"floor":11,"key":"FearPotion"}],"is_trial":false,"path_per_floor":["M","M","M","M","M","E","M","R","T","?","E","M","$","E","R","B",null,"M","?","M","M","$","E"],"character_chosen":"DEFECT","items_purchased":["Membership Card","Capacitor","Electrodynamics","Static Discharge","Omamori","Bottled Lightning","Potion Belt"],"campfire_rested":0,"item_purchase_floors":[13,13,13,13,13,22,22],"current_hp_per_floor":[68,68,68,62,58,48,41,41,41,30,29,30,30,32,32,25,63,52,52,42,38,38,0],"gold":26,"neow_bonus":"THREE_ENEMY_KILL","is_prod":false,"is_daily":false,"chose_seed":false,"campfire_upgraded":2,"win_rate":0,"timestamp":1570917884,"path_taken":["M","M","M","M","M","E","M","R","T","?","E","M","$","E","R","BOSS","M","?","M","M","$","E"],"build_version":"2019-07-17","purchased_purges":1,"victory":false,"max_hp_per_floor":[75,75,75,75,75,75,75,75,75,75,75,75,75,75,75,75,75,75,75,75,75,75,75],"card_choices":[{"not_picked":["Go for the Eyes","Recycle"],"picked":"Rebound","floor":1.0},{"not_picked":["Turbo","Steam Power"],"picked":"Barrage","floor":2.0},{"not_picked":["Storm","Coolheaded"],"picked":"Doom and Gloom","floor":3.0},{"not_picked":["Stack","Go for the Eyes"],"picked":"Auto Shields","floor":4.0},{"not_picked":["Storm","Coolheaded"],"picked":"Ball Lightning","floor":5.0},{"not_picked":["Steam","Heatsinks"],"picked":"Cold Snap","floor":6.0},{"not_picked":["Compile Driver","Ball Lightning"],"picked":"Sunder","floor":7},{"not_picked":["Aggregate","Sweeping Beam"],"picked":"FTL","floor":11},{"not_picked":["Barrage","Beam Cell"],"picked":"Rip and Tear","floor":12},{"not_picked":["Genetic Algorithm","Undo"],"picked":"Thunder Strike","floor":14},{"not_picked":["Reboot","Rainbow"],"picked":"Creative AI","floor":16},{"not_picked":["Chill","Gash"],"picked":"Sweeping Beam","floor":18},{"not_picked":["Cold Snap+1","Sweeping Beam"],"picked":"Conserve Battery","floor":20},{"not_picked":["Go for the Eyes","Chaos"],"picked":"White Noise","floor":21}],"player_experience":399207,"relics_obtained":[{"floor":6.0,"key":"Meat on the Bone"},{"floor":9,"key":"Happy Flower"},{"floor":11,"key":"The Courier"},{"floor":14,"key":"Matryoshka"}],"event_choices":[{"damage_healed":0,"gold_gain":75,"player_choice":"Gather Gold","damage_taken":11,"max_hp_gain":0,"max_hp_loss":0,"event_name":"World of Goop","floor":10,"gold_loss":0},{"damage_healed":0,"gold_gain":0,"player_choice":"Simplicity","damage_taken":0,"max_hp_gain":0,"max_hp_loss":0,"event_name":"Back to Basics","floor":19,"gold_loss":0,"cards_upgraded":["Strike_B","Strike_B","Strike_B","Defend_B","Defend_B","Defend_B","Defend_B"]}],"is_beta":false,"boss_relics":[{"not_picked":["FrozenCore","Ectoplasm"],"picked":"Coffee Dripper"}],"items_purged_floors":[13],"is_endless":false,"potions_floor_spawned":[2,3,5,11,12,14],"killed_by":"Gremlin Leader","ascension_level":8}