{"gold_per_floor":[116,133,145,156,331,331,363,363,363,378,411,425,440,470,470,470],"floor_reached":16,"playtime":806,"items_purged":[],"score":167,"play_id":"9270ae7c-3fee-449f-aedb-ebac7a92a28f","local_time":"20190508165529","is_ascension_mode":true,"campfire_choices":[{"floor":6,"key":"REST"},{"floor":15,"key":"REST"}],"neow_cost":"NONE","seed_source_timestamp":2399768511612389,"circlet_count":0,"master_deck":["Defend_G","Defend_G","Defend_G","Defend_G","Defend_G","Strike_G","Strike_G","Strike_G","Strike_G","Strike_G","Survivor","Neutralize","Backstab","Sucker Punch","Underhanded Strike","Deadly Poison","Doubt","Storm of Steel+1","Prepared","Slice","Poisoned Stab","Catalyst","Dagger Spray","Bane","Flechettes","Blur"],"relics":["Ring of the Snake","Prayer Wheel","FossilizedHelix","Blue Candle","Potion Belt"],"potions_floor_usage":[7,14],"damage_taken":[{"damage":5,"enemies":"Small Slimes","floor":1,"turns":5},{"damage":0,"enemies":"2 Louse","floor":2,"turns":4},{"damage":0,"enemies":"Cultist","floor":3,"turns":3},{"damage":27,"enemies":"Gremlin Gang","floor":4,"turns":7},{"damage":19,"enemies":"Gremlin Nob","floor":7,"turns":4},{"damage":0,"enemies":"Exordium Wildlife","floor":10,"turns":2},{"damage":7,"enemies":"Lagavulin","floor":11,"turns":5},{"damage":0,"enemies":"Looter","floor":12,"turns":2},{"damage":14,"enemies":"Exordium Thugs","floor":13,"turns":5},{"damage":15,"enemies":"Gremlin Nob","floor":14,"turns":4},{"damage":36,"enemies":"The Guardian","floor":16,"turns":11}],"seed_played":"-3179483297090602366","potions_obtained":[{"floor":3,"key":"EssenceOfSteel"},{"floor":4,"key":"Explosive Potion"},{"floor":10,"key":"Weak Potion"}],"is_trial":false,"path_per_floor":["M","M","M","M","?","R","E","?","T","M","E","M","M","E","R","B"],"character_chosen":"THE_SILENT","items_purchased":[],"campfire_rested":2,"item_purchase_floors":[],"current_hp_per_floor":[65,65,65,38,38,61,42,42,42,42,35,35,21,6,29,0],"gold":470,"neow_bonus":"TEN_PERCENT_HP_BONUS","is_prod":false,"is_daily":false,"chose_seed":false,"campfire_upgraded":0,"win_rate":0,"timestamp":1557323729,"path_taken":["M","M","M","M","?","R","E","?","T","?","E","M","?","E","R","BOSS"],"build_version":"2019-01-23","purchased_purges":0,"victory":false,"max_hp_per_floor":[77,77,77,77,77,77,77,77,77,77,77,77,77,77,77,77],"card_choices":[{"not_picked":["Deflect","Dagger Throw"],"picked":"Backstab","floor":1},{"not_picked":["Masterful Stab","Reflex"],"picked":"Sucker Punch","floor":2},{"not_picked":["Dagger Spray","Deflect"],"picked":"Underhanded Strike","floor":3},{"not_picked":["Dagger Throw","Footwork"],"picked":"Deadly Poison","floor":4},{"not_picked":["Deadly Poison","Backflip"],"picked":"Storm of Steel","floor":7},{"not_picked":["Dagger Spray","Cloak And Dagger"],"picked":"Prepared","floor":10},{"not_picked":["Quick Slash","PiercingWail"],"picked":"Slice","floor":10},{"not_picked":["Venomology","Acrobatics"],"picked":"Poisoned Stab","floor":11},{"not_picked":["Reflex","Heel Hook"],"picked":"Catalyst","floor":12},{"not_picked":["Masterful Stab","Deflect"],"picked":"Dagger Spray","floor":12},{"not_picked":["Slice","Poisoned Stab"],"picked":"Bane","floor":13},{"not_picked":["Backflip","Eviscerate"],"picked":"Flechettes","floor":13},{"not_picked":["Bane","Phantasmal Killer"],"picked":"Blur","floor":14}],"player_experience":320045,"relics_obtained":[{"floor":7,"key":"Prayer Wheel"},{"floor":9,"key":"FossilizedHelix"},{"floor":11,"key":"Blue Candle"},{"floor":14,"key":"Potion Belt"}],"event_choices":[{"damage_healed":0,"gold_gain":175,"player_choice":"AGREE","damage_taken":0,"max_hp_gain":0,"max_hp_loss":0,"event_name":"Liars Game","floor":5,"gold_loss":0,"cards_obtained":["Doubt"]},{"damage_healed":0,"gold_gain":0,"player_choice":"Forge","damage_taken":0,"max_hp_gain":0,"max_hp_loss":0,"event_name":"Accursed Blacksmith","floor":8,"gold_loss":0,"cards_upgraded":["Storm of Steel"]}],"is_beta":false,"boss_relics":[],"items_purged_floors":[],"is_endless":false,"potions_floor_spawned":[3,4,10],"killed_by":"The Guardian","ascension_level":7}