{"gold_per_floor":[213,230,250,350,370,397,397,428,428,398,428,428,446,93,93,196,196],"floor_reached":17,"playtime":964,"items_purged":[],"score":182,"play_id":"b6661e39-4460-4b5d-9e95-166709a0cb8e","local_time":"20191015105904","is_ascension_mode":true,"campfire_choices":[{"floor":7,"key":"REST"},{"floor":12,"key":"REST"},{"floor":15,"key":"REST"}],"neow_cost":"NONE","seed_source_timestamp":356915821431200,"circlet_count":0,"master_deck":["Strike_G","Strike_G","Strike_G","Strike_G","Strike_G","Defend_G","Defend_G","Defend_G","Defend_G","Defend_G","Survivor","Neutralize","Noxious Fumes","Heel Hook","Dagger Throw","Endless Agony","Prepared"],"relics":["Ring of the Snake","Strawberry","Gremlin Horn","Paper Crane","MealTicket","Boot"],"potions_floor_usage":[10,16],"damage_taken":[{"damage":0,"enemies":"Cultist","floor":1,"turns":3},{"damage":4,"enemies":"Small Slimes","floor":2,"turns":5},{"damage":9,"enemies":"Jaw Worm","floor":3,"turns":6},{"damage":1,"enemies":"Blue Slaver","floor":5,"turns":5},{"damage":52,"enemies":"Gremlin Nob","floor":6,"turns":6},{"damage":19,"enemies":"3 Sentries","floor":8,"turns":9},{"damage":1,"enemies":"Looter","floor":10,"turns":4},{"damage":3,"enemies":"Exordium Wildlife","floor":13,"turns":3},{"damage":34,"enemies":"Slime Boss","floor":16,"turns":13}],"seed_played":"-3010710611705829405","potions_obtained":[{"floor":1,"key":"Block Potion"},{"floor":2,"key":"GhostInAJar"},{"floor":6,"key":"Energy Potion"},{"floor":8,"key":"Poison Potion"},{"floor":16,"key":"Dexterity Potion"}],"is_trial":false,"path_per_floor":["M","M","M","?","M","E","R","E","T","M","?","R","M","$","R","B",null],"character_chosen":"THE_SILENT","items_purchased":["MealTicket","Boot"],"campfire_rested":3,"item_purchase_floors":[14,14],"current_hp_per_floor":[70,66,57,57,56,11,34,15,15,14,14,37,34,34,57,23,23],"gold":196,"neow_bonus":"HUNDRED_GOLD","is_prod":false,"is_daily":false,"chose_seed":false,"campfire_upgraded":0,"win_rate":0,"timestamp":1571129944,"path_taken":["M","M","M","?","M","E","R","E","T","?","?","R","M","$","R","BOSS"],"build_version":"2019-07-17","purchased_purges":0,"victory":false,"max_hp_per_floor":[70,70,70,70,70,77,77,77,77,77,77,77,77,77,77,77,77],"card_choices":[{"not_picked":["Cloak And Dagger","Dodge and Roll"],"picked":"Noxious Fumes","floor":1},{"not_picked":["PiercingWail","Terror"],"picked":"Heel Hook","floor":2},{"not_picked":["Poisoned Stab","Underhanded Strike"],"picked":"Dagger Throw","floor":3},{"not_picked":["Predator","Storm of Steel"],"picked":"Endless Agony","floor":5},{"not_picked":["Predator","Acrobatics","Bane"],"picked":"SKIP","floor":6},{"not_picked":["PiercingWail","Dagger Spray"],"picked":"Prepared","floor":8},{"not_picked":["Dagger Spray","Poisoned Stab","Outmaneuver"],"picked":"SKIP","floor":10},{"not_picked":["Poisoned Stab","Sucker Punch","Cloak And Dagger"],"picked":"SKIP","floor":13}],"player_experience":351806,"relics_obtained":[{"floor":6,"key":"Strawberry"},{"floor":8,"key":"Gremlin Horn"},{"floor":9,"key":"Paper Crane"}],"event_choices":[{"damage_healed":0,"gold_gain":100,"player_choice":"Gold","damage_taken":0,"max_hp_gain":0,"max_hp_loss":0,"event_name":"Wheel of Change","floor":4,"gold_loss":0},{"damage_healed":0,"gold_gain":30,"player_choice":"Searched \u00271\u0027 times","damage_taken":0,"max_hp_gain":0,"max_hp_loss":0,"event_name":"Dead Adventurer","floor":11,"gold_loss":0}],"is_beta":false,"boss_relics":[],"items_purged_floors":[],"is_endless":false,"potions_floor_spawned":[1,2,6,8,16],"ascension_level":2}