{"gold_per_floor":[113,124,139,139,139,173,173,198,253,172,172,190,190,200,200,305,305,325,292,292,302,321,321,521,521,521,210,220,220,250,260,260,359,359,374,394,247,266,266],"floor_reached":39,"playtime":4731,"items_purged":["Defend_G"],"score":480,"play_id":"1c5f7d1a-4c25-43d8-a9cf-311916604928","local_time":"20191006144352","is_ascension_mode":true,"campfire_choices":[{"floor":7,"key":"REST"},{"data":"Noxious Fumes","floor":11,"key":"SMITH"},{"data":"All Out Attack","floor":13,"key":"SMITH"},{"floor":15,"key":"REST"},{"data":"Footwork","floor":23,"key":"SMITH"},{"floor":25,"key":"REST"},{"data":"Catalyst","floor":29,"key":"SMITH"},{"floor":32,"key":"REST"}],"neow_cost":"NONE","seed_source_timestamp":100362816773500,"circlet_count":0,"master_deck":["Strike_G","Strike_G","Strike_G","Defend_G","Defend_G","Defend_G","Survivor","Neutralize","Bouncing Flask+1","Deadly Poison","Dash","All Out Attack+1","Noxious Fumes+1","Poisoned Stab","Burst","Terror+1","Dash+1","After Image+1","Footwork+1","Well Laid Plans","Backstab","Catalyst+1","Catalyst","Night Terror","Noxious Fumes+1","Bullet Time","Parasite","Bouncing Flask+1"],"relics":["Ring of the Snake","NeowsBlessing","Question Card","Lantern","PreservedInsect","Astrolabe","Sling","Frozen Egg 2","White Beast Statue"],"potions_floor_usage":[16,16,33,33,36,39,39,39],"damage_taken":[{"damage":0,"enemies":"Jaw Worm","floor":1,"turns":1},{"damage":0,"enemies":"Small Slimes","floor":2,"turns":1},{"damage":0,"enemies":"2 Louse","floor":3,"turns":1},{"damage":36,"enemies":"Lagavulin","floor":6,"turns":6},{"damage":6,"enemies":"Gremlin Nob","floor":8,"turns":4},{"damage":0,"enemies":"Lots of Slimes","floor":12,"turns":2},{"damage":5,"enemies":"2 Fungi Beasts","floor":14,"turns":3},{"damage":5,"enemies":"Slime Boss","floor":16,"turns":7},{"damage":16,"enemies":"Shell Parasite","floor":18,"turns":6},{"damage":0,"enemies":"Chosen","floor":21,"turns":3},{"damage":7,"enemies":"Centurion and Healer","floor":22,"turns":6},{"damage":7,"enemies":"Chosen and Byrds","floor":28,"turns":6},{"damage":8,"enemies":"Gremlin Leader","floor":30,"turns":3},{"damage":31,"enemies":"Cultist and Chosen","floor":31,"turns":5},{"damage":24,"enemies":"Champ","floor":33,"turns":7},{"damage":16,"enemies":"Orb Walker","floor":35,"turns":3},{"damage":5,"enemies":"3 Shapes","floor":36,"turns":6},{"damage":32,"enemies":"Writhing Mass","floor":38,"turns":5},{"damage":25,"enemies":"Jaw Worm Horde","floor":39,"turns":3}],"seed_played":"5993025079903371673","potions_obtained":[{"floor":1,"key":"Dexterity Potion"},{"floor":3,"key":"Strength Potion"},{"floor":8,"key":"Strength Potion"},{"floor":16,"key":"SpeedPotion"},{"floor":21,"key":"SkillPotion"},{"floor":31,"key":"Poison Potion"},{"floor":35,"key":"Explosive Potion"},{"floor":36,"key":"Strength Potion"},{"floor":38,"key":"SkillPotion"}],"is_trial":false,"path_per_floor":["M","M","M","?","?","E","R","E","T","$","R","M","R","M","R","B",null,"M","$","?","M","M","R","?","R","T","$","M","R","E","M","R","B",null,"M","M","$","M","M"],"character_chosen":"THE_SILENT","items_purchased":["Noxious Fumes","Footwork","Catalyst","Sling","Bullet Time"],"campfire_rested":4,"item_purchase_floors":[10,19,27,27,37],"current_hp_per_floor":[70,70,70,70,70,34,55,49,49,49,49,49,49,44,65,60,70,54,54,54,54,47,47,47,68,68,68,61,61,53,22,43,19,70,54,49,49,17,0],"gold":266,"neow_bonus":"THREE_ENEMY_KILL","is_prod":false,"is_daily":false,"chose_seed":false,"campfire_upgraded":4,"win_rate":0,"timestamp":1570365832,"path_taken":["M","M","M","?","?","E","R","E","T","$","R","M","R","M","R","BOSS","M","$","?","?","M","R","?","R","T","$","?","R","E","M","R","BOSS","M","M","$","M","M"],"build_version":"2019-07-17","purchased_purges":1,"victory":false,"max_hp_per_floor":[70,70,70,70,70,70,70,70,70,70,70,70,70,70,70,70,70,70,70,70,70,70,70,70,70,70,70,70,70,70,70,70,70,70,70,70,70,70,70],"card_choices":[{"not_picked":["Leg Sweep","PiercingWail","Reflex"],"picked":"SKIP","floor":1},{"not_picked":["Dodge and Roll","Sucker Punch"],"picked":"Bouncing Flask","floor":2},{"not_picked":["Concentrate","Underhanded Strike"],"picked":"Deadly Poison","floor":3},{"not_picked":["Underhanded Strike","Grand Finale"],"picked":"Dash","floor":6},{"not_picked":["Outmaneuver","Deadly Poison","Sucker Punch"],"picked":"All Out Attack","floor":8},{"not_picked":["Outmaneuver","Terror","Predator","Sucker Punch"],"picked":"SKIP","floor":12},{"not_picked":["Dash","Acrobatics","All Out Attack"],"picked":"Poisoned Stab","floor":14},{"not_picked":["Die Die Die","A Thousand Cuts","Unload"],"picked":"Burst","floor":16},{"not_picked":["Flechettes+1","Caltrops","Deadly Poison","Heel Hook+1"],"picked":"SKIP","floor":18},{"not_picked":["Sucker Punch+1","Flying Knee","Poisoned Stab"],"picked":"Well Laid Plans","floor":21},{"not_picked":["Backflip+1","Endless Agony","Expertise"],"picked":"Backstab","floor":22},{"not_picked":["Accuracy","PiercingWail","Quick Slash","Slice+1"],"picked":"SKIP","floor":28},{"not_picked":["Outmaneuver","Deadly Poison","Dagger Spray"],"picked":"Catalyst","floor":30},{"not_picked":["Terror","Prepared","All Out Attack+1","Quick Slash"],"picked":"SKIP","floor":31},{"not_picked":["After Image+1","A Thousand Cuts+1","Glass Knife"],"picked":"Night Terror","floor":33},{"not_picked":["Dodge and Roll","Quick Slash","Blade Dance+1","Reflex"],"picked":"SKIP","floor":35},{"not_picked":["Underhanded Strike+1","Calculated Gamble+1","A Thousand Cuts+1"],"picked":"Noxious Fumes+1","floor":36},{"not_picked":["Slice+1","Underhanded Strike","Escape Plan"],"picked":"Bouncing Flask+1","floor":38}],"player_experience":222531,"relics_obtained":[{"floor":6,"key":"Question Card"},{"floor":8,"key":"Lantern"},{"floor":9,"key":"PreservedInsect"},{"floor":30,"key":"Frozen Egg 2"}],"event_choices":[{"damage_healed":0,"gold_gain":0,"player_choice":"Ignored","damage_taken":0,"max_hp_gain":0,"max_hp_loss":0,"event_name":"Liars Game","floor":4,"gold_loss":0},{"damage_healed":0,"gold_gain":0,"player_choice":"Grow","damage_taken":0,"max_hp_gain":0,"max_hp_loss":0,"event_name":"Living Wall","floor":5,"gold_loss":0,"cards_upgraded":["Bouncing Flask"]},{"damage_healed":0,"gold_gain":0,"player_choice":"0 cards matched","damage_taken":0,"max_hp_gain":0,"max_hp_loss":0,"event_name":"Match and Keep!","floor":20,"gold_loss":0,"cards_obtained":[]},{"damage_healed":0,"gold_gain":200,"player_choice":"Gold","damage_taken":0,"max_hp_gain":0,"max_hp_loss":0,"event_name":"Wheel of Change","floor":24,"gold_loss":0}],"is_beta":false,"boss_relics":[{"not_picked":["Ectoplasm","Coffee Dripper"],"picked":"Astrolabe"},{"not_picked":["Cursed Key","Sozu"],"picked":"White Beast Statue"}],"items_purged_floors":[27],"is_endless":false,"potions_floor_spawned":[1,3,8,14,16,21,22,31,35,36,38],"killed_by":"Jaw Worm Horde","ascension_level":2}