{"gold_per_floor":[13,33,33,43,43,43,78,28,28,54,18,51,70,70],"floor_reached":14,"playtime":601,"items_purged":[],"score":119,"play_id":"a1cb32b6-424a-4155-8755-fe242e159e79","local_time":"20191006132454","is_ascension_mode":true,"campfire_choices":[{"data":"Survivor","floor":6,"key":"SMITH"}],"neow_cost":"NO_GOLD","seed_source_timestamp":99751773902500,"circlet_count":0,"master_deck":["Strike_G","Strike_G","Strike_G","Strike_G","Strike_G","Defend_G","Defend_G","Defend_G","Defend_G","Defend_G","Survivor+1","Neutralize","Poisoned Stab+1","Deadly Poison","Dodge and Roll","Dodge and Roll","Footwork+1","Blur"],"relics":["Ring of the Snake","Nunchaku","Frozen Egg 2","Singing Bowl","Sundial","Dream Catcher"],"potions_floor_usage":[10],"damage_taken":[{"damage":2,"enemies":"Small Slimes","floor":1,"turns":5},{"damage":2,"enemies":"Jaw Worm","floor":2,"turns":4},{"damage":0,"enemies":"Cultist","floor":4,"turns":3},{"damage":21,"enemies":"Lagavulin","floor":7,"turns":6},{"damage":24,"enemies":"3 Sentries","floor":10,"turns":11},{"damage":12,"enemies":"Gremlin Nob","floor":12,"turns":5},{"damage":9,"enemies":"Blue Slaver","floor":13,"turns":4},{"damage":0,"enemies":"Large Slime","floor":14,"turns":2}],"seed_played":"5958390251081140293","potions_obtained":[{"floor":4,"key":"Weak Potion"},{"floor":12,"key":"Block Potion"}],"is_trial":false,"path_per_floor":["M","M","?","M","?","R","E","?","T","E","$","E","M","M"],"character_chosen":"THE_SILENT","items_purchased":["Footwork+1"],"campfire_rested":0,"item_purchase_floors":[11],"current_hp_per_floor":[68,66,66,66,66,66,45,45,45,21,21,11,2,2],"gold":70,"neow_bonus":"ONE_RARE_RELIC","is_prod":false,"is_daily":false,"chose_seed":false,"campfire_upgraded":1,"win_rate":0,"timestamp":1570361094,"path_taken":["M","M","?","M","?","R","E","?","T","E","?","E","M","M"],"build_version":"2019-07-17","purchased_purges":0,"victory":false,"max_hp_per_floor":[70,70,70,70,70,70,70,70,70,70,70,72,72,72],"card_choices":[{"not_picked":["Slice","Underhanded Strike"],"picked":"Poisoned Stab","floor":1},{"not_picked":["Endless Agony","Slice"],"picked":"Deadly Poison","floor":2},{"not_picked":["Underhanded Strike","Infinite Blades","Dagger Spray"],"picked":"SKIP","floor":4},{"not_picked":["Blade Dance","Backflip"],"picked":"Dodge and Roll","floor":7},{"not_picked":["Blade Dance","Acrobatics"],"picked":"Dodge and Roll","floor":10},{"not_picked":["After Image+1","Eviscerate","Cloak And Dagger"],"picked":"Singing Bowl","floor":12},{"not_picked":["Leg Sweep","Backflip"],"picked":"Blur","floor":13}],"player_experience":221930,"relics_obtained":[{"floor":7,"key":"Frozen Egg 2"},{"floor":9,"key":"Singing Bowl"},{"floor":10,"key":"Sundial"},{"floor":12,"key":"Dream Catcher"}],"event_choices":[{"damage_healed":0,"gold_gain":0,"player_choice":"Grow","damage_taken":0,"max_hp_gain":0,"max_hp_loss":0,"event_name":"Living Wall","floor":3,"gold_loss":0,"cards_upgraded":["Poisoned Stab"]},{"damage_healed":0,"gold_gain":0,"player_choice":"Leave","damage_taken":0,"max_hp_gain":0,"max_hp_loss":0,"event_name":"The Cleric","floor":5,"gold_loss":0},{"damage_healed":0,"gold_gain":0,"player_choice":"Left Gold","damage_taken":0,"max_hp_gain":0,"max_hp_loss":0,"event_name":"World of Goop","floor":8,"gold_loss":50}],"is_beta":false,"boss_relics":[],"items_purged_floors":[],"is_endless":false,"potions_floor_spawned":[4,12],"killed_by":"Large Slime","ascension_level":2}