{"path_per_floor":["M","M","M","M","?","R","?","T","T","?","E","M","$","M","R","B",null,"M","?","M","?","?","M","R","M","T","$","M","R","M","M","R","B",null,"M","?","M","M","?","R","E","R","T","M","M","M","?","M","R"],"character_chosen":"THE_SILENT","items_purchased":["Infinite Blades","Regen Potion","Prepared","Regen Potion"],"gold_per_floor":[115,125,136,155,155,155,155,201,201,201,242,257,3,17,17,138,138,163,163,187,187,102,117,117,131,131,81,104,104,125,143,143,264,264,280,280,300,323,0,0,38,38,38,62,85,85,85,105,105],"floor_reached":50,"campfire_rested":6,"playtime":4730,"current_hp_per_floor":[68,66,59,46,46,46,46,46,46,46,42,29,29,28,53,20,84,76,76,75,75,82,67,67,38,38,38,23,50,44,17,44,32,91,47,47,31,28,28,55,25,52,52,41,24,5,27,33,60],"items_purged":["Injury"],"gold":105,"play_id":"cc7b3c89-c287-409e-82fc-d5a04d6dbbe1","is_prod":false,"is_daily":false,"is_ascension_mode":false,"campfire_upgraded":2,"path_taken":["M","M","?","M","?","R","?","?","T","?","E","?","$","M","R","BOSS","M","?","M","?","?","M","R","M","T","?","M","R","M","M","R","BOSS","M","?","M","M","?","R","E","R","T","M","M","M","?","M","R","BOSS"],"build_version":"2018-01-25-PROD3","purchased_purges":1,"victory":false,"master_deck":["Defend_G","Defend_G","Defend_G","Defend_G","Defend_G","Strike_G","Survivor","Neutralize","Envenom+1","Infinite Blades+1","Quick Slash","Flying Knee","Deflect","Envenom+1","Dash","Infinite Blades+1","Prepared","Backflip","After Image","PiercingWail+1","Envenom+1","Doppelganger+1","Terror+1","Flying Knee","Prepared+1","Infinite Blades","Dodge and Roll","Acrobatics","Leg Sweep","After Image","Heel Hook","Writhe","Neutralize","Finisher","Bane+1","Bane+1","Finisher","Backflip+1","Bane+1","Writhe","Backflip+1"],"max_hp_per_floor":[70,70,70,70,70,70,70,70,70,70,84,84,84,84,84,84,84,84,84,84,84,91,91,91,91,91,91,91,91,91,91,91,91,91,91,91,91,91,91,91,91,91,91,91,91,91,91,91,91],"relics":["Ring of the Snake","Orichalcum","Bronze Scales","Golden Idol","Mango","Astrolabe","Strawberry","Peace Pipe","Lizard Tail","Red Mask","Unceasing Top","Ginger"],"card_choices":[{"not_picked":["Deadly Poison","Dodge and Roll"],"picked":"Infinite Blades"},{"not_picked":["Flechettes","All Out Attack"],"picked":"Quick Slash"},{"not_picked":["Quick Slash","Endless Agony"],"picked":"Flying Knee"},{"not_picked":["Heel Hook","Dagger Throw"],"picked":"Deflect"},{"not_picked":["Blur","Outmaneuver"],"picked":"Envenom"},{"not_picked":["Quick Slash","Backstab"],"picked":"Dash"},{"not_picked":["Acrobatics","Slice"],"picked":"Backflip"},{"not_picked":["Night Terror","Corpse Explosion"],"picked":"After Image"},{"not_picked":["Deflect","Poisoned Stab"],"picked":"Terror"},{"not_picked":["Caltrops","Escape Plan"],"picked":"Flying Knee"},{"not_picked":["Dagger Throw","Deadly Poison"],"picked":"Prepared"},{"not_picked":["Bane","Slice"],"picked":"Infinite Blades"},{"not_picked":["Choke","Crippling Poison"],"picked":"Dodge and Roll"},{"not_picked":["Catalyst","Bouncing Flask"],"picked":"Acrobatics"},{"not_picked":["Endless Agony","Dagger Spray"],"picked":"Leg Sweep"},{"not_picked":["Tools of the Trade","Unload"],"picked":"After Image"},{"not_picked":["Bouncing Flask","PiercingWail"],"picked":"Heel Hook"},{"not_picked":["PiercingWail","Footwork"],"picked":"Bane"},{"not_picked":["Dagger Spray","Flying Knee"],"picked":"Bane"},{"not_picked":["Bullet Time","Flying Knee"],"picked":"Finisher"},{"not_picked":["Bouncing Flask","Dagger Throw"],"picked":"Backflip"},{"not_picked":["Deflect","Quick Slash"],"picked":"Bane"},{"not_picked":["Dodge and Roll","Blur"],"picked":"Backflip"}],"player_experience":23298,"potions_floor_usage":[23,48],"damage_taken":[{"damage":2,"enemies":"Blue Slaver","floor":1,"turns":7},{"damage":2,"enemies":"Cultist","floor":2,"turns":5},{"damage":7,"enemies":"Small Slimes","floor":3,"turns":3},{"damage":13,"enemies":"2 Fungi Beasts","floor":4,"turns":4},{"damage":18,"enemies":"Gremlin Nob","floor":11,"turns":4},{"damage":13,"enemies":"Lots of Slimes","floor":12,"turns":3},{"damage":1,"enemies":"Looter","floor":14,"turns":3},{"damage":33,"enemies":"The Guardian","floor":16,"turns":11},{"damage":8,"enemies":"3 Byrds","floor":18,"turns":3},{"damage":1,"enemies":"Shell Parasite","floor":20,"turns":6},{"damage":24,"enemies":"3 Cultists","floor":23,"turns":6},{"damage":29,"enemies":"Centurion and Healer","floor":25,"turns":5},{"damage":15,"enemies":"Snake Plant","floor":28,"turns":5},{"damage":6,"enemies":"3 Cultists","floor":30,"turns":6},{"damage":27,"enemies":"Centurion and Healer","floor":31,"turns":6},{"damage":12,"enemies":"Collector","floor":33,"turns":10},{"damage":44,"enemies":"3 Shapes","floor":35,"turns":6},{"damage":16,"enemies":"3 Darklings","floor":37,"turns":7},{"damage":3,"enemies":"Maw","floor":38,"turns":7},{"damage":30,"enemies":"Nemesis","floor":41,"turns":7},{"damage":61,"enemies":"Sphere and 2 Shapes","floor":44,"turns":6},{"damage":17,"enemies":"4 Shapes","floor":45,"turns":7},{"damage":19,"enemies":"3 Darklings","floor":46,"turns":6},{"damage":9,"enemies":"Maw","floor":48,"turns":7},{"damage":72,"enemies":"Awakened One","floor":50,"turns":5}],"event_choices":[{"event_name":"Living Wall","player_choice":"Grow","floor":5,"damage_taken":0},{"event_name":"Purifier","player_choice":"One Purge","floor":7,"damage_taken":0},{"event_name":"Golden Idol","player_choice":"Take Wound","floor":10,"damage_taken":0},{"event_name":"Accursed Blacksmith","player_choice":"Forge","floor":19,"damage_taken":0},{"event_name":"Beggar","player_choice":"Ignored","floor":21,"damage_taken":0},{"event_name":"Addict","player_choice":"Obtained Relic","floor":22,"damage_taken":0},{"event_name":"Match and Keep!","player_choice":"3 cards matched","floor":36,"damage_taken":0},{"event_name":"Tomb of Lord Red Mask","player_choice":"Paid","floor":39,"damage_taken":0},{"event_name":"Winding Halls","player_choice":"Writhe","floor":47,"damage_taken":0}],"boss_relics":[{"not_picked":["Tiny House","Black Star"],"picked":"Astrolabe"},{"not_picked":["White Beast Statue","Eternal Feather"],"picked":"Lizard Tail"}],"potions_floor_spawned":[2,12,14,18,28,30,31,37,44,48],"seed_played":"7556859318017304608","killed_by":"Awakened One","ascension_level":0,"is_trial":false}