{"gold_per_floor":[215,70,80,97,108,108,121,121,121,121,153,153,119,132,132,233,233,252,270,270,289,299,299,316,316],"floor_reached":25,"playtime":1511,"items_purged":["Strike_G"],"score":207,"play_id":"79ae5e57-658d-4e32-a623-d4f46605f668","local_time":"20190930140207","is_ascension_mode":false,"campfire_choices":[{"data":"Accuracy","floor":6,"key":"SMITH"},{"data":"Deflect","floor":10,"key":"SMITH"},{"floor":15,"key":"REST"},{"floor":23,"key":"REST"}],"neow_cost":"NONE","seed_source_timestamp":315565093024500,"circlet_count":0,"master_deck":["Strike_G","Strike_G+1","Strike_G","Strike_G","Defend_G","Defend_G","Defend_G","Defend_G","Defend_G","Survivor","Neutralize+1","Backflip","Poisoned Stab","Blade Dance+1","Deflect+1","Accuracy+1","Bouncing Flask","Infinite Blades","Accuracy","A Thousand Cuts","Escape Plan","Poisoned Stab+1","Predator+1","Accuracy"],"relics":["Ring of the Snake","Letter Opener","Darkstone Periapt","Lizard Tail"],"potions_floor_usage":[16,19,22],"damage_taken":[{"damage":1,"enemies":"Jaw Worm","floor":1,"turns":6},{"damage":0,"enemies":"2 Louse","floor":3,"turns":3},{"damage":1,"enemies":"Cultist","floor":4,"turns":3},{"damage":0,"enemies":"Looter","floor":5,"turns":4},{"damage":7,"enemies":"Large Slime","floor":7,"turns":7},{"damage":6,"enemies":"Gremlin Nob","floor":11,"turns":4},{"damage":0,"enemies":"2 Fungi Beasts","floor":14,"turns":3},{"damage":7,"enemies":"Hexaghost","floor":16,"turns":8},{"damage":17,"enemies":"Spheric Guardian","floor":18,"turns":4},{"damage":10,"enemies":"3 Byrds","floor":19,"turns":5},{"damage":27,"enemies":"Snake Plant","floor":21,"turns":5},{"damage":17,"enemies":"3 Cultists","floor":22,"turns":5},{"damage":32,"enemies":"Centurion and Healer","floor":24,"turns":6},{"damage":33,"enemies":"Sentry and Sphere","floor":25,"turns":3}],"seed_played":"8133533665590038446","potions_obtained":[{"floor":1,"key":"Block Potion"},{"floor":5,"key":"Weak Potion"},{"floor":16,"key":"EssenceOfSteel"},{"floor":19,"key":"Fire Potion"},{"floor":22,"key":"Strength Potion"}],"is_trial":false,"path_per_floor":["M","$","M","M","M","R","M","?","T","R","E","?","$","M","R","B",null,"M","M","?","M","M","R","M","M"],"character_chosen":"THE_SILENT","items_purchased":["Poisoned Stab","Blade Dance","Infinite Blades"],"campfire_rested":2,"item_purchase_floors":[2,2,13],"current_hp_per_floor":[69,69,69,68,68,68,61,61,61,61,55,41,41,41,62,55,70,53,43,43,16,35,56,24,0],"gold":316,"neow_bonus":"HUNDRED_GOLD","is_prod":false,"is_daily":false,"chose_seed":false,"campfire_upgraded":2,"win_rate":0.0,"timestamp":1569844927,"path_taken":["M","$","M","M","M","R","M","?","T","R","E","?","$","M","R","BOSS","M","M","?","M","M","R","M","M"],"build_version":"2019-07-17","purchased_purges":1,"victory":false,"max_hp_per_floor":[70,70,70,70,70,70,70,70,70,70,70,70,70,70,70,70,70,70,70,70,70,70,70,70,70],"card_choices":[{"not_picked":["Slice","Sucker Punch"],"picked":"Backflip","floor":1},{"not_picked":["Flying Knee","Distraction"],"picked":"Deflect","floor":3},{"not_picked":["Bouncing Flask","Footwork"],"picked":"Accuracy","floor":4},{"not_picked":["Predator","Flying Knee","Dash"],"picked":"SKIP","floor":5},{"not_picked":["Dodge and Roll","Crippling Poison","Outmaneuver"],"picked":"SKIP","floor":7},{"not_picked":["Reflex","Crippling Poison"],"picked":"Bouncing Flask","floor":11},{"not_picked":["Choke","Well Laid Plans"],"picked":"Accuracy","floor":14},{"not_picked":["Unload","Venomology"],"picked":"A Thousand Cuts","floor":16},{"not_picked":["Outmaneuver","PiercingWail+1","Calculated Gamble"],"picked":"SKIP","floor":18},{"not_picked":["Terror+1","Calculated Gamble"],"picked":"Escape Plan","floor":19},{"not_picked":["Quick Slash","Flying Knee"],"picked":"Poisoned Stab+1","floor":21},{"not_picked":["Acrobatics","Quick Slash"],"picked":"Predator+1","floor":22},{"not_picked":["Crippling Poison+1","Bane"],"picked":"Accuracy","floor":24}],"player_experience":87820,"relics_obtained":[{"floor":9,"key":"Letter Opener"},{"floor":11,"key":"Darkstone Periapt"}],"event_choices":[{"damage_healed":0,"gold_gain":0,"player_choice":"Grow","damage_taken":0,"max_hp_gain":0,"max_hp_loss":0,"event_name":"Living Wall","floor":8,"gold_loss":0,"cards_upgraded":["Blade Dance"]},{"damage_healed":0,"gold_gain":0,"player_choice":"Entered Light","damage_taken":14,"max_hp_gain":0,"max_hp_loss":0,"event_name":"Shining Light","floor":12,"gold_loss":0,"cards_upgraded":["Strike_G","Neutralize"]},{"damage_healed":0,"gold_gain":0,"player_choice":"Leave","damage_taken":0,"max_hp_gain":0,"max_hp_loss":0,"event_name":"FaceTrader","floor":20,"gold_loss":0}],"is_beta":false,"boss_relics":[{"not_picked":["Fusion Hammer","Runic Dome"],"picked":"Lizard Tail"}],"items_purged_floors":[2],"is_endless":false,"potions_floor_spawned":[1,5,16,19,22],"killed_by":"Sentry and Sphere","ascension_level":0}