{"gold_per_floor":[144,189,234,52,97,272,281,326,351,363,375,477,489,546,558,870,882,909,3,3,48,93,93,138,183,183,183,183,228,273,363,363,663,663,708,753,753,798,843,843,843],"floor_reached":41,"playtime":2013,"items_purged":["Doubt"],"score":569,"play_id":"f67dd87f-91a9-46b3-8cda-377777b3ff36","local_time":"20190903165255","daily_mods":["Specialized","Uncertain Future","Midas"],"is_ascension_mode":false,"campfire_choices":[{"floor":10,"key":"REST"},{"floor":13,"key":"REST"},{"floor":15,"key":"REST"},{"floor":23,"key":"REST"},{"floor":28,"key":"REST"},{"floor":32,"key":"REST"},{"floor":40,"key":"REST"}],"neow_cost":"","seed_source_timestamp":0,"circlet_count":0,"master_deck":["Strike_R","Strike_R","Strike_R","Strike_R","Strike_R","Defend_R","Defend_R","Defend_R","Defend_R","Bash","Hemokinesis","Hemokinesis","Hemokinesis","Hemokinesis","Hemokinesis","Heavy Blade","Rupture","Shrug It Off","Flex","Perfected Strike","Purity","Burning Pact","Inflame","Bloodletting","Iron Wave","Feed","Wild Strike+1","Whirlwind","Armaments","Necronomicurse","Seeing Red","Combust","Heavy Blade","Sentinel+1","Berserk","Sword Boomerang+1","Madness","Iron Wave+1"],"special_seed":18142,"relics":["Black Blood","Odd Mushroom","MawBank","Bottled Lightning","The Courier","Lantern","Pear","Happy Flower","Meat on the Bone","Boot","Necronomicon","Blue Candle","Pantograph","Velvet Choker"],"potions_floor_usage":[12,16,16,29,30,33,33,38,41],"damage_taken":[{"damage":6,"enemies":"Small Slimes","floor":1,"turns":2},{"damage":10,"enemies":"2 Louse","floor":2,"turns":3},{"damage":4,"enemies":"Jaw Worm","floor":3,"turns":3},{"damage":12,"enemies":"Exordium Wildlife","floor":5,"turns":3},{"damage":48,"enemies":"The Mushroom Lair","floor":7,"turns":6},{"damage":5,"enemies":"3 Louse","floor":8,"turns":5},{"damage":43,"enemies":"Lagavulin","floor":12,"turns":5},{"damage":17,"enemies":"Lots of Slimes","floor":14,"turns":5},{"damage":15,"enemies":"Slime Boss","floor":16,"turns":5},{"damage":37,"enemies":"2 Thieves","floor":18,"turns":4},{"damage":10,"enemies":"3 Byrds","floor":21,"turns":5},{"damage":26,"enemies":"Centurion and Healer","floor":22,"turns":5},{"damage":0,"enemies":"Snecko","floor":24,"turns":2},{"damage":22,"enemies":"Chosen and Byrds","floor":25,"turns":5},{"damage":14,"enemies":"Centurion and Healer","floor":29,"turns":3},{"damage":24,"enemies":"Snecko","floor":30,"turns":4},{"damage":47,"enemies":"Book of Stabbing","floor":31,"turns":4},{"damage":66,"enemies":"Champ","floor":33,"turns":5},{"damage":32,"enemies":"3 Shapes","floor":35,"turns":3},{"damage":15,"enemies":"Orb Walker","floor":36,"turns":2},{"damage":8,"enemies":"Transient","floor":38,"turns":5},{"damage":37,"enemies":"Sphere and 2 Shapes","floor":39,"turns":5},{"damage":102,"enemies":"Nemesis","floor":41,"turns":6}],"seed_played":"3648438173103330956","potions_obtained":[{"floor":1,"key":"Explosive Potion"},{"floor":3,"key":"Ancient Potion"},{"floor":7,"key":"Swift Potion"},{"floor":14,"key":"PowerPotion"},{"floor":18,"key":"AttackPotion"},{"floor":24,"key":"PowerPotion"},{"floor":30,"key":"LiquidBronze"},{"floor":35,"key":"Dexterity Potion"},{"floor":36,"key":"AttackPotion"}],"is_trial":false,"path_per_floor":["M","M","M","$","M","?","?","M","T","R","T","E","R","M","R","B",null,"M","$","?","M","M","R","M","M","T","?","R","M","M","E","R","B",null,"M","M","?","M","M","R","E"],"character_chosen":"IRONCLAD","items_purchased":["Flex","Perfected Strike","Purity","Lantern","Pear","Happy Flower","Meat on the Bone","Boot","Whirlwind","Armaments"],"campfire_rested":7,"item_purchase_floors":[4,4,4,19,19,19,19,19,19,19],"current_hp_per_floor":[80,76,78,78,72,72,30,31,31,55,55,18,42,31,55,46,80,53,63,47,62,61,89,96,84,84,96,96,92,78,53,81,52,96,74,69,69,71,56,84,0],"gold":843,"neow_bonus":"","is_prod":false,"is_daily":true,"chose_seed":false,"campfire_upgraded":0,"win_rate":0,"timestamp":1567543975,"path_taken":["M","M","M","$","M","?","?","M","T","R","?","E","R","M","R","BOSS","M","$","?","M","M","R","M","M","T","?","R","?","M","E","R","BOSS","M","M","?","M","M","R","E"],"build_version":"2019-07-17","purchased_purges":1,"victory":false,"max_hp_per_floor":[80,80,80,80,80,80,80,80,80,80,80,80,80,80,80,80,80,80,90,90,93,96,96,96,96,96,96,96,96,96,96,96,96,96,96,96,96,96,96,96,96],"card_choices":[{"not_picked":["Havoc","Rampage"],"picked":"Heavy Blade","floor":1},{"not_picked":["Anger","Cleave"],"picked":"Rupture","floor":2},{"not_picked":["Body Slam","Cleave"],"picked":"Shrug It Off","floor":3},{"not_picked":["Sword Boomerang","Dual Wield","Armaments"],"picked":"SKIP","floor":5},{"not_picked":["Bloodletting","Second Wind"],"picked":"Burning Pact","floor":7},{"not_picked":["Burning Pact","Rage"],"picked":"Inflame","floor":8},{"not_picked":["Iron Wave","Power Through"],"picked":"Bloodletting","floor":12},{"not_picked":["Shrug It Off","Armaments"],"picked":"Iron Wave","floor":14},{"not_picked":["Barricade","Offering"],"picked":"Feed","floor":16},{"not_picked":["Anger","Perfected Strike"],"picked":"Wild Strike+1","floor":18},{"not_picked":["Perfected Strike","Twin Strike+1"],"picked":"Seeing Red","floor":21},{"not_picked":["Body Slam","Headbutt","Bloodletting"],"picked":"SKIP","floor":22},{"not_picked":["Body Slam","Second Wind","Iron Wave"],"picked":"SKIP","floor":24},{"not_picked":["Clothesline","Body Slam"],"picked":"Combust","floor":25},{"not_picked":["Reckless Charge","Armaments"],"picked":"Heavy Blade","floor":29},{"not_picked":["Bloodletting","Shockwave","Wild Strike"],"picked":"SKIP","floor":30},{"not_picked":["Dropkick","Iron Wave"],"picked":"Sentinel+1","floor":31},{"not_picked":["Demon Form","Offering"],"picked":"Berserk","floor":33},{"not_picked":["Dropkick","Sentinel","Shrug It Off"],"picked":"SKIP","floor":35},{"not_picked":["Headbutt+1","Carnage+1"],"picked":"Sword Boomerang+1","floor":36},{"not_picked":["Bandage Up","HandOfGreed"],"picked":"Madness","floor":37},{"not_picked":["Headbutt+1","Carnage"],"picked":"Iron Wave+1","floor":38},{"not_picked":["Intimidate","Body Slam+1","Uppercut"],"picked":"SKIP","floor":39}],"player_experience":215346,"relics_obtained":[{"floor":7,"key":"Odd Mushroom"},{"floor":9,"key":"MawBank"},{"floor":11,"key":"Bottled Lightning"},{"floor":12,"key":"The Courier"},{"floor":20,"key":"Necronomicon"},{"floor":26,"key":"Blue Candle"},{"floor":31,"key":"Pantograph"}],"event_choices":[{"damage_healed":0,"gold_gain":175,"player_choice":"AGREE","damage_taken":0,"max_hp_gain":0,"max_hp_loss":0,"event_name":"Liars Game","floor":6,"gold_loss":0,"cards_obtained":["Doubt"]},{"damage_healed":0,"gold_gain":0,"player_choice":"Fought Mushrooms","damage_taken":0,"max_hp_gain":0,"max_hp_loss":0,"event_name":"Mushrooms","floor":7,"gold_loss":0},{"damage_healed":0,"gold_gain":0,"player_choice":"Obtained Book","damage_taken":16,"max_hp_gain":0,"max_hp_loss":0,"event_name":"Cursed Tome","floor":20,"gold_loss":0},{"damage_healed":12,"gold_gain":0,"player_choice":"Full Heal","damage_taken":0,"max_hp_gain":0,"max_hp_loss":0,"event_name":"Wheel of Change","floor":27,"gold_loss":0},{"damage_healed":0,"gold_gain":0,"player_choice":"Memory 1","damage_taken":0,"max_hp_gain":0,"max_hp_loss":0,"event_name":"SensoryStone","floor":37,"gold_loss":0}],"is_beta":false,"boss_relics":[{"not_picked":["Snecko Eye","Calling Bell"],"picked":"Black Blood"},{"not_picked":["Orrery","Lizard Tail"],"picked":"Velvet Choker"}],"items_purged_floors":[19],"is_endless":false,"potions_floor_spawned":[1,3,7,14,18,24,30,35,36],"killed_by":"Nemesis","ascension_level":0}