{"gold_per_floor":[114,134,82,92,108,141,161,161,161,161,161,174,208,208,208,331,331,355,49,49,49,63,63,63,39,66,66,85,85,85],"floor_reached":30,"playtime":1086,"items_purged":[],"score":288,"play_id":"78098873-1420-4ba6-a8a5-903e000ed719","local_time":"20191002130406","is_ascension_mode":false,"campfire_choices":[{"data":"Dualcast","floor":11,"key":"SMITH"},{"floor":15,"key":"REST"},{"data":"Strike_B","floor":23,"key":"PURGE"},{"data":"Defend_B","floor":27,"key":"PURGE"},{"floor":29,"key":"REST"}],"neow_cost":"NONE","seed_source_timestamp":485310467411000,"circlet_count":0,"master_deck":["Strike_B","Strike_B","Strike_B","Defend_B","Defend_B","Defend_B","Zap+1","Dualcast+1","Scrape","Gash+1","Streamline","Seek","Scrape","Beam Cell","Echo Form","Hologram","Streamline","Hologram","Rebound","Rebound"],"relics":["Cracked Core","NeowsBlessing","Shuriken","Bag of Preparation","PreservedInsect","Golden Idol","Orrery","Peace Pipe","Kunai","Oddly Smooth Stone"],"potions_floor_usage":[6,13,18,30],"damage_taken":[{"damage":0,"enemies":"2 Louse","floor":1,"turns":1},{"damage":0,"enemies":"Small Slimes","floor":2,"turns":1},{"damage":0,"enemies":"Jaw Worm","floor":4,"turns":1},{"damage":8,"enemies":"Exordium Wildlife","floor":5,"turns":6},{"damage":11,"enemies":"Lagavulin","floor":6,"turns":5},{"damage":1,"enemies":"2 Fungi Beasts","floor":7,"turns":3},{"damage":0,"enemies":"Large Slime","floor":12,"turns":3},{"damage":4,"enemies":"3 Sentries","floor":13,"turns":5},{"damage":0,"enemies":"Slime Boss","floor":16,"turns":5},{"damage":24,"enemies":"3 Byrds","floor":18,"turns":4},{"damage":10,"enemies":"Spheric Guardian","floor":22,"turns":3},{"damage":33,"enemies":"Snecko","floor":28,"turns":5},{"damage":33,"enemies":"Shelled Parasite and Fungi","floor":30,"turns":3}],"seed_played":"-5726743087677805620","potions_obtained":[{"floor":1,"key":"SkillPotion"},{"floor":6,"key":"SkillPotion"},{"floor":12,"key":"FocusPotion"},{"floor":13,"key":"SpeedPotion"},{"floor":16,"key":"EssenceOfSteel"},{"floor":28,"key":"Ancient Potion"}],"is_trial":false,"path_per_floor":["M","M","$","M","M","E","M","?","T","?","R","M","E","?","R","B",null,"M","$","?","$","M","R","T","$","T","R","M","R","M"],"character_chosen":"DEFECT","items_purchased":["Gash","Peace Pipe","Rebound"],"campfire_rested":2,"item_purchase_floors":[3,19,25],"current_hp_per_floor":[75,75,75,75,67,56,55,60,60,44,44,44,40,40,62,62,74,50,50,50,50,40,40,40,40,40,40,7,29,0],"gold":85,"neow_bonus":"THREE_ENEMY_KILL","is_prod":false,"is_daily":false,"chose_seed":false,"campfire_upgraded":1,"win_rate":0.0,"timestamp":1570014246,"path_taken":["M","M","$","M","M","E","M","?","T","?","R","M","E","?","R","BOSS","M","$","?","$","M","R","?","$","T","R","M","R","M"],"build_version":"2019-07-17","purchased_purges":0,"victory":false,"max_hp_per_floor":[75,75,75,75,75,75,75,80,80,80,80,80,80,74,74,74,74,74,74,74,74,74,74,74,74,74,74,74,74,74],"card_choices":[{"not_picked":["Tempest","Defragment"],"picked":"Scrape","floor":1},{"not_picked":["Recycle","Chaos","Turbo"],"picked":"SKIP","floor":2},{"not_picked":["Double Energy","Redo"],"picked":"Streamline","floor":4},{"not_picked":["Barrage","Coolheaded","Steam"],"picked":"SKIP","floor":5},{"not_picked":["Barrage","Streamline"],"picked":"Seek","floor":6},{"not_picked":["Consume","Sunder"],"picked":"Scrape","floor":7},{"not_picked":["Stack","Turbo","Steam"],"picked":"SKIP","floor":12},{"not_picked":["Tempest","Barrage"],"picked":"Beam Cell","floor":13},{"not_picked":["Meteor Strike","Core Surge"],"picked":"Echo Form","floor":16},{"not_picked":["Leap","Cold Snap"],"picked":"Hologram","floor":17},{"not_picked":["Self Repair","Scrape"],"picked":"Streamline","floor":17},{"not_picked":["Sweeping Beam","Melter","Leap"],"picked":"SKIP","floor":18},{"not_picked":["Capacitor","Redo+1"],"picked":"Hologram","floor":22},{"not_picked":["Buffer","Capacitor"],"picked":"Rebound","floor":28}],"player_experience":130258,"relics_obtained":[{"floor":6,"key":"Shuriken"},{"floor":9,"key":"Bag of Preparation"},{"floor":13,"key":"PreservedInsect"},{"floor":24,"key":"Kunai"},{"floor":26,"key":"Oddly Smooth Stone"}],"event_choices":[{"damage_healed":0,"gold_gain":0,"player_choice":"Donut","damage_taken":0,"max_hp_gain":5,"max_hp_loss":0,"event_name":"Big Fish","floor":8,"gold_loss":0},{"damage_healed":0,"gold_gain":0,"player_choice":"Entered Light","damage_taken":16,"max_hp_gain":0,"max_hp_loss":0,"event_name":"Shining Light","floor":10,"gold_loss":0,"cards_upgraded":["Gash","Zap"]},{"damage_healed":0,"gold_gain":0,"player_choice":"Lose Max HP","damage_taken":0,"relics_obtained":["Golden Idol"],"max_hp_gain":0,"max_hp_loss":6,"event_name":"Golden Idol","floor":14,"gold_loss":0},{"damage_healed":0,"gold_gain":0,"player_choice":"Ignored","damage_taken":0,"max_hp_gain":0,"max_hp_loss":0,"event_name":"Vampires","floor":20,"gold_loss":0}],"is_beta":false,"boss_relics":[{"not_picked":["Velvet Choker","Calling Bell"],"picked":"Orrery"}],"items_purged_floors":[],"is_endless":false,"potions_floor_spawned":[1,6,12,13,16,28],"killed_by":"Shelled Parasite and Fungi","ascension_level":0}