{"gold_per_floor":[216,216,230,241,253,281,293,293,293,293,293,309,8,21,21,21],"floor_reached":16,"playtime":509,"items_purged":[],"score":125,"play_id":"f317953a-f0fe-4590-b7d3-764aa8ebd32a","local_time":"20191017113648","is_ascension_mode":true,"campfire_choices":[{"floor":10,"key":"REST"},{"floor":15,"key":"REST"}],"neow_cost":"NONE","seed_source_timestamp":532437065709300,"circlet_count":0,"master_deck":["Strike_B","Strike_B","Strike_B","Strike_B","Defend_B","Defend_B","Defend_B","Defend_B","Zap","Dualcast","Force Field+1","Hello World","Cold Snap","BootSequence","Thunder Strike","Fusion","Static Discharge","Doom and Gloom","Hello World"],"relics":["Cracked Core","Girya","Golden Idol","Gambling Chip","Runic Capacitor"],"potions_floor_usage":[14],"damage_taken":[{"damage":4,"enemies":"2 Louse","floor":1,"turns":2},{"damage":0,"enemies":"Cultist","floor":3,"turns":4},{"damage":2,"enemies":"Small Slimes","floor":4,"turns":3},{"damage":14,"enemies":"3 Louse","floor":5,"turns":4},{"damage":43,"enemies":"Lagavulin","floor":6,"turns":7},{"damage":5,"enemies":"Blue Slaver","floor":7,"turns":4},{"damage":8,"enemies":"Gremlin Gang","floor":12,"turns":6},{"damage":5,"enemies":"Lots of Slimes","floor":14,"turns":2},{"damage":34,"enemies":"The Guardian","floor":16,"turns":2}],"seed_played":"-2096945971715809205","potions_obtained":[{"floor":1,"key":"SteroidPotion"},{"floor":7,"key":"Dexterity Potion"},{"floor":12,"key":"FocusPotion"}],"is_trial":false,"path_per_floor":["M","?","M","M","M","E","M","?","T","R","?","M","$","M","R","B"],"character_chosen":"DEFECT","items_purchased":["Runic Capacitor","Static Discharge","Doom and Gloom"],"campfire_rested":2,"item_purchase_floors":[13,13,13],"current_hp_per_floor":[71,71,71,69,55,12,7,7,7,27,15,7,7,2,22,0],"gold":21,"neow_bonus":"HUNDRED_GOLD","is_prod":false,"is_daily":false,"chose_seed":false,"campfire_upgraded":0,"win_rate":0,"timestamp":1571305008,"path_taken":["M","?","?","M","M","E","M","?","T","R","?","M","$","M","R","BOSS"],"build_version":"2019-07-17","purchased_purges":0,"victory":false,"max_hp_per_floor":[75,75,75,75,75,75,75,69,69,69,69,69,69,69,69,69],"card_choices":[{"not_picked":["Hologram","Gash"],"picked":"Force Field","floor":1},{"not_picked":["Steam Power","Fusion"],"picked":"Hello World","floor":3},{"not_picked":["BootSequence","Steam Power"],"picked":"Cold Snap","floor":4},{"not_picked":["Reinforced Body","Rebound","Steam"],"picked":"SKIP","floor":5},{"not_picked":["Compile Driver","Beam Cell"],"picked":"BootSequence","floor":6},{"not_picked":["Lockon","Tempest"],"picked":"Thunder Strike","floor":7},{"not_picked":["Gash","Ball Lightning"],"picked":"Fusion","floor":12},{"not_picked":["Doom and Gloom","Beam Cell"],"picked":"Hello World","floor":14}],"player_experience":373746,"relics_obtained":[{"floor":6,"key":"Girya"}],"event_choices":[{"damage_healed":0,"gold_gain":0,"player_choice":"Forge","damage_taken":0,"max_hp_gain":0,"max_hp_loss":0,"event_name":"Accursed Blacksmith","floor":2,"gold_loss":0,"cards_upgraded":["Force Field"]},{"damage_healed":0,"gold_gain":0,"player_choice":"Lose Max HP","damage_taken":0,"relics_obtained":["Golden Idol"],"max_hp_gain":0,"max_hp_loss":6,"event_name":"Golden Idol","floor":8,"gold_loss":0},{"damage_healed":0,"gold_gain":0,"player_choice":"Success","damage_taken":12,"relics_obtained":["Gambling Chip"],"max_hp_gain":0,"max_hp_loss":0,"event_name":"Scrap Ooze","floor":11,"gold_loss":0}],"is_beta":false,"boss_relics":[],"items_purged_floors":[],"is_endless":false,"potions_floor_spawned":[1,7,12],"killed_by":"The Guardian","ascension_level":4}