{"path_per_floor":["M","M","?","$","M","M","R","T","T","R","M","?","M","M","R","B",null,"M","?","M","?","?","R","?","M","T","M","R","M","E","M","R","B",null,"M","M","?"],"character_chosen":"THE_SILENT","items_purchased":["Noxious Fumes","Jack Of All Trades"],"gold_per_floor":[119,131,131,4,19,38,38,64,90,90,101,66,78,91,91,190,190,201,201,219,219,219,219,219,237,261,279,279,297,322,342,342,445,445,462,472,472],"floor_reached":38,"campfire_rested":2,"playtime":3500,"current_hp_per_floor":[70,70,63,63,63,51,51,51,51,51,45,62,55,51,51,41,70,52,43,21,44,44,44,44,32,32,14,35,31,4,2,23,6,77,55,39,39],"items_purged":[],"gold":472,"play_id":"d74e0859-bbee-4dc6-810c-8ce0cd6f898a","is_prod":false,"is_daily":false,"is_ascension_mode":false,"campfire_upgraded":4,"path_taken":["M","M","?","?","?","M","R","?","T","R","M","?","M","?","R","BOSS","M","?","?","?","?","R","?","M","T","M","R","M","E","M","R","BOSS","M","M","?","?"],"build_version":"2018-01-25-PROD3","purchased_purges":0,"victory":false,"master_deck":["Defend_G","Defend_G","Defend_G","Defend_G","Strike_G","Strike_G","Strike_G","Strike_G","Survivor","Neutralize","Sucker Punch+1","Skewer","Infinite Blades+1","Noxious Fumes+1","Jack Of All Trades","Bouncing Flask","Poisoned Stab+1","Infinite Blades+1","Dagger Throw","A Thousand Cuts+1","Phantasmal Killer","Terror","Well Laid Plans","Deflect","Dash","Footwork+1","Acrobatics","Infinite Blades+1","Adrenaline","Clumsy","Clumsy","Writhe","Flying Knee+1","Poisoned Stab+1"],"max_hp_per_floor":[70,70,70,70,70,70,70,70,70,70,70,70,70,70,70,70,70,70,70,70,70,70,70,70,70,70,70,70,70,70,70,70,70,77,77,77,77],"relics":["Ring of the Snake","Oddly Smooth Stone","Lantern","Whetstone","Lizard Tail","Bronze Scales","Dodecahedron","Calling Bell","Strawberry","Happy Flower","Orichalcum"],"card_choices":[{"not_picked":["Crippling Poison","Choke"],"picked":"Skewer"},{"not_picked":["Deadly Poison","Flying Knee"],"picked":"Infinite Blades"},{"not_picked":["A Thousand Cuts","Masterful Stab"],"picked":"Bouncing Flask"},{"not_picked":["Eviscerate","Outmaneuver"],"picked":"Poisoned Stab"},{"not_picked":["Bouncing Flask","Dash"],"picked":"Infinite Blades"},{"not_picked":["Leg Sweep","Deadly Poison"],"picked":"Dagger Throw"},{"not_picked":["Slice","Distraction"],"picked":"A Thousand Cuts"},{"not_picked":["Wraith Form","Night Terror"],"picked":"Phantasmal Killer"},{"not_picked":["All Out Attack","Distraction"],"picked":"Terror"},{"not_picked":["Acrobatics","Poisoned Stab"],"picked":"Well Laid Plans"},{"not_picked":["Flying Knee","Quick Slash"],"picked":"Deflect"},{"not_picked":["Outmaneuver","Venomology"],"picked":"Dash"},{"not_picked":["Deadly Poison","Outmaneuver"],"picked":"Footwork"},{"not_picked":["Terror","Backstab"],"picked":"Acrobatics"},{"not_picked":["Sucker Punch","Quick Slash"],"picked":"Infinite Blades"},{"not_picked":["Bullet Time","Wraith Form"],"picked":"Adrenaline"},{"not_picked":["Malaise","Flechettes"],"picked":"Flying Knee"},{"not_picked":["Dodge and Roll","Quick Slash"],"picked":"Poisoned Stab"}],"player_experience":8038,"potions_floor_usage":[16,16,16,29,30,33,33],"damage_taken":[{"damage":0,"enemies":"2 Louse","floor":1,"turns":2},{"damage":0,"enemies":"Cultist","floor":2,"turns":3},{"damage":0,"enemies":"Small Slimes","floor":5,"turns":3},{"damage":12,"enemies":"Exordium Thugs","floor":6,"turns":4},{"damage":6,"enemies":"Lots of Slimes","floor":11,"turns":3},{"damage":7,"enemies":"Looter","floor":13,"turns":3},{"damage":4,"enemies":"Exordium Thugs","floor":14,"turns":4},{"damage":16,"enemies":"Slime Boss","floor":16,"turns":5},{"damage":18,"enemies":"Spheric Guardian","floor":18,"turns":4},{"damage":22,"enemies":"Chosen","floor":20,"turns":4},{"damage":12,"enemies":"Snecko","floor":25,"turns":4},{"damage":18,"enemies":"Centurion and Healer","floor":27,"turns":5},{"damage":44,"enemies":"Slaver and Parasite","floor":29,"turns":5},{"damage":27,"enemies":"Gremlin Leader","floor":30,"turns":7},{"damage":2,"enemies":"3 Cultists","floor":31,"turns":4},{"damage":17,"enemies":"Collector","floor":33,"turns":10},{"damage":22,"enemies":"3 Shapes","floor":35,"turns":6},{"damage":16,"enemies":"Orb Walker","floor":36,"turns":3},{"damage":39,"enemies":"3 Darklings","floor":38,"turns":4}],"event_choices":[{"event_name":"Scrap Ooze","player_choice":"success","floor":3,"damage_taken":7},{"event_name":"The Cleric","player_choice":"Healed","floor":12,"damage_taken":0},{"event_name":"Cursed Tome","player_choice":"Stopped","floor":19,"damage_taken":0},{"event_name":"The Library","player_choice":"Heal","floor":21,"damage_taken":0},{"event_name":"Vampires","player_choice":"Ignored","floor":22,"damage_taken":0},{"event_name":"Beggar","player_choice":"Ignored","floor":24,"damage_taken":0}],"boss_relics":[{"not_picked":["Eternal Feather","Velvet Choker"],"picked":"Lizard Tail"},{"not_picked":["Runic Dome","Sozu"],"picked":"Calling Bell"}],"potions_floor_spawned":[1,6,11,14,16,20,27,30,31],"seed_played":"-3513582831771350610","killed_by":"3 Darklings","ascension_level":0,"is_trial":false}