{"gold_per_floor":[111,111,111,111,131,131,164,55,55,130,152,152,168,194,194,194],"floor_reached":16,"playtime":340,"items_purged":["Strike_G"],"score":250,"play_id":"3c5eda81-18ce-4305-9e62-912be640793e","local_time":"20190924213326","is_ascension_mode":true,"campfire_choices":[{"data":"Tactician","floor":6,"key":"SMITH"},{"data":"Calculated Gamble","floor":12,"key":"SMITH"},{"data":"Choke","floor":15,"key":"SMITH"}],"neow_cost":"NONE","seed_source_timestamp":192408073490332,"circlet_count":0,"master_deck":["AscendersBane","Strike_G","Strike_G","Strike_G","Defend_G","Defend_G","Defend_G","Defend_G","Defend_G","Survivor","Neutralize","Tactician+1","Calculated Gamble+1","Well Laid Plans","Choke+1","Catalyst"],"relics":["Ring of the Snake","NeowsBlessing","CeramicFish","HornCleat"],"potions_floor_usage":[16],"damage_taken":[{"damage":0,"enemies":"Cultist","floor":1,"turns":1},{"damage":0,"enemies":"Jaw Worm","floor":5,"turns":1},{"damage":0,"enemies":"Lagavulin","floor":7,"turns":2},{"damage":0,"enemies":"Small Slimes","floor":11,"turns":5},{"damage":0,"enemies":"2 Fungi Beasts","floor":13,"turns":3},{"damage":4,"enemies":"Large Slime","floor":14,"turns":5},{"damage":34,"enemies":"The Guardian","floor":16,"turns":11}],"seed_played":"-4194329438105090246","potions_obtained":[{"floor":5,"key":"EssenceOfSteel"},{"floor":11,"key":"Swift Potion"}],"is_trial":false,"path_per_floor":["M","$","?","?","M","R","E","$","T","?","M","R","M","M","R","B"],"character_chosen":"THE_SILENT","items_purchased":["Well Laid Plans"],"campfire_rested":0,"item_purchase_floors":[8],"current_hp_per_floor":[59,59,52,57,57,57,57,57,57,46,46,46,46,42,42,8],"gold":194,"neow_bonus":"THREE_ENEMY_KILL","is_prod":false,"is_daily":false,"chose_seed":false,"campfire_upgraded":3,"win_rate":0,"timestamp":1569332006,"path_taken":["M","$","?","?","M","R","E","$","T","?","M","R","M","M","R","BOSS"],"build_version":"2019-09-23","purchased_purges":1,"victory":false,"max_hp_per_floor":[66,66,66,71,71,71,71,71,71,71,71,71,71,71,71,71],"card_choices":[{"not_picked":["Prepared","Accuracy","Deflect"],"picked":"SKIP","floor":1},{"not_picked":["Dodge and Roll","Distraction"],"picked":"Tactician","floor":5},{"not_picked":["Bane","Setup"],"picked":"Calculated Gamble","floor":7},{"not_picked":["Infinite Blades","Concentrate"],"picked":"Choke","floor":11},{"not_picked":["Poisoned Stab","Leg Sweep","Blur"],"picked":"SKIP","floor":13},{"not_picked":["Backflip","Deflect"],"picked":"Catalyst","floor":14}],"player_experience":975085,"relics_obtained":[{"floor":7,"key":"CeramicFish"},{"floor":9,"key":"HornCleat"}],"event_choices":[{"cards_removed":["Strike_G"],"damage_healed":0,"gold_gain":0,"player_choice":"Card Removal","damage_taken":7,"max_hp_gain":0,"max_hp_loss":0,"event_name":"Golden Wing","floor":3,"gold_loss":0},{"damage_healed":0,"gold_gain":0,"player_choice":"Donut","damage_taken":0,"max_hp_gain":5,"max_hp_loss":0,"event_name":"Big Fish","floor":4,"gold_loss":0},{"damage_healed":0,"gold_gain":75,"player_choice":"Gather Gold","damage_taken":11,"max_hp_gain":0,"max_hp_loss":0,"event_name":"World of Goop","floor":10,"gold_loss":0}],"is_beta":true,"boss_relics":[],"items_purged_floors":[8],"is_endless":false,"potions_floor_spawned":[5,11,13],"killed_by":"The Guardian","ascension_level":20}