{"gold_per_floor":[117,130,63,63,63,101,101,101,124,143,143,143,182,197,197,328,391,416,416,390,159,180,219,219],"floor_reached":24,"playtime":1638,"items_purged":["Strike_G"],"score":235,"play_id":"e05f19c8-0d33-410f-bca3-f50e25a10e47","local_time":"20191005102403","is_ascension_mode":true,"campfire_choices":[{"data":"Bullet Time","floor":8,"key":"SMITH"},{"data":"Cloak And Dagger","floor":11,"key":"SMITH"},{"floor":15,"key":"REST"}],"neow_cost":"NONE","seed_source_timestamp":1459791988800,"circlet_count":0,"master_deck":["Strike_G","Strike_G+1","Strike_G+1","Strike_G","Defend_G","Defend_G","Defend_G","Defend_G+1","Defend_G","Survivor","Neutralize","Poisoned Stab","Blur","Catalyst","Bullet Time+1","Cloak And Dagger+1","Backflip","Noxious Fumes","Adrenaline","Setup","Deflect+1","Backflip","Prepared"],"relics":["Ring of the Snake","Golden Idol","Bag of Preparation","StoneCalendar","Whetstone","Blue Candle","Tiny House","Snake Skull","Happy Flower"],"potions_floor_usage":[20,20],"damage_taken":[{"damage":2,"enemies":"Small Slimes","floor":1,"turns":5},{"damage":6,"enemies":"Jaw Worm","floor":2,"turns":4},{"damage":45,"enemies":"3 Sentries","floor":6,"turns":14},{"damage":0,"enemies":"Cultist","floor":10,"turns":3},{"damage":10,"enemies":"Lagavulin","floor":13,"turns":7},{"damage":0,"enemies":"Looter","floor":14,"turns":3},{"damage":32,"enemies":"Slime Boss","floor":16,"turns":7},{"damage":9,"enemies":"3 Byrds","floor":18,"turns":6},{"damage":7,"enemies":"2 Thieves","floor":20,"turns":5},{"damage":21,"enemies":"Centurion and Healer","floor":22,"turns":7},{"damage":28,"enemies":"Book of Stabbing","floor":23,"turns":7},{"damage":17,"enemies":"3 Cultists","floor":24,"turns":3}],"seed_played":"8218063717574826904","potions_obtained":[{"floor":6,"key":"LiquidBronze"},{"floor":14,"key":"Ancient Potion"},{"floor":16,"key":"SkillPotion"},{"floor":17,"key":"SkillPotion"},{"floor":20,"key":"SteroidPotion"}],"is_trial":false,"path_per_floor":["M","M","$","?","?","E","?","R","T","M","R","?","E","M","R","B",null,"M","T","M","$","M","E","M"],"character_chosen":"THE_SILENT","items_purchased":["Catalyst","Snake Skull"],"campfire_rested":1,"item_purchase_floors":[3,21],"current_hp_per_floor":[75,69,69,69,74,29,29,29,29,29,29,22,12,12,34,2,81,72,72,65,65,44,16,0],"gold":219,"neow_bonus":"TEN_PERCENT_HP_BONUS","is_prod":false,"is_daily":false,"chose_seed":false,"campfire_upgraded":2,"win_rate":0,"timestamp":1570263843,"path_taken":["M","M","$","?","?","E","?","R","T","?","R","?","E","M","R","BOSS","M","?","M","$","M","E","M"],"build_version":"2019-07-17","purchased_purges":1,"victory":false,"max_hp_per_floor":[77,77,77,71,76,76,76,76,76,76,76,76,76,76,76,76,81,81,81,81,81,81,81,81],"card_choices":[{"not_picked":["Deadly Poison","Deflect"],"picked":"Poisoned Stab","floor":1},{"not_picked":["Bane","Slice"],"picked":"Blur","floor":2},{"not_picked":["Bane","Backstab"],"picked":"Bullet Time","floor":6},{"not_picked":["Blade Dance","Outmaneuver"],"picked":"Cloak And Dagger","floor":10},{"not_picked":["Blur","Dagger Spray"],"picked":"Backflip","floor":13},{"not_picked":["Slice","Dagger Throw"],"picked":"Noxious Fumes","floor":14},{"not_picked":["Wraith Form v2","Venomology"],"picked":"Adrenaline","floor":16},{"not_picked":["Underhanded Strike","Distraction"],"picked":"Setup","floor":17},{"not_picked":["Dagger Spray+1","Slice+1","Outmaneuver+1"],"picked":"SKIP","floor":18},{"not_picked":["Unload","Bane"],"picked":"Deflect+1","floor":20},{"not_picked":["Deflect","Skewer"],"picked":"Backflip","floor":22},{"not_picked":["Deadly Poison","Quick Slash+1"],"picked":"Prepared","floor":23}],"player_experience":191504,"relics_obtained":[{"floor":6,"key":"Bag of Preparation"},{"floor":9,"key":"Whetstone"},{"floor":13,"key":"Blue Candle"},{"floor":23,"key":"Happy Flower"}],"event_choices":[{"damage_healed":0,"gold_gain":0,"player_choice":"Lose Max HP","damage_taken":0,"relics_obtained":["Golden Idol"],"max_hp_gain":0,"max_hp_loss":6,"event_name":"Golden Idol","floor":4,"gold_loss":0},{"damage_healed":0,"gold_gain":0,"player_choice":"Donut","damage_taken":0,"max_hp_gain":5,"max_hp_loss":0,"event_name":"Big Fish","floor":5,"gold_loss":0},{"damage_healed":0,"gold_gain":0,"player_choice":"Gave Potion","damage_taken":0,"relics_obtained":["StoneCalendar"],"max_hp_gain":0,"max_hp_loss":0,"event_name":"WeMeetAgain","floor":7,"gold_loss":0},{"damage_healed":0,"gold_gain":0,"player_choice":"Damaged","damage_taken":7,"max_hp_gain":0,"max_hp_loss":0,"event_name":"Wheel of Change","floor":12,"gold_loss":0}],"is_beta":false,"boss_relics":[{"not_picked":["Philosopher\u0027s Stone","Fusion Hammer"],"picked":"Tiny House"}],"items_purged_floors":[21],"is_endless":false,"potions_floor_spawned":[6,14,16,18,20],"killed_by":"3 Cultists","ascension_level":1}