{"gold_per_floor":[119,131,44,44,63,63,5,5,31,31,49,49,49,49,49,121,121,139,54,54,74,74,74,74],"floor_reached":24,"playtime":350,"items_purged":[],"score":364,"play_id":"53837955-bf98-485f-8e20-a6e403d9ef3b","local_time":"20190923161904","is_ascension_mode":true,"campfire_choices":[{"data":"Defragment","floor":6,"key":"SMITH"},{"data":"Zap","floor":8,"key":"SMITH"},{"data":"Recycle","floor":10,"key":"SMITH"},{"data":"Sunder","floor":12,"key":"SMITH"},{"data":"Dualcast","floor":15,"key":"SMITH"},{"floor":23,"key":"REST"}],"neow_cost":"TEN_PERCENT_HP_LOSS","seed_source_timestamp":87114527835827,"circlet_count":0,"master_deck":["AscendersBane","Defend_B","Defend_B","Defend_B","Zap+1","Dualcast+1","Recycle+1","Tempest","Defragment+1","Lockon","Ball Lightning","Sunder+1","Hologram","Reboot","Turbo","Cold Snap","Echo Form"],"special_seed":0,"relics":["Cracked Core","Lantern","Empty Cage","Dodecahedron"],"potions_floor_usage":[16,21],"damage_taken":[{"damage":1,"enemies":"2 Louse","floor":1,"turns":4},{"damage":0,"enemies":"Cultist","floor":2,"turns":3},{"damage":8,"enemies":"Small Slimes","floor":5,"turns":3},{"damage":11,"enemies":"Blue Slaver","floor":11,"turns":3},{"damage":29,"enemies":"Hexaghost","floor":16,"turns":5},{"damage":22,"enemies":"2 Thieves","floor":18,"turns":2},{"damage":22,"enemies":"Shell Parasite","floor":21,"turns":4},{"damage":0,"enemies":"Slavers","floor":24,"turns":1}],"seed_played":"-1673418880392444859","potions_obtained":[{"floor":2,"key":"SpeedPotion"},{"floor":4,"key":"EssenceOfDarkness"},{"floor":16,"key":"Weak Potion"}],"is_trial":false,"path_per_floor":["M","M","$","?","M","R","$","R","T","R","M","R","?","$","R","B",null,"M","?","?","M","?","R","E"],"character_chosen":"DEFECT","items_purchased":["Defragment","Ball Lightning"],"campfire_rested":1,"item_purchase_floors":[3,7],"current_hp_per_floor":[63,63,63,63,55,55,55,55,55,55,44,44,44,44,44,15,52,30,30,30,8,8,27,27],"gold":74,"neow_bonus":"REMOVE_TWO","is_prod":false,"is_daily":false,"chose_seed":false,"campfire_upgraded":5,"win_rate":0,"timestamp":1569226744,"path_taken":["M","M","$","?","M","R","$","R","T","R","?","R","?","$","R","BOSS","M","?","?","M","?","R","E"],"build_version":"2019-09-20","purchased_purges":0,"victory":false,"max_hp_per_floor":[64,64,64,64,64,64,64,64,64,64,64,64,64,64,64,64,64,64,64,64,64,64,64,64],"card_choices":[{"not_picked":["Sweeping Beam","Double Energy"],"picked":"Recycle","floor":1},{"not_picked":["Sweeping Beam","Static Discharge"],"picked":"Tempest","floor":2},{"not_picked":["Go for the Eyes","Sweeping Beam"],"picked":"Lockon","floor":5},{"not_picked":["Redo","Machine Learning"],"picked":"Sunder","floor":11},{"not_picked":["Hyperbeam","Rainbow"],"picked":"Reboot","floor":16},{"not_picked":["Ball Lightning+1","Hologram"],"picked":"Turbo","floor":18},{"not_picked":["Hologram","Stack"],"picked":"Cold Snap","floor":21}],"player_experience":943348,"relics_obtained":[{"floor":9,"key":"Lantern"}],"event_choices":[{"damage_healed":0,"gold_gain":0,"player_choice":"Got Potions","damage_taken":0,"max_hp_gain":0,"max_hp_loss":0,"event_name":"Lab","floor":4,"gold_loss":0},{"damage_healed":0,"gold_gain":0,"cards_transformed":["Strike_B"],"player_choice":"Change","damage_taken":0,"max_hp_gain":0,"max_hp_loss":0,"event_name":"Living Wall","floor":13,"gold_loss":0,"cards_obtained":["Hologram"]},{"damage_healed":0,"gold_gain":0,"player_choice":"Obtained Relic","damage_taken":0,"relics_obtained":["Dodecahedron"],"max_hp_gain":0,"max_hp_loss":0,"event_name":"Addict","floor":19,"gold_loss":85},{"damage_healed":0,"gold_gain":0,"player_choice":"Ignored","damage_taken":0,"max_hp_gain":0,"max_hp_loss":0,"event_name":"Cursed Tome","floor":20,"gold_loss":0},{"damage_healed":0,"gold_gain":0,"player_choice":"Read","damage_taken":0,"max_hp_gain":0,"max_hp_loss":0,"event_name":"The Library","floor":22,"gold_loss":0,"cards_obtained":["Echo Form"]}],"is_beta":true,"boss_relics":[{"not_picked":["SacredBark","Black Star"],"picked":"Empty Cage"}],"items_purged_floors":[],"is_endless":false,"potions_floor_spawned":[2,16],"killed_by":"Slavers","ascension_level":20}