{"path_per_floor":["M","?","T","?","$","R","M","?","T","$","M","R","E","M","R","B",null,"M","?","M","M","M"],"character_chosen":"IRONCLAD","items_purchased":["Demon Form","Dual Wield","Apotheosis","Swift Strike","Flex"],"gold_per_floor":[115,190,490,490,7,7,24,24,48,24,44,44,69,83,83,179,179,191,191,210,229,247],"floor_reached":23,"campfire_rested":1,"playtime":1476,"current_hp_per_floor":[80,69,69,61,61,61,67,60,60,60,66,66,57,36,60,30,80,76,76,72,64,38],"items_purged":[],"gold":247,"play_id":"ac233c8f-dedf-428d-9950-44dedf645804","is_prod":false,"is_daily":false,"is_ascension_mode":false,"campfire_upgraded":2,"path_taken":["M","?","?","?","$","R","?","?","T","?","M","R","E","M","R","BOSS","M","?","M","M","M","E"],"build_version":"2018-01-25-PROD3","purchased_purges":1,"victory":false,"master_deck":["Strike_R","Strike_R","Strike_R","Strike_R","Strike_R","Defend_R","Defend_R+1","Defend_R","Defend_R","Bash","Thunderclap","Demon Form","Dual Wield+1","Apotheosis+1","Swift Strike","Bloodletting","Flex","Blood for Blood+1","Blood for Blood","Iron Wave","Limit Break","Power Through","Perfected Strike","Shrug It Off","Perfected Strike","Sword Boomerang","Battle Trance","Body Slam","Heavy Blade","Clothesline+1"],"max_hp_per_floor":[80,80,80,80,80,80,80,80,80,80,80,80,80,80,80,80,80,80,80,80,80,80],"relics":["Burning Blood","NeowsBlessing","Old Coin","War Paint","Anchor","Happy Flower","Orrery"],"card_choices":[{"not_picked":["Dropkick","Cleave"],"picked":"Thunderclap"},{"not_picked":["Disarm","Cleave"],"picked":"Bloodletting"},{"not_picked":["Shockwave","Cleave"],"picked":"Blood for Blood"},{"not_picked":["Corruption","Bloodletting"],"picked":"Blood for Blood"},{"not_picked":["Clash","Headbutt"],"picked":"Iron Wave"},{"not_picked":["Offering","Impervious"],"picked":"Limit Break"},{"not_picked":["Rage","Infernal Blade"],"picked":"Power Through"},{"not_picked":["Metallicize","Hemokinesis"],"picked":"Perfected Strike"},{"not_picked":["Thunderclap","Infernal Blade"],"picked":"Shrug It Off"},{"not_picked":["Twin Strike","Cleave"],"picked":"Perfected Strike"},{"not_picked":["Armaments","Limit Break"],"picked":"Sword Boomerang"},{"not_picked":["Cleave","Shrug It Off"],"picked":"Battle Trance"},{"not_picked":["Cleave","True Grit"],"picked":"Body Slam"},{"not_picked":["Pommel Strike","True Grit"],"picked":"Heavy Blade"},{"not_picked":["True Grit","Power Through"],"picked":"Clothesline"}],"player_experience":14653,"potions_floor_usage":[],"damage_taken":[{"damage":0,"enemies":"Blue Slaver","floor":1,"turns":1},{"damage":0,"enemies":"Small Slimes","floor":7,"turns":1},{"damage":0,"enemies":"Cultist","floor":11,"turns":1},{"damage":15,"enemies":"Lagavulin","floor":13,"turns":5},{"damage":27,"enemies":"Exordium Thugs","floor":14,"turns":5},{"damage":36,"enemies":"Hexaghost","floor":16,"turns":7},{"damage":10,"enemies":"2 Thieves","floor":18,"turns":3},{"damage":10,"enemies":"Chosen","floor":20,"turns":4},{"damage":14,"enemies":"3 Cultists","floor":21,"turns":4},{"damage":32,"enemies":"Snake Plant","floor":22,"turns":5},{"damage":46,"enemies":"Slavers","floor":23,"turns":4}],"event_choices":[{"event_name":"World of Goop","player_choice":"Gather Gold","floor":2,"damage_taken":0},{"event_name":"Wheel of Change","player_choice":"Damage","floor":4,"damage_taken":0},{"event_name":"Scrap Ooze","player_choice":"success","floor":8,"damage_taken":7},{"event_name":"Beggar","player_choice":"Ignored","floor":19,"damage_taken":0}],"boss_relics":[{"not_picked":["Runic Cube","Ectoplasm"],"picked":"Orrery"}],"potions_floor_spawned":[11,16,20,21],"seed_played":"1405221560962006250","killed_by":"Slavers","ascension_level":0,"is_trial":false}