{"gold_per_floor":[116,116,129,149,168,202,202,214,214,214],"floor_reached":10,"playtime":407,"items_purged":[],"score":77,"play_id":"e7dbb83a-5df4-4c3c-bd7f-c6ad8f9b6cbe","local_time":"20191006130542","is_ascension_mode":true,"campfire_choices":[{"data":"True Grit","floor":7,"key":"SMITH"}],"neow_cost":"NONE","seed_source_timestamp":98793929880100,"circlet_count":0,"master_deck":["Strike_R","Strike_R","Strike_R","Strike_R","Strike_R","Defend_R","Defend_R","Defend_R","Defend_R","Bash","Heavy Blade+1","True Grit+1","Pommel Strike","Cleave"],"relics":["Burning Blood","The Courier"],"potions_floor_usage":[],"damage_taken":[{"damage":1,"enemies":"2 Louse","floor":1,"turns":3},{"damage":1,"enemies":"Cultist","floor":3,"turns":3},{"damage":4,"enemies":"Small Slimes","floor":4,"turns":4},{"damage":10,"enemies":"2 Fungi Beasts","floor":5,"turns":3},{"damage":57,"enemies":"Lagavulin","floor":6,"turns":9},{"damage":17,"enemies":"Looter","floor":8,"turns":4},{"damage":33,"enemies":"Exordium Thugs","floor":10,"turns":5}],"seed_played":"-1490564039775404459","potions_obtained":[{"floor":8,"key":"EssenceOfSteel"}],"is_trial":false,"path_per_floor":["M","?","M","M","M","E","R","M","T","M"],"character_chosen":"IRONCLAD","items_purchased":[],"campfire_rested":0,"item_purchase_floors":[],"current_hp_per_floor":[88,88,88,88,84,33,33,22,22,0],"gold":214,"neow_bonus":"TEN_PERCENT_HP_BONUS","is_prod":false,"is_daily":false,"chose_seed":false,"campfire_upgraded":1,"win_rate":0,"timestamp":1570359942,"path_taken":["M","?","?","M","M","E","R","M","T","?"],"build_version":"2019-07-17","purchased_purges":0,"victory":false,"max_hp_per_floor":[88,88,88,88,88,88,88,88,88,88],"card_choices":[{"not_picked":["Shrug It Off","Clothesline"],"picked":"Heavy Blade","floor":1},{"not_picked":["Armaments","Headbutt"],"picked":"True Grit","floor":3},{"not_picked":["Combust","Anger"],"picked":"Pommel Strike","floor":4},{"not_picked":["Combust","Thunderclap","Clothesline"],"picked":"SKIP","floor":5},{"not_picked":["Infernal Blade","Flex","Metallicize"],"picked":"SKIP","floor":6},{"not_picked":["Heavy Blade","Headbutt"],"picked":"Cleave","floor":8}],"player_experience":220999,"relics_obtained":[{"floor":6,"key":"The Courier"}],"event_choices":[{"damage_healed":0,"gold_gain":0,"player_choice":"Upgraded","damage_taken":0,"max_hp_gain":0,"max_hp_loss":0,"event_name":"Upgrade Shrine","floor":2,"gold_loss":0,"cards_upgraded":["Heavy Blade"]}],"is_beta":false,"boss_relics":[],"items_purged_floors":[],"is_endless":false,"potions_floor_spawned":[8],"killed_by":"Exordium Thugs","ascension_level":2}