{"gold_per_floor":[119,129,139,139,149,149,175,175,175,125,143,143,172,192,192,287,287,301,193,193,204,222,222,222],"floor_reached":24,"playtime":1773,"items_purged":["Strike_R"],"score":264,"play_id":"d485926b-5ded-4330-8b42-b2b0d302f86d","local_time":"20190922155347","is_ascension_mode":true,"campfire_choices":[{"data":"Body Slam","floor":6,"key":"SMITH"},{"data":"Shrug It Off","floor":8,"key":"SMITH"},{"data":"Defend_R","floor":12,"key":"SMITH"},{"data":"Entrench","floor":15,"key":"SMITH"},{"data":"Juggernaut","floor":23,"key":"SMITH"}],"neow_cost":"NONE","seed_source_timestamp":692663976946000,"circlet_count":0,"master_deck":["Strike_R","Strike_R","Strike_R","Defend_R","Defend_R","Defend_R","Defend_R+1","Bash+1","Body Slam+1","Shrug It Off+1","Ghostly Armor","Rage","Entrench+1","Juggernaut+1","Body Slam+1","Shrug It Off","Whirlwind","Clothesline","Armaments+1","Metallicize","Uppercut","Metallicize"],"relics":["Burning Blood","Pear","Strawberry","Bag of Marbles","Omamori","Orrery"],"potions_floor_usage":[7,16,18,24,24],"damage_taken":[{"damage":1,"enemies":"Cultist","floor":1,"turns":3},{"damage":18,"enemies":"Jaw Worm","floor":2,"turns":4},{"damage":7,"enemies":"Small Slimes","floor":3,"turns":3},{"damage":12,"enemies":"Gremlin Gang","floor":5,"turns":10},{"damage":36,"enemies":"Gremlin Nob","floor":7,"turns":5},{"damage":0,"enemies":"3 Louse","floor":11,"turns":3},{"damage":10,"enemies":"3 Sentries","floor":13,"turns":11},{"damage":7,"enemies":"Lots of Slimes","floor":14,"turns":4},{"damage":15,"enemies":"Hexaghost","floor":16,"turns":11},{"damage":3,"enemies":"2 Thieves","floor":18,"turns":3},{"damage":1,"enemies":"Spheric Guardian","floor":21,"turns":4},{"damage":10,"enemies":"Centurion and Healer","floor":22,"turns":7},{"damage":93,"enemies":"Gremlin Leader","floor":24,"turns":6}],"seed_played":"-8065866360545453165","potions_obtained":[{"floor":2,"key":"LiquidBronze"},{"floor":5,"key":"GamblersBrew"},{"floor":7,"key":"Dexterity Potion"},{"floor":16,"key":"AttackPotion"},{"floor":18,"key":"Strength Potion"}],"is_trial":false,"path_per_floor":["M","M","M","T","M","R","E","R","T","?","M","R","E","M","R","B",null,"M","$","?","M","M","R","E"],"character_chosen":"IRONCLAD","items_purchased":["Metallicize"],"campfire_rested":0,"item_purchase_floors":[19],"current_hp_per_floor":[80,68,67,77,71,71,48,48,48,48,54,54,50,49,49,40,97,97,97,97,97,93,93,0],"gold":222,"neow_bonus":"UPGRADE_CARD","is_prod":false,"is_daily":false,"chose_seed":false,"campfire_upgraded":5,"win_rate":1,"timestamp":1569189227,"path_taken":["M","M","M","?","M","R","E","R","T","?","?","R","E","M","R","BOSS","M","$","?","M","?","R","E"],"build_version":"2019-07-17","purchased_purges":1,"victory":false,"max_hp_per_floor":[80,80,80,90,90,90,97,97,97,97,97,97,97,97,97,97,97,97,97,97,97,97,97,97],"card_choices":[{"not_picked":["Sword Boomerang","Pommel Strike"],"picked":"Body Slam","floor":1},{"not_picked":["Anger","Headbutt"],"picked":"Shrug It Off","floor":2},{"not_picked":["Twin Strike","Second Wind","Searing Blow"],"picked":"SKIP","floor":3},{"not_picked":["Warcry","Evolve"],"picked":"Ghostly Armor","floor":5},{"not_picked":["Second Wind","Sword Boomerang","Combust"],"picked":"SKIP","floor":7},{"not_picked":["Pummel","Dual Wield","Anger"],"picked":"SKIP","floor":11},{"not_picked":["True Grit","Combust"],"picked":"Rage","floor":13},{"not_picked":["Anger","Dropkick"],"picked":"Entrench","floor":14},{"not_picked":["Double Tap","Demon Form"],"picked":"Juggernaut","floor":16},{"not_picked":["Dual Wield","Cleave"],"picked":"Body Slam","floor":17},{"not_picked":["Body Slam","Immolate"],"picked":"Shrug It Off","floor":17},{"not_picked":["Reckless Charge","Armaments"],"picked":"Whirlwind","floor":17},{"not_picked":["Flex","Armaments"],"picked":"Clothesline","floor":17},{"not_picked":["True Grit","Corruption"],"picked":"Armaments+1","floor":18},{"not_picked":["Rupture","Sword Boomerang"],"picked":"Uppercut","floor":21},{"not_picked":["Hemokinesis","Burning Pact"],"picked":"Metallicize","floor":22}],"player_experience":36402,"relics_obtained":[{"floor":4,"key":"Pear"},{"floor":7,"key":"Strawberry"},{"floor":9,"key":"Bag of Marbles"},{"floor":13,"key":"Omamori"}],"event_choices":[{"cards_removed":["Strike_R"],"damage_healed":0,"gold_gain":0,"player_choice":"Card Removal","damage_taken":0,"max_hp_gain":0,"max_hp_loss":0,"event_name":"The Cleric","floor":10,"gold_loss":50},{"damage_healed":0,"gold_gain":0,"player_choice":"Upgraded","damage_taken":0,"max_hp_gain":0,"max_hp_loss":0,"event_name":"Upgrade Shrine","floor":20,"gold_loss":0,"cards_upgraded":["Body Slam"]}],"is_beta":false,"boss_relics":[{"not_picked":["Runic Dome","Runic Pyramid"],"picked":"Orrery"}],"items_purged_floors":[19],"is_endless":false,"potions_floor_spawned":[2,5,7,16,18],"killed_by":"Gremlin Leader","ascension_level":3}