{"gold_per_floor":[114,39,114,39,39,69,69,84,84,84,84,5,5,20,20,120,120,135,35,50,50,50,50,80,80,105,105,105,105,120,150,150,250,250,265,76,76,106,136,136,136,136,186,198,225,237,249,291,303,315],"floor_reached":50,"playtime":2397,"items_purged":["Strike_B","Writhe"],"score":606,"play_id":"9b79d86c-e236-47c5-a854-f0986d411cd6","local_time":"20190128070954","daily_mods":["Chimera","Flight","DeadlyEvents"],"is_ascension_mode":false,"campfire_choices":[{"data":"Zap","floor":7,"key":"SMITH"},{"data":"Survivor","floor":10,"key":"SMITH"},{"data":"Bash","floor":11,"key":"SMITH"},{"data":"Metallicize","floor":13,"key":"SMITH"},{"data":"Fire Breathing","floor":15,"key":"SMITH"},{"data":"Metallicize","floor":23,"key":"SMITH"},{"data":"Barricade","floor":25,"key":"SMITH"},{"data":"Flex","floor":27,"key":"SMITH"},{"floor":29,"key":"REST"},{"floor":32,"key":"REST"},{"floor":40,"key":"REST"},{"data":"Demon Form","floor":41,"key":"SMITH"},{"data":"Madness","floor":42,"key":"SMITH"},{"data":"Iron Wave","floor":44,"key":"SMITH"},{"floor":46,"key":"REST"},{"data":"Defend_R","floor":47,"key":"SMITH"},{"data":"Defend_B","floor":49,"key":"SMITH"}],"neow_cost":"","seed_source_timestamp":180467129996200,"circlet_count":0,"master_deck":["Bash+1","Survivor+1","Zap+1","Strike_R+1","Strike_G+1","Defend_R+1","Defend_G","Defend_B+1","Iron Wave+1","Sword Boomerang","Metallicize+1","Fire Breathing+1","Juggernaut","Flex+1","Metallicize+1","Barricade+1","Bloodletting+1","Demon Form+1","Body Slam+1","Madness+1","Shrug It Off+1"],"special_seed":17924,"relics":["Black Blood","Self Forming Clay","Question Card","Paper Frog","Art of War","Kunai","Oddly Smooth Stone","Regal Pillow","Nilry\u0027s Codex","Bottled Lightning","Mark of Pain","PreservedInsect","Lantern","MawBank","Whetstone"],"potions_floor_usage":[16,24,31,38,50,50,50],"damage_taken":[{"damage":0,"enemies":"Cultist","floor":1,"turns":3},{"damage":37,"enemies":"3 Sentries","floor":6,"turns":12},{"damage":0,"enemies":"2 Louse","floor":8,"turns":3},{"damage":0,"enemies":"Small Slimes","floor":14,"turns":3},{"damage":42,"enemies":"The Guardian","floor":16,"turns":11},{"damage":15,"enemies":"3 Byrds","floor":18,"turns":5},{"damage":8,"enemies":"Shell Parasite","floor":20,"turns":5},{"damage":32,"enemies":"Book of Stabbing","floor":24,"turns":6},{"damage":16,"enemies":"Shelled Parasite and Fungi","floor":30,"turns":7},{"damage":61,"enemies":"Slavers","floor":31,"turns":7},{"damage":58,"enemies":"Collector","floor":33,"turns":11},{"damage":33,"enemies":"3 Shapes","floor":35,"turns":6},{"damage":14,"enemies":"Giant Head","floor":38,"turns":10},{"damage":59,"enemies":"Nemesis","floor":39,"turns":8},{"damage":16,"enemies":"Orb Walker","floor":45,"turns":4},{"damage":41,"enemies":"Reptomancer","floor":48,"turns":8},{"damage":65,"enemies":"Awakened One","floor":50,"turns":5}],"seed_played":"4127696918694319240","potions_obtained":[{"floor":6,"key":"AttackPotion"},{"floor":14,"key":"BloodPotion"},{"floor":16,"key":"Energy Potion"},{"floor":18,"key":"PowerPotion"},{"floor":30,"key":"Poison Potion"},{"floor":33,"key":"SkillPotion"},{"floor":45,"key":"Regen Potion"},{"floor":48,"key":"Block Potion"}],"is_trial":false,"path_per_floor":["M","$","T","$","?","E","R","M","T","R","R","$","R","M","R","B",null,"M","$","M","?","T","R","E","R","T","R","?","R","M","E","R","B",null,"M","$","?","E","E","R","R","R","T","R","M","R","R","E","R","B"],"character_chosen":"IRONCLAD","items_purchased":["Metallicize","Metallicize","FairyPotion","Madness"],"campfire_rested":4,"item_purchase_floors":[4,12,19,36],"current_hp_per_floor":[80,80,80,80,80,49,49,55,55,55,55,55,55,61,61,25,80,75,75,77,77,77,77,55,55,55,55,39,78,72,21,60,12,80,57,57,57,53,15,54,54,54,54,54,48,80,80,49,49,0],"gold":315,"neow_bonus":"","is_prod":false,"is_daily":true,"chose_seed":false,"campfire_upgraded":13,"win_rate":0,"timestamp":1548677394,"path_taken":["M","$","?","?","?","E","R","M","T","R","R","$","R","M","R","BOSS","M","$","?","?","?","R","?","R","T","R","?","R","?","?","R","BOSS","M","$","?","?","?","R","R","R","T","R","?","R","R","?","R","BOSS"],"build_version":"2019-01-23","purchased_purges":2,"victory":false,"max_hp_per_floor":[80,80,80,80,80,80,80,80,80,80,80,80,80,80,80,80,80,80,80,80,80,80,80,80,80,80,80,80,80,80,80,80,80,80,80,80,80,80,80,80,80,80,80,80,80,80,80,80,80,80],"card_choices":[{"not_picked":["Flex","Pommel Strike"],"picked":"Iron Wave","floor":1},{"not_picked":["Anger","Armaments","Perfected Strike"],"picked":"SKIP","floor":6},{"not_picked":["Reckless Charge","Perfected Strike","Searing Blow"],"picked":"Sword Boomerang","floor":8},{"not_picked":["Seeing Red","Sword Boomerang","Heavy Blade"],"picked":"Fire Breathing","floor":14},{"not_picked":["Dark Embrace","Berserk","Immolate"],"picked":"Juggernaut","floor":16},{"not_picked":["Havoc","Twin Strike","Shrug It Off"],"picked":"Flex","floor":18},{"not_picked":["Cleave","Warcry","Clash+1"],"picked":"Metallicize","floor":20},{"not_picked":["Ghostly Armor","Fiend Fire","Shockwave"],"picked":"Barricade","floor":24},{"not_picked":["Flex","Warcry+1","Pommel Strike"],"picked":"Bloodletting+1","floor":30},{"not_picked":["Heavy Blade","Pommel Strike+1","Impervious","Searing Blow"],"picked":"SKIP","floor":31},{"not_picked":["Bludgeon","Reaper","Immolate"],"picked":"Demon Form","floor":33},{"not_picked":["Pommel Strike+1","Havoc","Bloodletting+1"],"picked":"Body Slam+1","floor":35},{"not_picked":["Flame Barrier","Second Wind+1","True Grit","Clash"],"picked":"SKIP","floor":38},{"not_picked":["Pommel Strike","Sword Boomerang+1","Dropkick+1","True Grit"],"picked":"SKIP","floor":39},{"not_picked":["Hemokinesis+1","Infernal Blade+1","Inflame","Fiend Fire"],"picked":"SKIP","floor":45},{"not_picked":["Havoc","Immolate","Pummel+1"],"picked":"Shrug It Off+1","floor":48}],"player_experience":200232,"relics_obtained":[{"floor":3,"key":"Self Forming Clay"},{"floor":6,"key":"Question Card"},{"floor":9,"key":"Paper Frog"},{"floor":22,"key":"Kunai"},{"floor":24,"key":"Oddly Smooth Stone"},{"floor":26,"key":"Regal Pillow"},{"floor":28,"key":"Nilry\u0027s Codex"},{"floor":31,"key":"Bottled Lightning"},{"floor":38,"key":"PreservedInsect"},{"floor":39,"key":"Lantern"},{"floor":43,"key":"MawBank"},{"floor":48,"key":"Whetstone"}],"event_choices":[{"cards_removed":["Metallicize"],"damage_healed":0,"gold_gain":0,"player_choice":"Offered Uncommon","damage_taken":0,"max_hp_gain":0,"max_hp_loss":0,"event_name":"Bonfire Elementals","floor":5,"gold_loss":0},{"damage_healed":0,"gold_gain":0,"player_choice":"Opened","damage_taken":0,"relics_obtained":["Art of War"],"max_hp_gain":0,"max_hp_loss":0,"event_name":"The Mausoleum","floor":21,"gold_loss":0,"cards_obtained":["Writhe"]},{"damage_healed":0,"gold_gain":0,"player_choice":"Obtained Book","damage_taken":16,"max_hp_gain":0,"max_hp_loss":0,"event_name":"Cursed Tome","floor":28,"gold_loss":0},{"damage_healed":0,"gold_gain":0,"player_choice":"Bought 0 Potions","damage_taken":0,"max_hp_gain":0,"max_hp_loss":0,"event_name":"The Woman in Blue","floor":37,"gold_loss":0}],"is_beta":false,"boss_relics":[{"not_picked":["Runic Pyramid","Astrolabe"],"picked":"Black Blood"},{"not_picked":["Runic Cube","Black Star"],"picked":"Mark of Pain"}],"items_purged_floors":[2,36],"is_endless":false,"potions_floor_spawned":[6,14,16,18,20,30,33,45,48],"killed_by":"Awakened One","ascension_level":0}