{"gold_per_floor":[366,44,63,78,78,78,92,92,115,143,143,43,62,62,62,133,133,146,421,431,449,167,167,178,198,198,148,159,159,159,179,179,179],"floor_reached":33,"playtime":1228,"items_purged":["Strike_G","Strike_G","Regret"],"score":498,"play_id":"02fdacab-d96b-4b72-9dc7-e232852e45d4","local_time":"20190923212107","is_ascension_mode":true,"campfire_choices":[{"data":"Predator","floor":6.0,"key":"SMITH"},{"data":"Neutralize","floor":8.0,"key":"SMITH"},{"data":"Second Wind","floor":11.0,"key":"SMITH"},{"data":"Gash","floor":15.0,"key":"SMITH"},{"floor":23.0,"key":"REST"},{"floor":29.0,"key":"REST"},{"floor":32.0,"key":"REST"}],"neow_cost":"PERCENT_DAMAGE","seed_source_timestamp":104260897570492,"circlet_count":0,"master_deck":["AscendersBane","Strike_G","Strike_G+1","Defend_G","Defend_G","Defend_G+1","Defend_G","Defend_G+1","Survivor","Neutralize+1","Endless Agony","Predator+1","Gash+1","Second Wind+1","LessonLearned+1","Recycle+1","True Grit+1","Scrape","Backflip","Body Slam","Self Repair"],"special_seed":0,"relics":["Ring of the Snake","PrismaticShard","Orichalcum","Blood Vial","Letter Opener","HoveringKite","Bag of Preparation","Pear"],"potions_floor_usage":[],"damage_taken":[{"damage":2.0,"enemies":"Cultist","floor":1.0,"turns":5.0},{"damage":3.0,"enemies":"2 Louse","floor":3.0,"turns":3.0},{"damage":4.0,"enemies":"Small Slimes","floor":4.0,"turns":3.0},{"damage":0.0,"enemies":"Looter","floor":7.0,"turns":2.0},{"damage":11.0,"enemies":"Lagavulin","floor":10.0,"turns":6.0},{"damage":0.0,"enemies":"Gremlin Gang","floor":13.0,"turns":3.0},{"damage":27.0,"enemies":"The Guardian","floor":16.0,"turns":12.0},{"damage":9.0,"enemies":"Shell Parasite","floor":18.0,"turns":7.0},{"damage":9.0,"enemies":"Chosen","floor":20.0,"turns":7.0},{"damage":20.0,"enemies":"Centurion and Healer","floor":21.0,"turns":10.0},{"damage":20.0,"enemies":"Snake Plant","floor":24.0,"turns":7.0},{"damage":23.0,"enemies":"Snecko","floor":25.0,"turns":8.0},{"damage":0.0,"enemies":"Centurion and Healer","floor":28.0,"turns":9.0},{"damage":31.0,"enemies":"3 Cultists","floor":31.0,"turns":8.0},{"damage":36,"enemies":"Collector","floor":33,"turns":3}],"seed_played":"-2178162598933480461","potions_obtained":[{"floor":1.0,"key":"SteroidPotion"},{"floor":10.0,"key":"EntropicBrew"},{"floor":13.0,"key":"Regen Potion"},{"floor":20.0,"key":"SpeedPotion"},{"floor":21.0,"key":"Energy Potion"},{"floor":24.0,"key":"Energy Potion"}],"is_trial":false,"path_per_floor":["M","$","M","M","?","R","M","R","T","E","R","$","M","?","R","B",null,"M","?","M","M","$","R","M","M","T","$","M","R","?","M","R","B"],"character_chosen":"THE_SILENT","items_purchased":["PrismaticShard","Predator","Bag of Preparation","Backflip"],"campfire_rested":3,"item_purchase_floors":[2,2,22,27],"current_hp_per_floor":[42,42,39,35,30,30,30,30,30,21,21,21,23,23,23,13,53,46,46,39,21,21,40,22,1,11,11,13,35,35,6,28,0],"gold":179,"neow_bonus":"TWO_FIFTY_GOLD","is_prod":false,"is_daily":false,"chose_seed":false,"campfire_upgraded":4,"win_rate":0,"timestamp":1569244867,"path_taken":["M","?","M","M","?","R","M","R","T","E","R","$","M","?","R","BOSS","M","?","M","M","$","R","M","M","T","$","?","R","?","?","R","BOSS"],"build_version":"2019-09-20","purchased_purges":3,"victory":false,"max_hp_per_floor":[66,66,66,66,66,66,66,66,66,66,66,66,66,66,66,66,66,66,66,66,66,66,66,66,66,76,76,76,76,76,76,76,76],"card_choices":[{"not_picked":["Blade Dance","Eviscerate"],"picked":"Endless Agony","floor":1.0},{"not_picked":["MentalFortress","Leap","FlyingSleeves"],"picked":"SKIP","floor":3.0},{"not_picked":["Streamline","Scrape"],"picked":"Gash","floor":4.0},{"not_picked":["Clash","Weave"],"picked":"Second Wind","floor":7.0},{"not_picked":["Capacitor","FlurryOfBlows","Intimidate"],"picked":"SKIP","floor":10.0},{"not_picked":["PiercingWail","FlyingSleeves","Streamline"],"picked":"SKIP","floor":13.0},{"not_picked":["DeusExMachina","Doppelganger"],"picked":"LessonLearned","floor":16.0},{"not_picked":["Quick Slash","JustLucky"],"picked":"Recycle+1","floor":18.0},{"not_picked":["Steam","Combust"],"picked":"True Grit+1","floor":20.0},{"not_picked":["Ball Lightning","CutThroughFate"],"picked":"Scrape","floor":21.0},{"not_picked":["PathToVictory","Unload","Poisoned Stab"],"picked":"SKIP","floor":24.0},{"not_picked":["Warcry","Dodge and Roll","Perfected Strike"],"picked":"SKIP","floor":25.0},{"not_picked":["BowlingBash+1","PiercingWail"],"picked":"Body Slam","floor":28.0},{"not_picked":["Dagger Throw","CrushJoints+1"],"picked":"Self Repair","floor":31.0}],"player_experience":954210,"relics_obtained":[{"floor":9.0,"key":"Blood Vial"},{"floor":10.0,"key":"Letter Opener"},{"floor":26.0,"key":"Pear"}],"event_choices":[{"damage_healed":0.0,"max_hp_gain":0.0,"max_hp_loss":0.0,"gold_gain":0.0,"event_name":"Scrap Ooze","player_choice":"Success","floor":5.0,"gold_loss":0.0,"damage_taken":5.0,"relics_obtained":["Orichalcum"]},{"damage_healed":0.0,"max_hp_gain":0.0,"max_hp_loss":0.0,"gold_gain":0.0,"event_name":"Liars Game","player_choice":"Ignored","floor":14.0,"gold_loss":0.0,"damage_taken":0.0},{"damage_healed":0.0,"max_hp_gain":0.0,"max_hp_loss":0.0,"gold_gain":275.0,"event_name":"Golden Shrine","player_choice":"Desecrate","floor":19.0,"gold_loss":0.0,"damage_taken":0.0,"cards_obtained":["Regret"]},{"cards_removed":["Strike_G"],"damage_healed":0.0,"max_hp_gain":0.0,"max_hp_loss":0.0,"gold_gain":0.0,"event_name":"Bonfire Elementals","player_choice":"Offered Basic","floor":30.0,"gold_loss":0.0,"damage_taken":0.0}],"is_beta":true,"boss_relics":[{"not_picked":["Fusion Hammer","Cursed Key"],"picked":"HoveringKite"}],"items_purged_floors":[2,12,22],"is_endless":false,"potions_floor_spawned":[1,10,13,20,21,24],"killed_by":"Collector","ascension_level":20}