{"gold_per_floor":[116,116,135,148,44,71,71,103,175,175,175,187,8,25,25,99,99,112,112,11,61,61,61,76,96,96,114,127,127,143,143,143,221,221,241,241,341,69,89,89,102,131,157,157,211,211,3,21,21,21,21,21,21,21,47,47],"floor_reached":57,"playtime":2618,"items_purged":["Strike_B","Defend_B"],"score":2730,"play_id":"2f6361c4-c165-466c-a7a6-91c718b2385f","local_time":"20191009171454","is_ascension_mode":true,"campfire_choices":[{"data":"Chaos","floor":7.0,"key":"SMITH"},{"data":"Zap","floor":11.0,"key":"SMITH"},{"floor":15.0,"key":"REST"},{"data":"Apotheosis","floor":23.0,"key":"SMITH"},{"data":"Coolheaded","floor":29.0,"key":"SMITH"},{"floor":32.0,"key":"REST"},{"floor":46.0,"key":"REST"},{"floor":49.0,"key":"RECALL"},{"data":"Heatsinks","floor":53.0,"key":"SMITH"}],"neow_cost":"NONE","seed_source_timestamp":78624104210835,"circlet_count":0,"master_deck":["AscendersBane","Defend_B","Defend_B","Defend_B","Zap+1","Dualcast","Turbo","Genetic Algorithm","Chaos+1","Glacier","Lockon","Cold Snap","Fission","Fission","Compile Driver","Apotheosis+1","Sunder","Machine Learning","Coolheaded+1","Scrape","All For One","Redo","Heatsinks+1","Capacitor","Hologram","Beam Cell","Turbo","Reboot","CurseOfTheBell","Skim","Meteor Strike","Loop+1","Creative AI+1","Gash","Turbo","Sweeping Beam+1","Steam Power+1","Stack+1","Enlightenment","Master of Strategy","Defragment+1","Hologram","Capacitor+1"],"special_seed":0,"relics":["Cracked Core","NeowsBlessing","Mango","Orichalcum","Shuriken","Nuclear Battery","Akabeko","Frozen Egg 2","Calling Bell","Pen Nib","Ornamental Fan","Pocketwatch","StoneCalendar","Orrery","InkBottle","Thread and Needle","OrangePellets","Nunchaku"],"potions_floor_usage":[56,56],"damage_taken":[{"damage":0.0,"enemies":"Jaw Worm","floor":1.0,"turns":1.0},{"damage":0.0,"enemies":"Cultist","floor":3.0,"turns":1.0},{"damage":0.0,"enemies":"Small Slimes","floor":4.0,"turns":1.0},{"damage":29.0,"enemies":"Gremlin Nob","floor":6.0,"turns":6.0},{"damage":36.0,"enemies":"3 Sentries","floor":8.0,"turns":15.0},{"damage":5.0,"enemies":"Exordium Thugs","floor":12.0,"turns":4.0},{"damage":5.0,"enemies":"Blue Slaver","floor":14.0,"turns":3.0},{"damage":18.0,"enemies":"Slime Boss","floor":16.0,"turns":9.0},{"damage":22.0,"enemies":"Shell Parasite","floor":18.0,"turns":6.0},{"damage":8.0,"enemies":"3 Byrds","floor":24.0,"turns":4.0},{"damage":0.0,"enemies":"Centurion and Healer","floor":25.0,"turns":3.0},{"damage":0.0,"enemies":"Snecko","floor":27.0,"turns":3.0},{"damage":6.0,"enemies":"3 Cultists","floor":28.0,"turns":4.0},{"damage":10.0,"enemies":"Snake Plant","floor":30.0,"turns":3.0},{"damage":1.0,"enemies":"Automaton","floor":33.0,"turns":8.0},{"damage":0.0,"enemies":"Orb Walker","floor":35.0,"turns":2.0},{"damage":7.0,"enemies":"Mind Bloom Boss Battle","floor":37.0,"turns":6.0},{"damage":7.0,"enemies":"3 Shapes","floor":39.0,"turns":4.0},{"damage":38.0,"enemies":"Transient","floor":41.0,"turns":6.0},{"damage":0.0,"enemies":"Nemesis","floor":42.0,"turns":3.0},{"damage":0.0,"enemies":"2 Orb Walkers","floor":45.0,"turns":2.0},{"damage":0.0,"enemies":"Spire Growth","floor":48.0,"turns":3.0},{"damage":7.0,"enemies":"Donu and Deca","floor":50.0,"turns":5.0},{"damage":9.0,"enemies":"Awakened One","floor":51.0,"turns":8.0},{"damage":0,"enemies":"Shield and Spear","floor":55,"turns":3},{"damage":21,"enemies":"The Heart","floor":56,"turns":9}],"seed_played":"8254918343834167020","potions_obtained":[{"floor":3.0,"key":"Block Potion"},{"floor":8.0,"key":"EssenceOfSteel"},{"floor":10.0,"key":"PowerPotion"},{"floor":12.0,"key":"Weak Potion"},{"floor":16.0,"key":"Dexterity Potion"},{"floor":24.0,"key":"Ancient Potion"},{"floor":35.0,"key":"Explosive Potion"},{"floor":48.0,"key":"Fire Potion"},{"floor":55,"key":"SkillPotion"}],"is_trial":false,"path_per_floor":["M","?","M","M","$","E","R","E","T","?","R","M","$","M","R","B",null,"M","?","$","?","?","R","M","M","T","M","M","R","M","T","R","B",null,"M","?","?","$","M","$","M","E","T","?","?","R","$","M","R","B","B",null,"R","$","E","B",null],"character_chosen":"DEFECT","items_purchased":["Lockon","Cold Snap","Apotheosis","Redo","Orrery","OrangePellets","Hologram"],"campfire_rested":3,"item_purchase_floors":[5,5,13,20,38,47,47],"current_hp_per_floor":[64,64,64,64,64,49,49,13,13,13,13,8,8,3,28,10,66,44,44,44,44,44,44,36,36,36,36,30,30,20,20,45,44,75,75,75,68,68,61,61,23,23,23,13,13,38,38,38,38,31,22,69,69,69,69,48],"gold":47,"neow_bonus":"THREE_ENEMY_KILL","is_prod":false,"is_daily":false,"chose_seed":false,"campfire_upgraded":5,"win_rate":0,"timestamp":1570612494,"path_taken":["M","?","M","?","?","E","R","E","T","?","R","M","$","M","R","BOSS","M","?","$","?","?","R","M","?","T","M","M","R","M","?","R","BOSS","M","?","?","$","M","?","?","E","T","?","?","R","$","M","R","BOSS","BOSS","R","$","E","BOSS"],"build_version":"2019-10-08","purchased_purges":2,"victory":true,"max_hp_per_floor":[71,71,71,71,71,85,85,85,85,85,85,85,85,85,85,85,85,85,85,85,85,85,85,85,85,85,85,85,85,85,85,85,85,85,85,85,85,85,85,85,85,85,85,85,85,85,85,85,85,85,85,85,85,85,85,85],"card_choices":[{"not_picked":["Barrage","Steam"],"picked":"Turbo","floor":1.0},{"not_picked":["Hologram","Auto Shields"],"picked":"Chaos","floor":3.0},{"not_picked":["Cold Snap","Chaos"],"picked":"Glacier","floor":4.0},{"not_picked":["Rebound","Ball Lightning"],"picked":"Fission","floor":6.0},{"not_picked":["Leap","Steam"],"picked":"Fission","floor":8.0},{"not_picked":["Auto Shields","Reinforced Body"],"picked":"Compile Driver","floor":12.0},{"not_picked":["Coolheaded","Heatsinks"],"picked":"Sunder","floor":14.0},{"not_picked":["Creative AI","Amplify"],"picked":"Machine Learning","floor":16.0},{"not_picked":["Gash","Conserve Battery"],"picked":"Coolheaded","floor":18.0},{"not_picked":["Force Field","Cold Snap"],"picked":"Heatsinks","floor":24.0},{"not_picked":["Sweeping Beam","Go for the Eyes"],"picked":"Capacitor","floor":25.0},{"not_picked":["Fusion","Gash+1"],"picked":"Hologram","floor":27.0},{"not_picked":["Auto Shields","Darkness"],"picked":"Beam Cell","floor":28.0},{"not_picked":["Conserve Battery","Reinforced Body"],"picked":"Turbo","floor":30.0},{"not_picked":["Machine Learning+1","Rainbow"],"picked":"Reboot","floor":33.0},{"not_picked":["Hologram","Ball Lightning"],"picked":"Skim","floor":35.0},{"not_picked":["Streamline","Doom and Gloom"],"picked":"Meteor Strike","floor":37.0},{"not_picked":["Stack","Redo"],"picked":"Loop+1","floor":38.0},{"not_picked":["Redo","Beam Cell"],"picked":"Creative AI+1","floor":38.0},{"not_picked":["Streamline+1","Cold Snap"],"picked":"Gash","floor":38.0},{"not_picked":["Cold Snap+1","Ball Lightning+1"],"picked":"Turbo","floor":38.0},{"not_picked":["Turbo","Leap"],"picked":"Sweeping Beam+1","floor":38.0},{"not_picked":["Cold Snap","Streamline","Go for the Eyes"],"picked":"SKIP","floor":39.0},{"not_picked":["Glacier","Darkness+1"],"picked":"Steam Power+1","floor":41.0},{"not_picked":["Consume","Ball Lightning+1"],"picked":"Stack+1","floor":42.0},{"not_picked":["PanicButton","Swift Strike"],"picked":"Enlightenment","floor":44.0},{"not_picked":["Madness","Panacea"],"picked":"Master of Strategy","floor":44.0},{"not_picked":["Doom and Gloom","Steam"],"picked":"Defragment+1","floor":45.0},{"not_picked":["Stack","Force Field"],"picked":"Capacitor+1","floor":48.0},{"not_picked":["Conserve Battery","Ball Lightning","Steam+1"],"picked":"SKIP","floor":55}],"player_experience":1071161,"relics_obtained":[{"floor":6.0,"key":"Mango"},{"floor":8.0,"key":"Orichalcum"},{"floor":9.0,"key":"Shuriken"},{"floor":26.0,"key":"Akabeko"},{"floor":31.0,"key":"Frozen Egg 2"},{"floor":34.0,"key":"Pen Nib"},{"floor":34.0,"key":"Ornamental Fan"},{"floor":34.0,"key":"Pocketwatch"},{"floor":37.0,"key":"StoneCalendar"},{"floor":42.0,"key":"InkBottle"},{"floor":45.0,"key":"Thread and Needle"},{"floor":55,"key":"Nunchaku"}],"event_choices":[{"damage_healed":0.0,"max_hp_gain":0.0,"max_hp_loss":0.0,"gold_gain":0.0,"cards_transformed":["Strike_B"],"event_name":"Transmorgrifier","player_choice":"Transformed","floor":2.0,"gold_loss":0.0,"damage_taken":0.0,"cards_obtained":["Genetic Algorithm"]},{"damage_healed":0.0,"max_hp_gain":0.0,"max_hp_loss":0.0,"gold_gain":0.0,"event_name":"Lab","player_choice":"Got Potions","floor":10.0,"gold_loss":0.0,"damage_taken":0.0},{"damage_healed":0.0,"max_hp_gain":0.0,"max_hp_loss":0.0,"gold_gain":0.0,"cards_transformed":["Strike_B","Strike_B"],"event_name":"Drug Dealer","player_choice":"Became Test Subject","floor":19.0,"gold_loss":0.0,"damage_taken":0.0,"cards_obtained":["Scrape","All For One"]},{"damage_healed":0.0,"max_hp_gain":0.0,"max_hp_loss":0.0,"gold_gain":50.0,"event_name":"Nest","player_choice":"Stole From Cult","floor":21.0,"gold_loss":0.0,"damage_taken":0.0},{"damage_healed":0.0,"max_hp_gain":0.0,"max_hp_loss":0.0,"gold_gain":0.0,"event_name":"Tomb of Lord Red Mask","player_choice":"Ignored","floor":36.0,"gold_loss":0.0,"damage_taken":0.0},{"damage_healed":0.0,"max_hp_gain":0.0,"max_hp_loss":0.0,"gold_gain":0.0,"event_name":"MindBloom","player_choice":"Fight","floor":37.0,"gold_loss":0.0,"damage_taken":0.0},{"damage_healed":0.0,"max_hp_gain":0.0,"max_hp_loss":0.0,"gold_gain":0.0,"event_name":"SensoryStone","player_choice":"Memory 3","floor":44.0,"gold_loss":0.0,"damage_taken":10.0},{"damage_healed":0.0,"max_hp_gain":0.0,"max_hp_loss":0.0,"gold_gain":0.0,"event_name":"Mysterious Sphere","player_choice":"Fight","floor":45.0,"gold_loss":0.0,"damage_taken":0.0}],"is_beta":true,"boss_relics":[{"not_picked":["Coffee Dripper","SlaversCollar"],"picked":"Nuclear Battery"},{"not_picked":["Runic Dome","Inserter"],"picked":"Calling Bell"}],"items_purged_floors":[20,38],"is_endless":false,"potions_floor_spawned":[3,8,12,16,24,25,35,48,55],"ascension_level":20}