{"path_per_floor":["M","?","M","M","$","R","M","M","T","M","M","R","?","M","R","B",null,"M","M","?","$","?"],"character_chosen":"IRONCLAD","items_purchased":["Flex","Bag of Marbles","Armaments"],"gold_per_floor":[111,286,296,311,60,60,72,87,111,128,147,147,147,158,158,261,261,278,294,294,169,84],"floor_reached":23,"campfire_rested":0,"playtime":1587,"current_hp_per_floor":[78,78,78,75,75,75,74,80,80,80,75,75,68,73,73,24,80,80,80,80,80,80],"items_purged":["Doubt","Strike_R"],"gold":84,"play_id":"aa4e2929-6b0d-4997-9d24-17b3dcdb4742","is_prod":false,"is_daily":false,"is_ascension_mode":true,"campfire_upgraded":3,"path_taken":["M","?","M","?","$","R","M","M","T","M","M","R","?","?","R","BOSS","M","M","?","$","?","E"],"build_version":"2018-02-01-PROD3","purchased_purges":2,"victory":false,"master_deck":["Strike_R","Strike_R","Strike_R","Strike_R","Defend_R","Defend_R","Defend_R","Defend_R","Bash","Searing Blow+2","Pummel","Flex","Armaments+1","Flex","Offering","Disarm+1","Metallicize","Metallicize","Armaments"],"max_hp_per_floor":[80,80,80,80,80,80,80,80,80,80,80,80,80,80,80,80,80,80,80,80,80,80],"relics":["Burning Blood","Bag of Marbles","Dream Catcher","Bird Faced Urn","Velvet Choker","Juzu Bracelet"],"card_choices":[{"not_picked":["Clash","Shrug It Off"],"picked":"Searing Blow"},{"not_picked":["Thunderclap","Fiend Fire"],"picked":"Pummel"},{"not_picked":["Clothesline","Seeing Red"],"picked":"Armaments"},{"not_picked":["Pommel Strike","Shockwave"],"picked":"Flex"},{"not_picked":["Barricade","Bludgeon"],"picked":"Offering"},{"not_picked":["Sever Soul","Shrug It Off"],"picked":"Disarm"},{"not_picked":["Heavy Blade","Perfected Strike"],"picked":"Metallicize"}],"player_experience":104743,"potions_floor_usage":[4,10,11,16,23],"damage_taken":[{"damage":8,"enemies":"Cultist","floor":1,"turns":6},{"damage":6,"enemies":"2 Louse","floor":3,"turns":3},{"damage":9,"enemies":"Blue Slaver","floor":4,"turns":3},{"damage":7,"enemies":"3 Louse","floor":7,"turns":4},{"damage":0,"enemies":"Large Slime","floor":8,"turns":4},{"damage":0,"enemies":"2 Fungi Beasts","floor":10,"turns":2},{"damage":11,"enemies":"Red Slaver","floor":11,"turns":4},{"damage":1,"enemies":"3 Louse","floor":14,"turns":3},{"damage":55,"enemies":"The Guardian","floor":16,"turns":8},{"damage":4,"enemies":"Chosen","floor":18,"turns":2},{"damage":4,"enemies":"Spheric Guardian","floor":19,"turns":3},{"damage":82,"enemies":"Gremlin Leader","floor":23,"turns":12}],"event_choices":[{"event_name":"Liars Game","player_choice":"agreed","floor":2,"damage_taken":0},{"event_name":"Scrap Ooze","player_choice":"success","floor":13,"damage_taken":7},{"event_name":"The Library","player_choice":"Read","floor":20,"damage_taken":0},{"event_name":"Addict","player_choice":"Obtained Relic","floor":22,"damage_taken":0}],"boss_relics":[{"not_picked":["Astrolabe","Mark of Pain"],"picked":"Velvet Choker"}],"potions_floor_spawned":[1,7,8,14,16],"seed_played":"8685706794362199347","killed_by":"Gremlin Leader","ascension_level":1,"is_trial":false}