{"gold_per_floor":[114,88,88,105,55,114,124,124,424,76,87,87,87,105,105,209,209,221,221,221,240,240,240,251,251],"floor_reached":25,"playtime":898,"items_purged":[],"score":231,"play_id":"fb0b68b1-5647-452a-8606-d1ed27c8fa0f","local_time":"20191011091008","is_ascension_mode":true,"campfire_choices":[{"data":"Zap","floor":13,"key":"SMITH"},{"floor":15,"key":"REST"},{"data":"Thunder Strike","floor":23,"key":"SMITH"}],"neow_cost":"NONE","seed_source_timestamp":4841525912300,"circlet_count":0,"master_deck":["Strike_B","Strike_B","Strike_B","Defend_B","Defend_B","Defend_B","Zap+1","Dualcast","Streamline","Barrage","Leap","Doom and Gloom","Electrodynamics","Steam","Lockon","Thunder Strike+1","Redo+1","Gash+1","Amplify"],"relics":["Cracked Core","Tiny Chest","Symbiotic Virus","Old Coin","Medical Kit","Bag of Preparation","Enchiridion","Nloth\u0027s Gift"],"potions_floor_usage":[16,16,21],"damage_taken":[{"damage":7,"enemies":"Small Slimes","floor":1,"turns":3},{"damage":4,"enemies":"2 Louse","floor":4,"turns":2},{"damage":41,"enemies":"Gremlin Nob","floor":6,"turns":5},{"damage":4,"enemies":"Jaw Worm","floor":7,"turns":4},{"damage":9,"enemies":"2 Fungi Beasts","floor":11,"turns":2},{"damage":1,"enemies":"Exordium Thugs","floor":14,"turns":4},{"damage":20,"enemies":"Hexaghost","floor":16,"turns":7},{"damage":7,"enemies":"3 Byrds","floor":18,"turns":3},{"damage":6,"enemies":"Shell Parasite","floor":21,"turns":3},{"damage":12,"enemies":"3 Cultists","floor":24,"turns":4},{"damage":48,"enemies":"Shelled Parasite and Fungi","floor":25,"turns":3}],"seed_played":"5508870494994909213","potions_obtained":[{"floor":6,"key":"Poison Potion"},{"floor":7,"key":"Energy Potion"},{"floor":14,"key":"FocusPotion"},{"floor":21,"key":"SpeedPotion"},{"floor":24,"key":"Dexterity Potion"}],"is_trial":false,"path_per_floor":["M","$","?","M","?","E","M","T","T","$","M","?","R","M","R","B",null,"M","?","?","M","?","R","M","M"],"character_chosen":"DEFECT","items_purchased":["Barrage","Medical Kit","Bag of Preparation"],"campfire_rested":1,"item_purchase_floors":[2,10,10],"current_hp_per_floor":[75,75,80,76,76,35,31,31,31,31,22,15,15,14,40,20,87,80,64,64,58,58,58,46,0],"gold":251,"neow_bonus":"TEN_PERCENT_HP_BONUS","is_prod":false,"is_daily":false,"chose_seed":false,"campfire_upgraded":2,"win_rate":0,"timestamp":1570777808,"path_taken":["M","$","?","M","?","E","M","?","T","$","M","?","R","M","R","BOSS","M","?","?","M","?","R","M","?"],"build_version":"2019-07-17","purchased_purges":0,"victory":false,"max_hp_per_floor":[82,82,87,87,87,87,87,87,87,87,87,87,87,87,87,87,87,87,87,87,87,87,87,87,87],"card_choices":[{"not_picked":["Stack","Go for the Eyes"],"picked":"Streamline","floor":1},{"not_picked":["Cold Snap","Double Energy"],"picked":"Leap","floor":4},{"not_picked":["Compile Driver","Sweeping Beam"],"picked":"Doom and Gloom","floor":6},{"not_picked":["Rebound","Defragment"],"picked":"Electrodynamics","floor":7},{"not_picked":["Recycle","Hologram"],"picked":"Steam","floor":11},{"not_picked":["Steam","Redo"],"picked":"Lockon","floor":14},{"not_picked":["Amplify","Seek"],"picked":"Thunder Strike","floor":16},{"not_picked":["Go for the Eyes","Hologram"],"picked":"Redo+1","floor":18},{"not_picked":["FTL","Compile Driver"],"picked":"Gash+1","floor":21},{"not_picked":["Go for the Eyes","Genetic Algorithm"],"picked":"Amplify","floor":24}],"player_experience":293064,"relics_obtained":[{"floor":6,"key":"Tiny Chest"},{"floor":8,"key":"Symbiotic Virus"},{"floor":9,"key":"Old Coin"},{"floor":19,"key":"Enchiridion"}],"event_choices":[{"damage_healed":0,"gold_gain":0,"player_choice":"Donut","damage_taken":0,"max_hp_gain":5,"max_hp_loss":0,"event_name":"Big Fish","floor":3,"gold_loss":0},{"cards_removed":["Strike_B"],"damage_healed":0,"gold_gain":0,"player_choice":"Card Removal","damage_taken":0,"max_hp_gain":0,"max_hp_loss":0,"event_name":"The Cleric","floor":5,"gold_loss":50},{"cards_removed":["Defend_B"],"damage_healed":0,"gold_gain":0,"player_choice":"Card Removal","damage_taken":7,"max_hp_gain":0,"max_hp_loss":0,"event_name":"Golden Wing","floor":12,"gold_loss":0},{"damage_healed":0,"gold_gain":0,"player_choice":"Obtained Book","damage_taken":16,"max_hp_gain":0,"max_hp_loss":0,"event_name":"Cursed Tome","floor":19,"gold_loss":0},{"damage_healed":0,"gold_gain":0,"player_choice":"Ignored","damage_taken":0,"max_hp_gain":0,"max_hp_loss":0,"event_name":"The Mausoleum","floor":20,"gold_loss":0},{"damage_healed":0,"gold_gain":0,"player_choice":"Traded Relic","damage_taken":0,"relics_obtained":["Nloth\u0027s Gift"],"max_hp_gain":0,"max_hp_loss":0,"event_name":"N\u0027loth","floor":22,"relics_lost":["Runic Pyramid"],"gold_loss":0}],"is_beta":false,"boss_relics":[{"not_picked":["Runic Dome","Philosopher\u0027s Stone"],"picked":"Runic Pyramid"}],"items_purged_floors":[],"is_endless":false,"potions_floor_spawned":[6,7,14,21,24],"killed_by":"Shelled Parasite and Fungi","ascension_level":3}