{"gold_per_floor":[212,228,247,247,265,265,265,22,22,48,74,88,88,106,106,200,200,225,425,445,461,123,123,162,174,186,120,161,161],"floor_reached":29,"playtime":947,"items_purged":["Strike_B","Defend_B"],"score":506,"play_id":"59463a94-5e89-4080-b673-44e334564bf4","local_time":"20190927143517","is_ascension_mode":true,"campfire_choices":[{"data":"Zap","floor":6.0,"key":"SMITH"},{"data":"Coolheaded","floor":13.0,"key":"SMITH"},{"data":"Recycle","floor":15.0,"key":"SMITH"},{"data":"Sunder","floor":23.0,"key":"SMITH"}],"neow_cost":"NONE","seed_source_timestamp":425777458602253,"circlet_count":0,"master_deck":["AscendersBane","Defend_B","Defend_B","Defend_B","Zap+1","Dualcast","Conserve Battery","Ball Lightning","Compile Driver","Coolheaded","All For One","Coolheaded+1","Recycle+1","Electrodynamics","Static Discharge+1","Buffer+1","Compile Driver+1","Beam Cell","Sunder+1","Chaos","Seek","Coolheaded+1","Heatsinks","Loop"],"special_seed":0,"relics":["Cracked Core","Golden Idol","Turnip","Happy Flower","Gambling Chip","Odd Mushroom","Anchor","Astrolabe","TheAbacus","MawBank","Bronze Scales"],"potions_floor_usage":[29],"damage_taken":[{"damage":2.0,"enemies":"Jaw Worm","floor":1.0,"turns":3.0},{"damage":1.0,"enemies":"2 Louse","floor":2.0,"turns":5.0},{"damage":1.0,"enemies":"Cultist","floor":3.0,"turns":3.0},{"damage":13.0,"enemies":"3 Louse","floor":5.0,"turns":3.0},{"damage":10.0,"enemies":"The Mushroom Lair","floor":10.0,"turns":4.0},{"damage":4.0,"enemies":"Lots of Slimes","floor":12.0,"turns":4.0},{"damage":0.0,"enemies":"Large Slime","floor":14.0,"turns":3.0},{"damage":21.0,"enemies":"The Guardian","floor":16.0,"turns":13.0},{"damage":0.0,"enemies":"Shell Parasite","floor":18.0,"turns":6.0},{"damage":0.0,"enemies":"Chosen","floor":20.0,"turns":4.0},{"damage":10.0,"enemies":"Centurion and Healer","floor":21.0,"turns":4.0},{"damage":12.0,"enemies":"Slavers","floor":24.0,"turns":3.0},{"damage":18.0,"enemies":"Book of Stabbing","floor":28.0,"turns":4.0},{"damage":16,"enemies":"Snake Plant","floor":29,"turns":2}],"seed_played":"-7545249439004661902","potions_obtained":[{"floor":1.0,"key":"SpeedPotion"},{"floor":2.0,"key":"LiquidBronze"},{"floor":24.0,"key":"Ancient Potion"}],"is_trial":false,"path_per_floor":["M","M","M","?","M","R","?","$","T","?","T","M","R","M","R","B",null,"M","?","M","M","$","R","E","?","T","$","E","M"],"character_chosen":"DEFECT","items_purchased":["Happy Flower","Seek","TheAbacus","Heatsinks"],"campfire_rested":0,"item_purchase_floors":[8,22,22,27],"current_hp_per_floor":[62,61,60,60,47,47,47,47,47,37,37,33,33,33,33,12,51,51,51,51,41,41,41,29,29,29,29,11,0],"gold":161,"neow_bonus":"HUNDRED_GOLD","is_prod":false,"is_daily":false,"chose_seed":false,"campfire_upgraded":4,"win_rate":0,"timestamp":1569566117,"path_taken":["M","M","M","?","M","R","?","$","T","?","?","M","R","M","R","BOSS","M","?","M","M","?","R","E","?","T","$","E","?"],"build_version":"2019-09-26","purchased_purges":2,"victory":false,"max_hp_per_floor":[71,71,71,64,64,64,64,64,64,64,64,64,64,64,64,64,64,64,64,64,64,64,64,64,64,64,64,64,64],"card_choices":[{"not_picked":["Chill","Go for the Eyes"],"picked":"Conserve Battery","floor":1.0},{"not_picked":["Stack","Chaos"],"picked":"Ball Lightning","floor":2.0},{"not_picked":["Gash","Auto Shields"],"picked":"Compile Driver","floor":3.0},{"not_picked":["Melter","Ball Lightning"],"picked":"Coolheaded","floor":5.0},{"not_picked":["Conserve Battery","Beam Cell"],"picked":"All For One","floor":10.0},{"not_picked":["Streamline","Conserve Battery"],"picked":"Coolheaded","floor":12.0},{"not_picked":["Capacitor","White Noise"],"picked":"Recycle","floor":14.0},{"not_picked":["Creative AI","Fission"],"picked":"Electrodynamics","floor":16.0},{"not_picked":["Ball Lightning","Aggregate"],"picked":"Beam Cell","floor":18.0},{"not_picked":["Genetic Algorithm","Redo"],"picked":"Sunder","floor":20.0},{"not_picked":["Coolheaded","Redo"],"picked":"Chaos","floor":21.0},{"not_picked":["Streamline","Beam Cell","Compile Driver"],"picked":"SKIP","floor":24.0},{"not_picked":["Stack","Conserve Battery"],"picked":"Loop","floor":28.0}],"player_experience":1025058,"relics_obtained":[{"floor":9.0,"key":"Gambling Chip"},{"floor":10.0,"key":"Odd Mushroom"},{"floor":11.0,"key":"Anchor"},{"floor":24.0,"key":"MawBank"},{"floor":28.0,"key":"Bronze Scales"}],"event_choices":[{"damage_healed":0.0,"max_hp_gain":0.0,"max_hp_loss":7.0,"gold_gain":0.0,"event_name":"Golden Idol","player_choice":"Lose Max HP","floor":4.0,"gold_loss":0.0,"damage_taken":0.0,"relics_obtained":["Golden Idol"]},{"damage_healed":0.0,"max_hp_gain":0.0,"max_hp_loss":0.0,"gold_gain":0.0,"event_name":"Dead Adventurer","player_choice":"Searched \u00272\u0027 times","floor":7.0,"gold_loss":0.0,"damage_taken":0.0,"relics_obtained":["Turnip"]},{"damage_healed":0.0,"max_hp_gain":0.0,"max_hp_loss":0.0,"gold_gain":0.0,"event_name":"Mushrooms","player_choice":"Fought Mushrooms","floor":10.0,"gold_loss":0.0,"damage_taken":0.0},{"damage_healed":0.0,"max_hp_gain":0.0,"max_hp_loss":0.0,"gold_gain":250.0,"event_name":"The Joust","player_choice":"Bet on Owner","floor":19.0,"gold_loss":50.0,"damage_taken":0.0},{"damage_healed":0.0,"max_hp_gain":0.0,"max_hp_loss":0.0,"gold_gain":0.0,"event_name":"Duplicator","player_choice":"Copied","floor":25.0,"gold_loss":0.0,"damage_taken":0.0,"cards_obtained":["Coolheaded"]}],"is_beta":true,"boss_relics":[{"not_picked":["Fusion Hammer","Ectoplasm"],"picked":"Astrolabe"}],"items_purged_floors":[8,22],"is_endless":false,"potions_floor_spawned":[1,2,12,14,16,24,28],"killed_by":"Snake Plant","ascension_level":20}