{"path_per_floor":["M","?","M","?","?","R","E","R","T","?","$","E","T","M","R","B",null,"M","?","$","M","?","R","M","R","T","M","R","M","$","?","R"],"character_chosen":"THE_SILENT","items_purchased":["Shuriken","Lantern","Accuracy","Bane"],"gold_per_floor":[20,20,39,39,289,289,327,327,327,327,73,107,160,185,185,314,314,334,334,78,91,91,91,107,107,107,130,130,154,28,28,28],"floor_reached":33,"campfire_rested":5,"playtime":1337,"current_hp_per_floor":[62,48,39,22,22,43,31,55,55,55,55,31,31,21,45,27,67,39,65,65,49,33,33,1,25,25,20,20,32,32,32,56],"items_purged":["Regret","Strike_G"],"gold":28,"score":339,"play_id":"80885105-d38f-457d-a8e3-de4e8920c49f","is_prod":false,"is_daily":false,"is_ascension_mode":true,"campfire_upgraded":2,"path_taken":["M","?","?","?","?","R","E","R","T","?","?","E","?","M","R","BOSS","M","?","$","M","?","R","M","R","T","M","R","M","$","?","R","BOSS"],"build_version":"2018-02-12-PROD1","purchased_purges":2,"victory":false,"master_deck":["Defend_G","Defend_G","Defend_G","Defend_G+1","Defend_G","Strike_G","Strike_G","Strike_G+1","Survivor","Neutralize","Infinite Blades","Noxious Fumes","Bane","Bullet Time+1","Terror","Envenom","Accuracy","Dagger Spray+1","Necronomicurse","Cloak And Dagger+1","Acrobatics","Dash+1","Bane"],"max_hp_per_floor":[70,70,70,70,70,70,80,80,80,80,80,80,80,80,80,80,80,80,80,80,80,80,80,80,80,80,80,80,80,80,80,80],"relics":["Ring of the Snake","Sundial","Golden Idol","Pear","Oddly Smooth Stone","Shuriken","Tough Bandages","Bronze Scales","Sozu","Lantern","Necronomicon","Meat on the Bone"],"card_choices":[{"not_picked":["Deadly Poison","PiercingWail"],"picked":"Infinite Blades"},{"not_picked":["Eviscerate","Bane"],"picked":"Noxious Fumes"},{"not_picked":["Dodge and Roll","Slice"],"picked":"Bane"},{"not_picked":["Flying Knee","Dagger Spray"],"picked":"Terror"},{"not_picked":["Night Terror","Phantasmal Killer"],"picked":"Envenom"},{"not_picked":["Bane","Dagger Throw"],"picked":"Dagger Spray"},{"not_picked":["Underhanded Strike","Accuracy"],"picked":"Cloak And Dagger"},{"not_picked":["PiercingWail","Deadly Poison"],"picked":"Acrobatics"},{"not_picked":["Poisoned Stab","Cloak And Dagger"],"picked":"Dash"}],"player_experience":163281,"potions_floor_usage":[7,12,16],"damage_taken":[{"damage":1,"enemies":"2 Louse","floor":1,"turns":3},{"damage":9,"enemies":"Small Slimes","floor":3,"turns":4},{"damage":22,"enemies":"Lagavulin","floor":7,"turns":6},{"damage":24,"enemies":"3 Sentries","floor":12,"turns":8},{"damage":10,"enemies":"Blue Slaver","floor":14,"turns":4},{"damage":18,"enemies":"Hexaghost","floor":16,"turns":7},{"damage":28,"enemies":"3 Byrds","floor":18,"turns":3},{"damage":16,"enemies":"Spheric Guardian","floor":21,"turns":5},{"damage":32,"enemies":"Slaver and Parasite","floor":24,"turns":6},{"damage":17,"enemies":"Snecko","floor":27,"turns":4},{"damage":0,"enemies":"Centurion and Healer","floor":29,"turns":5},{"damage":63,"enemies":"Collector","floor":33,"turns":7}],"event_choices":[{"event_name":"Shining Light","player_choice":"Entered Light","floor":2,"damage_taken":0},{"event_name":"Golden Idol","player_choice":"Take Damage","floor":4,"damage_taken":0},{"event_name":"Golden Shrine","player_choice":"Desecrate","floor":5,"damage_taken":0},{"event_name":"Transmorgrifier","player_choice":"Transform","floor":10,"damage_taken":0},{"event_name":"The Library","player_choice":"Heal","floor":19,"damage_taken":0},{"event_name":"Cursed Tome","player_choice":"Obtained Book","floor":22,"damage_taken":0},{"event_name":"The Lab","player_choice":"Got Potions","floor":31,"damage_taken":0}],"boss_relics":[{"not_picked":["Runic Pyramid","Orrery"],"picked":"Sozu"}],"potions_floor_spawned":[1,7,12,16,21,29],"seed_played":"4791374293937319858","killed_by":"Collector","ascension_level":7,"is_trial":false}