{"gold_per_floor":[14,31,51,51,51,51,376,376,376,376,376,404,415,53,53,151,151],"floor_reached":17,"playtime":939,"items_purged":[],"score":179,"play_id":"9249c463-1949-45b2-88a8-edff6251befc","local_time":"20191006103358","is_ascension_mode":true,"campfire_choices":[{"data":"Footwork","floor":6,"key":"SMITH"},{"floor":8,"key":"REST"},{"floor":15,"key":"REST"}],"neow_cost":"NO_GOLD","seed_source_timestamp":89155226324400,"circlet_count":0,"master_deck":["Strike_G","Strike_G","Strike_G","Strike_G","Defend_G","Defend_G","Defend_G","Defend_G+1","Survivor","Neutralize","Footwork+1","Neutralize+1","Poisoned Stab+1","Bane","Cloak And Dagger","Envenom"],"relics":["Ring of the Snake","Old Coin","Ornamental Fan","Bag of Preparation","Calipers"],"potions_floor_usage":[],"damage_taken":[{"damage":0,"enemies":"Cultist","floor":1,"turns":4},{"damage":0,"enemies":"Jaw Worm","floor":2,"turns":5},{"damage":8,"enemies":"Small Slimes","floor":3,"turns":7},{"damage":42,"enemies":"Lagavulin","floor":7,"turns":16},{"damage":6,"enemies":"3 Sentries","floor":12,"turns":10},{"damage":0,"enemies":"3 Louse","floor":13,"turns":4},{"damage":29,"enemies":"Hexaghost","floor":16,"turns":13}],"seed_played":"7707787106132330771","potions_obtained":[{"floor":1,"key":"Swift Potion"},{"floor":3,"key":"Swift Potion"},{"floor":12,"key":"Strength Potion"}],"is_trial":false,"path_per_floor":["M","M","M","?","$","R","E","R","T","?","?","E","M","$","R","B",null],"character_chosen":"THE_SILENT","items_purchased":["Calipers","Cloak And Dagger"],"campfire_rested":2,"item_purchase_floors":[14,14],"current_hp_per_floor":[70,70,62,62,62,62,20,41,41,41,27,21,21,21,42,13,70],"gold":151,"neow_bonus":"REMOVE_TWO","is_prod":false,"is_daily":false,"chose_seed":false,"campfire_upgraded":1,"win_rate":0,"timestamp":1570350838,"path_taken":["M","M","?","?","?","R","E","R","T","?","?","E","M","$","R","BOSS"],"build_version":"2019-07-17","purchased_purges":0,"victory":false,"max_hp_per_floor":[70,70,70,70,70,70,70,70,70,70,70,70,70,70,70,70,70],"card_choices":[{"not_picked":["Prepared","Tactician"],"picked":"Footwork","floor":1},{"not_picked":["Dagger Spray","Tactician","Crippling Poison"],"picked":"SKIP","floor":2},{"not_picked":["Reflex","Slice","Riddle With Holes"],"picked":"SKIP","floor":3},{"not_picked":["Predator","Blade Dance"],"picked":"Poisoned Stab","floor":7},{"not_picked":["Dagger Throw","Eviscerate","Skewer"],"picked":"SKIP","floor":12},{"not_picked":["Infinite Blades","Dagger Throw"],"picked":"Bane","floor":13},{"not_picked":["Phantasmal Killer","Glass Knife"],"picked":"Envenom","floor":16}],"player_experience":211597,"relics_obtained":[{"floor":7,"key":"Old Coin"},{"floor":9,"key":"Ornamental Fan"},{"floor":12,"key":"Bag of Preparation"}],"event_choices":[{"damage_healed":0,"gold_gain":0,"player_choice":"1 cards matched","damage_taken":0,"max_hp_gain":0,"max_hp_loss":0,"event_name":"Match and Keep!","floor":4,"gold_loss":0,"cards_obtained":["Neutralize"]},{"damage_healed":0,"gold_gain":0,"player_choice":"Grow","damage_taken":0,"max_hp_gain":0,"max_hp_loss":0,"event_name":"Living Wall","floor":10,"gold_loss":0,"cards_upgraded":["Poisoned Stab"]},{"damage_healed":0,"gold_gain":0,"player_choice":"Entered Light","damage_taken":14,"max_hp_gain":0,"max_hp_loss":0,"event_name":"Shining Light","floor":11,"gold_loss":0,"cards_upgraded":["Neutralize","Defend_G"]}],"is_beta":false,"boss_relics":[{"not_picked":["Ring of the Serpent","Runic Pyramid","Ectoplasm"]}],"items_purged_floors":[],"is_endless":false,"potions_floor_spawned":[1,3,12,13,16],"ascension_level":2}