{"gold_per_floor":[109,124,138,138,151,151,171,171,171,196,211,211,211,211],"floor_reached":14,"playtime":256,"items_purged":[],"score":84,"play_id":"c1c99419-c8a5-4756-af84-687c6252d7d9","local_time":"20191019231435","is_ascension_mode":false,"campfire_choices":[{"data":"Bash","floor":6,"key":"SMITH"},{"floor":12,"key":"RECALL"}],"neow_cost":"NONE","seed_source_timestamp":532930919682799,"circlet_count":0,"master_deck":["Strike_R","Strike_R","Strike_R","Strike_R","Strike_R","Defend_R","Defend_R","Defend_R","Defend_R","Bash+1","Thunderclap","Shrug It Off","Pummel","Twin Strike","Shrug It Off"],"relics":["Burning Blood","NeowsBlessing","InkBottle","Golden Idol","Blue Candle"],"potions_floor_usage":[10,14],"damage_taken":[{"damage":0,"enemies":"Cultist","floor":1,"turns":1},{"damage":0,"enemies":"2 Louse","floor":2,"turns":1},{"damage":0,"enemies":"Small Slimes","floor":3,"turns":1},{"damage":7,"enemies":"3 Louse","floor":5,"turns":3},{"damage":5,"enemies":"Exordium Thugs","floor":7,"turns":4},{"damage":10,"enemies":"Lots of Slimes","floor":10,"turns":3},{"damage":16,"enemies":"3 Louse","floor":11,"turns":4},{"damage":59,"enemies":"Lagavulin","floor":14,"turns":7}],"seed_played":"-1519521899547230018","potions_obtained":[{"floor":1,"key":"Energy Potion"},{"floor":5,"key":"Fire Potion"},{"floor":10,"key":"Regen Potion"},{"floor":11,"key":"SpeedPotion"}],"is_trial":false,"path_per_floor":["M","M","M","T","M","R","M","?","T","M","M","R","?","E"],"character_chosen":"IRONCLAD","items_purchased":[],"campfire_rested":0,"item_purchase_floors":[],"current_hp_per_floor":[80,80,80,80,79,79,80,60,60,56,46,46,39,0],"gold":211,"neow_bonus":"THREE_ENEMY_KILL","is_prod":false,"is_daily":false,"chose_seed":false,"campfire_upgraded":1,"win_rate":0,"timestamp":1571544875,"path_taken":["M","M","?","?","?","R","M","?","T","M","M","R","?","E"],"build_version":"2019-10-18","purchased_purges":0,"victory":false,"max_hp_per_floor":[80,80,80,80,80,80,80,80,80,80,80,80,80,80],"card_choices":[{"not_picked":["Sever Soul","Heavy Blade"],"picked":"Thunderclap","floor":1},{"not_picked":["Headbutt","Wild Strike"],"picked":"Shrug It Off","floor":2},{"not_picked":["Havoc","Anger","Iron Wave"],"picked":"SKIP","floor":3},{"not_picked":["Wild Strike","Twin Strike"],"picked":"Pummel","floor":5},{"not_picked":["Thunderclap","Dual Wield"],"picked":"Twin Strike","floor":7},{"not_picked":["Wild Strike","Iron Wave"],"picked":"Shrug It Off","floor":10},{"not_picked":["Sentinel","Body Slam","Wild Strike"],"picked":"SKIP","floor":11}],"player_experience":1431611,"relics_obtained":[{"floor":4,"key":"InkBottle"}],"event_choices":[{"damage_healed":0,"gold_gain":0,"player_choice":"Take Damage","damage_taken":20,"relics_obtained":["Golden Idol"],"max_hp_gain":0,"max_hp_loss":0,"event_name":"Golden Idol","floor":8,"gold_loss":0},{"damage_healed":0,"gold_gain":0,"player_choice":"Success","damage_taken":7,"relics_obtained":["Blue Candle"],"max_hp_gain":0,"max_hp_loss":0,"event_name":"Scrap Ooze","floor":13,"gold_loss":0}],"is_beta":true,"boss_relics":[],"items_purged_floors":[],"is_endless":false,"potions_floor_spawned":[1,5,10,11],"killed_by":"Lagavulin","ascension_level":0}