{"path_per_floor":["M","M","?","M","?","R","E","R","T","E","M","?","M","$","R"],"character_chosen":"THE_SILENT","items_purchased":["Membership Card","Caltrops"],"gold_per_floor":[114,127,127,151,151,151,192,192,192,230,251,251,266,12,12],"floor_reached":16,"campfire_rested":1,"playtime":597,"current_hp_per_floor":[67,67,50,50,50,50,27,27,27,1,1,1,1,1,22],"items_purged":[],"gold":12,"score":132,"play_id":"ae13d67c-8e71-4726-bec2-071819d2b465","is_prod":false,"is_daily":false,"is_ascension_mode":true,"campfire_upgraded":2,"path_taken":["M","M","?","?","?","R","E","R","T","E","?","?","M","?","R","BOSS"],"build_version":"2018-02-08-PROD1","purchased_purges":0,"victory":false,"master_deck":["Defend_G","Defend_G","Defend_G","Defend_G","Defend_G","Strike_G","Strike_G","Strike_G","Strike_G","Strike_G","Survivor","Neutralize+1","Cloak And Dagger","Cloak And Dagger+1","Infinite Blades+1","Injury","Prepared","Cloak And Dagger","Well Laid Plans","Prepared","Backflip","Caltrops"],"max_hp_per_floor":[70,70,70,70,70,70,70,70,70,70,70,70,70,70,70],"relics":["Ring of the Snake","Golden Idol","Prayer Wheel","Mummified Hand","Art of War","Membership Card"],"card_choices":[{"not_picked":["Dagger Throw","Bane"],"picked":"Cloak And Dagger"},{"not_picked":["Predator","Malaise"],"picked":"Cloak And Dagger"},{"not_picked":["Outmaneuver","Cloak And Dagger"],"picked":"Infinite Blades"},{"not_picked":["Flying Knee","Skewer"],"picked":"Prepared"},{"not_picked":["All Out Attack","Night Terror"],"picked":"Cloak And Dagger"},{"not_picked":["Dash","Cloak And Dagger"],"picked":"Well Laid Plans"},{"not_picked":["Endless Agony","Dodge and Roll"],"picked":"Prepared"},{"not_picked":["Poisoned Stab","Sucker Punch"],"picked":"Backflip"}],"player_experience":136249,"potions_floor_usage":[13,16,16],"damage_taken":[{"damage":3,"enemies":"Cultist","floor":1,"turns":5},{"damage":0,"enemies":"2 Louse","floor":2,"turns":3},{"damage":0,"enemies":"Blue Slaver","floor":4,"turns":7},{"damage":23,"enemies":"3 Sentries","floor":7,"turns":10},{"damage":26,"enemies":"Gremlin Nob","floor":10,"turns":6},{"damage":0,"enemies":"Looter","floor":11,"turns":4},{"damage":0,"enemies":"Gremlin Gang","floor":13,"turns":4},{"damage":27,"enemies":"The Guardian","floor":16,"turns":2}],"event_choices":[{"event_name":"Golden Idol","player_choice":"Take Damage","floor":3,"damage_taken":0},{"event_name":"Accursed Blacksmith","player_choice":"Forge","floor":5,"damage_taken":0},{"event_name":"Golden Wing","player_choice":"Ignored","floor":12,"damage_taken":0}],"boss_relics":[],"potions_floor_spawned":[7,10,11,13],"seed_played":"3655569509617159321","killed_by":"The Guardian","ascension_level":4,"is_trial":false}