{"gold_per_floor":[116,116,41,55,130,130,130,145,169,169,180,14,14,26,26,26],"floor_reached":16,"playtime":244,"items_purged":["Strike_R"],"score":180,"play_id":"54f206ad-f9a9-4b55-ba3f-add43adf82a3","local_time":"20190927171053","is_ascension_mode":true,"campfire_choices":[{"data":"Power Through","floor":6,"key":"SMITH"},{"data":"Shrug It Off","floor":10,"key":"SMITH"},{"data":"Armaments","floor":13,"key":"SMITH"},{"data":"Limit Break","floor":15,"key":"SMITH"}],"neow_cost":"NONE","seed_source_timestamp":435954964904835,"circlet_count":0,"master_deck":["AscendersBane","Strike_R","Strike_R","Strike_R","Defend_R","Defend_R","Defend_R","Bash","Shrug It Off+1","Power Through+1","Armaments+1","Limit Break+1","Inflame"],"relics":["Runic Dome","Art of War"],"potions_floor_usage":[],"damage_taken":[{"damage":1,"enemies":"Cultist","floor":1,"turns":3},{"damage":0,"enemies":"Jaw Worm","floor":4,"turns":4},{"damage":6,"enemies":"Small Slimes","floor":8,"turns":3},{"damage":13,"enemies":"Blue Slaver","floor":11,"turns":4},{"damage":8,"enemies":"Exordium Thugs","floor":14,"turns":6},{"damage":0,"enemies":"Slime Boss","floor":16,"turns":3}],"seed_played":"2578933443303653315","potions_obtained":[{"floor":14,"key":"DuplicationPotion"}],"is_trial":false,"path_per_floor":["M","?","$","M","?","R","?","M","T","R","M","$","R","M","R","B"],"character_chosen":"IRONCLAD","items_purchased":["Limit Break","Inflame"],"campfire_rested":0,"item_purchase_floors":[12,12],"current_hp_per_floor":[67,67,67,67,56,56,49,43,43,43,30,30,30,22,22,22],"gold":26,"neow_bonus":"BOSS_RELIC","is_prod":false,"is_daily":false,"chose_seed":false,"campfire_upgraded":4,"win_rate":0,"timestamp":1569575453,"path_taken":["M","?","?","?","?","R","?","M","T","R","M","$","R","M","R","BOSS"],"build_version":"2019-09-26","purchased_purges":1,"victory":false,"max_hp_per_floor":[75,75,75,75,75,75,75,75,75,75,75,75,75,75,75,75],"card_choices":[{"not_picked":["Clash","Infernal Blade"],"picked":"Shrug It Off","floor":1},{"not_picked":["Pommel Strike","Metallicize"],"picked":"Power Through","floor":4},{"not_picked":["Twin Strike","Seeing Red","Pummel"],"picked":"SKIP","floor":8},{"not_picked":["Wild Strike","Rupture"],"picked":"Armaments","floor":11},{"not_picked":["Flame Barrier","Combust","Shrug It Off"],"picked":"SKIP","floor":14}],"player_experience":1033135,"relics_obtained":[{"floor":9,"key":"Art of War"}],"event_choices":[{"cards_removed":["Strike_R"],"damage_healed":0,"gold_gain":0,"player_choice":"Offered Basic","damage_taken":0,"max_hp_gain":0,"max_hp_loss":0,"event_name":"Bonfire Elementals","floor":2,"gold_loss":0},{"damage_healed":0,"gold_gain":75,"player_choice":"Gather Gold","damage_taken":11,"max_hp_gain":0,"max_hp_loss":0,"event_name":"World of Goop","floor":5,"gold_loss":0},{"cards_removed":["Defend_R"],"damage_healed":0,"gold_gain":0,"player_choice":"Card Removal","damage_taken":7,"max_hp_gain":0,"max_hp_loss":0,"event_name":"Golden Wing","floor":7,"gold_loss":0}],"is_beta":true,"boss_relics":[],"items_purged_floors":[3],"is_endless":false,"potions_floor_spawned":[14],"killed_by":"Slime Boss","ascension_level":20}