{"path_per_floor":["M","M","?","M","?","R","E","R","T","M","R","M","?","$","R","B",null,"M","M","?","?","M","R","$","R","T","?","M","$","R","M","R","B",null,"M","$","M","M","$","R","?","M","T","?","M","M","R","M","R","B"],"character_chosen":"THE_SILENT","items_purchased":["Kunai","Cloak And Dagger"],"gold_per_floor":[115,125,125,143,143,143,171,171,242,253,253,266,266,18,18,120,120,133,148,48,48,62,62,13,13,37,37,48,48,48,62,62,161,161,180,105,115,125,25,25,0,17,17,17,27,43,43,62,62,62],"floor_reached":51,"campfire_rested":1,"playtime":3588,"current_hp_per_floor":[54,54,47,47,44,44,19,19,19,17,17,17,40,40,40,28,70,69,69,69,69,54,54,54,54,54,54,44,44,44,41,41,8,77,73,73,73,63,63,63,63,54,54,54,41,33,33,23,61,1],"items_purged":["Strike_G","Strike_G"],"gold":62,"play_id":"232d1a7a-517f-46fd-be3e-e36846532e00","is_prod":false,"is_daily":false,"is_ascension_mode":false,"campfire_upgraded":7,"path_taken":["M","M","?","M","?","R","E","R","T","M","R","?","?","$","R","BOSS","M","M","?","?","?","R","$","R","T","?","M","$","R","M","R","BOSS","M","?","M","M","$","R","?","M","T","?","M","M","R","?","R","BOSS"],"build_version":"2018-02-01-PROD3","purchased_purges":2,"victory":true,"master_deck":["Defend_G","Defend_G","Defend_G","Defend_G+1","Survivor","Neutralize+1","Dagger Spray+1","Burst+1","Prepared","Blade Dance+1","A Thousand Cuts+1","Backflip+1","A Thousand Cuts+1","Cloak And Dagger","Cloak And Dagger+1","Clumsy","Finisher+1","Decay","Terror","Backstab+1","Backflip","Backflip","Writhe"],"max_hp_per_floor":[70,70,70,70,70,70,70,70,70,70,70,70,70,70,70,70,70,70,70,70,70,70,70,70,70,70,70,70,70,70,70,70,70,77,77,77,77,77,77,77,77,77,77,77,77,77,77,77,77,77],"relics":["Ring of the Snake","Pen Nib","Happy Flower","Molten Egg 2","Kunai","Cursed Key","Regal Pillow","Peace Pipe","Calling Bell","Strawberry","War Paint","Lantern","Red Mask","Darkstone Periapt"],"card_choices":[{"not_picked":["Accuracy","Acrobatics"],"picked":"Prepared"},{"not_picked":["Reflex","Poisoned Stab"],"picked":"Blade Dance"},{"not_picked":["Endless Agony","Sucker Punch"],"picked":"A Thousand Cuts"},{"not_picked":["Backstab","Dagger Throw"],"picked":"Backflip"},{"not_picked":["Tools of the Trade","Night Terror"],"picked":"A Thousand Cuts"},{"not_picked":["Catalyst","Dagger Throw"],"picked":"Cloak And Dagger"},{"not_picked":["Underhanded Strike","Dodge and Roll"],"picked":"Finisher"},{"not_picked":["Quick Slash","Bane"],"picked":"Terror"},{"not_picked":["Riddle With Holes","Escape Plan"],"picked":"Backstab"},{"not_picked":["All Out Attack","Sucker Punch"],"picked":"Backflip"},{"not_picked":["Finisher","Catalyst"],"picked":"Backflip"}],"player_experience":62708,"potions_floor_usage":[10,31,31,42,50,50],"damage_taken":[{"damage":16,"enemies":"Cultist","floor":1,"turns":6},{"damage":0,"enemies":"Jaw Worm","floor":2,"turns":7},{"damage":0,"enemies":"2 Louse","floor":4,"turns":2},{"damage":25,"enemies":"3 Sentries","floor":7,"turns":8},{"damage":2,"enemies":"Exordium Wildlife","floor":10,"turns":4},{"damage":0,"enemies":"Lots of Slimes","floor":12,"turns":1},{"damage":12,"enemies":"Hexaghost","floor":16,"turns":8},{"damage":1,"enemies":"Shell Parasite","floor":18,"turns":4},{"damage":0,"enemies":"Chosen","floor":19,"turns":5},{"damage":15,"enemies":"Slaver and Parasite","floor":22,"turns":8},{"damage":10,"enemies":"Snake Plant","floor":28,"turns":4},{"damage":3,"enemies":"Sentry and Sphere","floor":31,"turns":3},{"damage":33,"enemies":"Champ","floor":33,"turns":11},{"damage":4,"enemies":"Orb Walker","floor":35,"turns":3},{"damage":0,"enemies":"3 Darklings","floor":37,"turns":3},{"damage":10,"enemies":"4 Shapes","floor":38,"turns":4},{"damage":9,"enemies":"Maw","floor":42,"turns":7},{"damage":13,"enemies":"Sphere and 2 Shapes","floor":45,"turns":5},{"damage":8,"enemies":"3 Darklings","floor":46,"turns":3},{"damage":10,"enemies":"Maw","floor":48,"turns":6},{"damage":60,"enemies":"Donu and Deca","floor":50,"turns":8}],"event_choices":[{"event_name":"Golden Wing","player_choice":"Card Removal","floor":3,"damage_taken":0},{"event_name":"Scrap Ooze","player_choice":"success","floor":5,"damage_taken":3},{"event_name":"Big Fish","player_choice":"Banana","floor":13,"damage_taken":0},{"event_name":"Drug Dealer","player_choice":"Got JAXXED","floor":20,"damage_taken":0},{"event_name":"Beggar","player_choice":"Ignored","floor":21,"damage_taken":0},{"event_name":"Addict","player_choice":"Gave JAX","floor":27,"damage_taken":0},{"event_name":"Tomb of Lord Red Mask","player_choice":"Paid","floor":41,"damage_taken":0}],"boss_relics":[{"not_picked":["Question Card","Orrery"],"picked":"Cursed Key"},{"not_picked":["Sozu","Eternal Feather"],"picked":"Calling Bell"}],"potions_floor_spawned":[2,10,18,19,42,45],"seed_played":"-6896945921493379078","ascension_level":0,"is_trial":false}