{"gold_per_floor":[118,131,143,56,66,97,97,97,97,97,109,124,124,124,124,225,225,205,205,280,295,295],"floor_reached":22,"playtime":1059,"items_purged":[],"score":186,"play_id":"0afba5e9-a78c-4cdb-9772-40fc2d437648","local_time":"20191001113233","is_ascension_mode":false,"campfire_choices":[{"data":"Loop","floor":7,"key":"SMITH"},{"data":"Force Field","floor":10,"key":"SMITH"},{"data":"Rebound","floor":13,"key":"SMITH"},{"floor":15,"key":"REST"}],"neow_cost":"NONE","seed_source_timestamp":393442847047500,"circlet_count":0,"master_deck":["Strike_B","Strike_B","Strike_B","Strike_B","Defend_B","Defend_B","Defend_B","Defend_B","Zap","Dualcast","Rebound+1","BootSequence","Force Field+1","Finesse","Loop+1","Reinforced Body","Capacitor","FTL","Streamline","Amplify","Ball Lightning"],"relics":["Cracked Core","NeowsBlessing","Vajra","Darkstone Periapt","Dream Catcher","Art of War","White Beast Statue"],"potions_floor_usage":[6,16,16,16,22],"damage_taken":[{"damage":0,"enemies":"2 Louse","floor":1,"turns":1},{"damage":0,"enemies":"Jaw Worm","floor":2,"turns":1},{"damage":0,"enemies":"Cultist","floor":3,"turns":1},{"damage":2,"enemies":"Blue Slaver","floor":5,"turns":2},{"damage":29,"enemies":"3 Sentries","floor":6,"turns":8},{"damage":3,"enemies":"Red Slaver","floor":11,"turns":3},{"damage":4,"enemies":"Exordium Wildlife","floor":12,"turns":4},{"damage":7,"enemies":"Slime Boss","floor":16,"turns":7},{"damage":20,"enemies":"2 Thieves","floor":18,"turns":4},{"damage":15,"enemies":"Spheric Guardian","floor":21,"turns":4},{"damage":19,"enemies":"Cultist and Chosen","floor":22,"turns":4}],"seed_played":"-631153795697287339","potions_obtained":[{"floor":2,"key":"EssenceOfSteel"},{"floor":3,"key":"AttackPotion"},{"floor":5,"key":"PowerPotion"},{"floor":11,"key":"FocusPotion"},{"floor":16,"key":"Ancient Potion"},{"floor":18,"key":"PowerPotion"},{"floor":21,"key":"Weak Potion"}],"is_trial":false,"path_per_floor":["M","M","M","$","M","E","R","?","T","R","M","M","R","T","R","B",null,"M","?","?","M","M"],"character_chosen":"DEFECT","items_purchased":["Finesse"],"campfire_rested":1,"item_purchase_floors":[4],"current_hp_per_floor":[75,75,75,75,73,44,44,44,44,44,41,37,37,37,59,52,75,55,41,33,18,0],"gold":295,"neow_bonus":"THREE_ENEMY_KILL","is_prod":false,"is_daily":false,"chose_seed":false,"campfire_upgraded":3,"win_rate":0.0,"timestamp":1569922353,"path_taken":["M","M","M","$","M","E","R","?","T","R","M","M","R","?","R","BOSS","M","?","?","M","M"],"build_version":"2019-07-17","purchased_purges":0,"victory":false,"max_hp_per_floor":[75,75,75,75,75,75,75,75,75,75,75,75,75,75,75,75,75,75,80,80,80,80],"card_choices":[{"not_picked":["Sweeping Beam","Barrage"],"picked":"Rebound","floor":1},{"not_picked":["Compile Driver","Aggregate"],"picked":"BootSequence","floor":2},{"not_picked":["Coolheaded","Steam"],"picked":"Force Field","floor":3},{"not_picked":["Blizzard","Fission"],"picked":"Loop","floor":5},{"not_picked":["Redo","Undo"],"picked":"Reinforced Body","floor":6},{"not_picked":["Cold Snap","Beam Cell"],"picked":"Capacitor","floor":11},{"not_picked":["Sweeping Beam","Glacier"],"picked":"FTL","floor":12},{"not_picked":["Rebound","Redo"],"picked":"Streamline","floor":15},{"not_picked":["Electrodynamics","Machine Learning"],"picked":"Amplify","floor":16},{"not_picked":["Chaos","Rebound"],"picked":"Ball Lightning","floor":18},{"not_picked":["Stack","Reinforced Body+1","Sweeping Beam"],"picked":"SKIP","floor":21}],"player_experience":119294,"relics_obtained":[{"floor":6,"key":"Vajra"},{"floor":9,"key":"Dream Catcher"},{"floor":14,"key":"Art of War"}],"event_choices":[{"damage_healed":0,"gold_gain":0,"player_choice":"Searched \u00272\u0027 times","damage_taken":0,"relics_obtained":["Darkstone Periapt"],"max_hp_gain":0,"max_hp_loss":0,"event_name":"Dead Adventurer","floor":8,"gold_loss":0},{"damage_healed":0,"gold_gain":0,"player_choice":"Shed Blood","damage_taken":19,"max_hp_gain":5,"max_hp_loss":0,"event_name":"Forgotten Altar","floor":19,"gold_loss":0},{"damage_healed":0,"gold_gain":75,"player_choice":"Touch","damage_taken":8,"max_hp_gain":0,"max_hp_loss":0,"event_name":"FaceTrader","floor":20,"gold_loss":0}],"is_beta":false,"boss_relics":[{"not_picked":["Tiny House","Snecko Eye"],"picked":"White Beast Statue"}],"items_purged_floors":[],"is_endless":false,"potions_floor_spawned":[2,3,5,11,16,18,21],"killed_by":"Cultist and Chosen","ascension_level":0}