{"gold_per_floor":[117,67,67,67,67,67,106,106,160,183,183,204,204,223,223,349,349,370,10,10,10,33,72,72,92,92,92,127,127],"floor_reached":29,"playtime":1198,"items_purged":["Strike_B"],"score":298,"play_id":"abb88d8f-d61a-4a20-b0b9-0d781e8090fa","local_time":"20190318182605","is_ascension_mode":true,"campfire_choices":[{"data":"Fusion","floor":6,"key":"SMITH"},{"data":"Zap","floor":11,"key":"SMITH"},{"floor":15,"key":"REST"},{"floor":24,"key":"REST"},{"floor":27,"key":"REST"}],"neow_cost":"NONE","seed_source_timestamp":430129986337200,"circlet_count":0,"master_deck":["Strike_B","Strike_B","Defend_B","Defend_B+1","Defend_B","Zap+1","Dualcast","Fusion+1","Genetic Algorithm","Echo Form","Madness","Conserve Battery+1","Defragment"],"relics":["Cracked Core","NeowsBlessing","Golden Idol","Dead Branch","Nunchaku","Regal Pillow","Runic Pyramid","Runic Capacitor","CultistMask","War Paint","Mummified Hand","Thread and Needle"],"potions_floor_usage":[16,16,16,18,28,28],"damage_taken":[{"damage":0,"enemies":"2 Louse","floor":1,"turns":1},{"damage":0,"enemies":"Gremlin Nob","floor":7,"turns":1},{"damage":0,"enemies":"Small Slimes","floor":10,"turns":1},{"damage":1,"enemies":"Cultist","floor":12,"turns":4},{"damage":15,"enemies":"Exordium Wildlife","floor":14,"turns":5},{"damage":33,"enemies":"Slime Boss","floor":16,"turns":11},{"damage":12,"enemies":"2 Thieves","floor":18,"turns":5},{"damage":16,"enemies":"3 Byrds","floor":22,"turns":4},{"damage":35,"enemies":"Gremlin Leader","floor":23,"turns":7},{"damage":26,"enemies":"3 Cultists","floor":25,"turns":7},{"damage":59,"enemies":"Slavers","floor":28,"turns":9},{"damage":18,"enemies":"Shelled Parasite and Fungi","floor":29,"turns":4}],"seed_played":"2627982124190333001","potions_obtained":[{"floor":1,"key":"FocusPotion"},{"floor":10,"key":"SkillPotion"},{"floor":12,"key":"EssenceOfSteel"},{"floor":16,"key":"Block Potion"},{"floor":18,"key":"Poison Potion"},{"floor":25,"key":"Regen Potion"}],"is_trial":false,"path_per_floor":["M","?","?","?","$","R","E","?","T","M","R","M","?","M","R","B",null,"M","$","?","$","M","E","R","M","T","R","E","M"],"character_chosen":"DEFECT","items_purchased":["Runic Capacitor","Madness"],"campfire_rested":3,"item_purchase_floors":[19,19],"current_hp_per_floor":[75,75,57,45,45,45,45,45,45,45,45,44,44,29,66,33,75,63,63,63,63,47,12,49,23,23,60,16,0],"gold":127,"neow_bonus":"THREE_ENEMY_KILL","is_prod":false,"is_daily":false,"chose_seed":false,"campfire_upgraded":2,"win_rate":0,"timestamp":1552947965,"path_taken":["M","?","?","?","$","R","E","?","T","M","R","M","?","?","R","BOSS","M","$","?","$","?","E","R","M","T","R","E","M"],"build_version":"2019-01-23","purchased_purges":1,"victory":false,"max_hp_per_floor":[75,75,75,75,75,75,75,75,75,75,75,75,75,75,75,75,75,75,75,75,75,75,75,75,75,75,75,75,75],"card_choices":[{"not_picked":["Barrage","Coolheaded"],"picked":"Fusion","floor":1},{"not_picked":["Coolheaded","Buffer","Turbo"],"picked":"SKIP","floor":7},{"not_picked":["Gash","Cold Snap","Barrage"],"picked":"SKIP","floor":10},{"not_picked":["Sweeping Beam","Heatsinks"],"picked":"Genetic Algorithm","floor":12},{"not_picked":["Redo","Stack","Go for the Eyes"],"picked":"SKIP","floor":14},{"not_picked":["Hyperbeam","Electrodynamics"],"picked":"Echo Form","floor":16},{"not_picked":["Barrage","Chill","Sweeping Beam"],"picked":"SKIP","floor":18},{"not_picked":["Coolheaded","Gash"],"picked":"Conserve Battery","floor":22},{"not_picked":["Redo","Stack","Machine Learning"],"picked":"SKIP","floor":23},{"not_picked":["Ball Lightning","Steam","Streamline"],"picked":"SKIP","floor":25},{"not_picked":["Redo","Chaos+1"],"picked":"Defragment","floor":28}],"player_experience":212303,"relics_obtained":[{"floor":7,"key":"Nunchaku"},{"floor":9,"key":"Regal Pillow"},{"floor":23,"key":"War Paint"},{"floor":26,"key":"Mummified Hand"},{"floor":28,"key":"Thread and Needle"}],"event_choices":[{"cards_removed":["Strike_B"],"damage_healed":0,"gold_gain":0,"player_choice":"Card Removal","damage_taken":0,"max_hp_gain":0,"max_hp_loss":0,"event_name":"The Cleric","floor":2,"gold_loss":50},{"damage_healed":0,"gold_gain":0,"player_choice":"Take Damage","damage_taken":18,"relics_obtained":["Golden Idol"],"max_hp_gain":0,"max_hp_loss":0,"event_name":"Golden Idol","floor":3,"gold_loss":0},{"damage_healed":0,"gold_gain":0,"player_choice":"Success","damage_taken":12,"relics_obtained":["Dead Branch"],"max_hp_gain":0,"max_hp_loss":0,"event_name":"Scrap Ooze","floor":4,"gold_loss":0},{"cards_removed":["Defend_B"],"damage_healed":0,"gold_gain":0,"player_choice":"Forget","damage_taken":0,"max_hp_gain":0,"max_hp_loss":0,"event_name":"Living Wall","floor":8,"gold_loss":0},{"damage_healed":0,"gold_gain":0,"player_choice":"Ignored","damage_taken":0,"max_hp_gain":0,"max_hp_loss":0,"event_name":"Liars Game","floor":13,"gold_loss":0},{"damage_healed":0,"gold_gain":0,"player_choice":"Trade","damage_taken":0,"relics_obtained":["CultistMask"],"max_hp_gain":0,"max_hp_loss":0,"event_name":"FaceTrader","floor":20,"gold_loss":0}],"is_beta":false,"boss_relics":[{"not_picked":["Snecko Eye","Eternal Feather"],"picked":"Runic Pyramid"}],"items_purged_floors":[19],"is_endless":false,"potions_floor_spawned":[1,10,12,16,18,25],"killed_by":"Shelled Parasite and Fungi","ascension_level":1}