{"gold_per_floor":[115,80,80,80,91,120,120,140,140,155,165,165,165,182,182,286,286,299,310,327,327,70,70],"floor_reached":23,"playtime":935,"items_purged":[],"score":222,"play_id":"5cf89234-24c7-459b-b863-b052ab8e340a","local_time":"20191017082210","is_ascension_mode":true,"campfire_choices":[{"floor":13.0,"key":"REST"},{"floor":15.0,"key":"REST"}],"neow_cost":"NONE","seed_source_timestamp":0,"circlet_count":0,"master_deck":["Strike_B","Defend_B","Defend_B","Defend_B","Defend_B","Zap+1","Dualcast","Heatsinks","Darkness","Rebound","Rainbow+1","Steam","Conserve Battery","Capacitor","Hello World","Echo Form","Doom and Gloom","Sunder","Capacitor"],"special_seed":0,"relics":["Cracked Core","Thread and Needle","Pantograph","Empty Cage","Symbiotic Virus"],"potions_floor_usage":[23],"damage_taken":[{"damage":2.0,"enemies":"Jaw Worm","floor":1.0,"turns":2.0},{"damage":0.0,"enemies":"Small Slimes","floor":5.0,"turns":3.0},{"damage":64.0,"enemies":"Gremlin Nob","floor":6.0,"turns":5.0},{"damage":0.0,"enemies":"Cultist","floor":8.0,"turns":3.0},{"damage":0.0,"enemies":"2 Fungi Beasts","floor":10.0,"turns":4.0},{"damage":6.0,"enemies":"Exordium Thugs","floor":11.0,"turns":4.0},{"damage":4.0,"enemies":"Blue Slaver","floor":14.0,"turns":4.0},{"damage":6,"enemies":"The Guardian","floor":16,"turns":11},{"damage":7,"enemies":"Shell Parasite","floor":18,"turns":6},{"damage":11,"enemies":"Spheric Guardian","floor":19,"turns":5},{"damage":14,"enemies":"Snake Plant","floor":20,"turns":4},{"damage":49,"enemies":"Slavers","floor":23,"turns":3}],"seed_played":"-8634397500647704557","potions_obtained":[{"floor":6.0,"key":"FocusPotion"},{"floor":8.0,"key":"SteroidPotion"},{"floor":14.0,"key":"GamblersBrew"},{"floor":16,"key":"Weak Potion"}],"is_trial":false,"path_per_floor":["M","$","?","?","M","E","?","M","T","M","M","?","R","M","R","B",null,"M","M","M","?","$","E"],"character_chosen":"DEFECT","items_purchased":["Darkness","Symbiotic Virus"],"campfire_rested":2,"item_purchase_floors":[2,22],"current_hp_per_floor":[73,73,78,78,78,14,14,14,14,14,8,8,32,28,52,71,80,73,62,48,48,48,0],"gold":70,"neow_bonus":"UPGRADE_CARD","is_prod":false,"is_daily":false,"chose_seed":false,"campfire_upgraded":0,"win_rate":0,"timestamp":1571293330,"path_taken":["M","$","?","?","?","E","?","M","T","M","M","?","R","M","R","BOSS","M","M","M","?","$","E"],"build_version":"2019-07-17","purchased_purges":0,"victory":false,"max_hp_per_floor":[75,75,80,80,80,80,80,80,80,80,80,80,80,80,80,80,80,80,80,80,80,80,80],"card_choices":[{"not_picked":["Ball Lightning","Streamline"],"picked":"Heatsinks","floor":1.0},{"not_picked":["Steam","Rip and Tear","Stack"],"picked":"SKIP","floor":5.0},{"not_picked":["Stack","Reinforced Body"],"picked":"Rainbow","floor":6.0},{"not_picked":["Compile Driver","Stack"],"picked":"Steam","floor":8.0},{"not_picked":["Ball Lightning","Stack"],"picked":"Conserve Battery","floor":10.0},{"not_picked":["Fusion","Chaos"],"picked":"Capacitor","floor":11.0},{"not_picked":["Compile Driver","Steam"],"picked":"Hello World","floor":14.0},{"not_picked":["Hyperbeam","Core Surge"],"picked":"Echo Form","floor":16},{"not_picked":["Aggregate","Go for the Eyes"],"picked":"Doom and Gloom","floor":18},{"not_picked":["Hello World+1","Leap"],"picked":"Sunder","floor":19},{"not_picked":["Rebound","Scrape+1"],"picked":"Capacitor","floor":20}],"player_experience":368036,"relics_obtained":[{"floor":6.0,"key":"Thread and Needle"},{"floor":9.0,"key":"Pantograph"}],"event_choices":[{"damage_healed":0.0,"max_hp_gain":5.0,"max_hp_loss":0.0,"gold_gain":0.0,"event_name":"Big Fish","player_choice":"Donut","floor":3.0,"gold_loss":0.0,"damage_taken":0.0},{"damage_healed":0.0,"max_hp_gain":0.0,"max_hp_loss":0.0,"gold_gain":0.0,"cards_transformed":["Strike_B"],"event_name":"Transmorgrifier","player_choice":"Transformed","floor":4.0,"gold_loss":0.0,"damage_taken":0.0,"cards_obtained":["Rebound"]},{"damage_healed":0.0,"max_hp_gain":0.0,"max_hp_loss":0.0,"gold_gain":0.0,"event_name":"Golden Wing","player_choice":"Ignored","floor":7.0,"gold_loss":0.0,"damage_taken":0.0},{"damage_healed":0.0,"max_hp_gain":0.0,"max_hp_loss":0.0,"gold_gain":0.0,"event_name":"Accursed Blacksmith","player_choice":"Forge","floor":12.0,"gold_loss":0.0,"damage_taken":0.0,"cards_upgraded":["Rainbow"]},{"damage_healed":0,"gold_gain":0,"player_choice":"Ignored","damage_taken":0,"max_hp_gain":0,"max_hp_loss":0,"event_name":"The Mausoleum","floor":21,"gold_loss":0}],"is_beta":false,"boss_relics":[{"not_picked":["Busted Crown","Nuclear Battery"],"picked":"Empty Cage"}],"items_purged_floors":[],"is_endless":false,"potions_floor_spawned":[6,8,14,16,18,20],"killed_by":"Slavers","ascension_level":3}