{"gold_per_floor":[116,76,76,94,169,169,169,169,169,186,186,221,221,221,221,326,326,313,313,313,325,345,345,359,359,359,369,388,408,408,82,82,181,181,200,200,210,210],"floor_reached":38,"playtime":3602,"items_purged":[],"score":376,"play_id":"c5d4e8b9-5d3a-4ce4-bcd4-757d015f4b9c","local_time":"20181120210106","is_ascension_mode":false,"campfire_choices":[{"data":"Caltrops","floor":6,"key":"SMITH"},{"data":"Well Laid Plans","floor":8,"key":"SMITH"},{"data":"Flechettes","floor":11,"key":"SMITH"},{"floor":15,"key":"REST"},{"floor":23,"key":"REST"},{"floor":25,"key":"REST"},{"floor":32,"key":"REST"}],"neow_cost":"NONE","seed_source_timestamp":597319019892608,"circlet_count":0,"master_deck":["Defend_G+1","Defend_G+1","Defend_G+1","Defend_G+1","Defend_G+1","Strike_G+1","Strike_G+1","Strike_G+1","Strike_G+1","Strike_G+1","Survivor","Neutralize","Caltrops+1","Well Laid Plans+1","Blade Dance","Flechettes+1","Slice","Underhanded Strike","A Thousand Cuts","Flechettes","RitualDagger","Flechettes","PiercingWail","Deadly Poison+1","Outmaneuver+1","Outmaneuver","Deadly Poison","Blind","Corpse Explosion","Poisoned Stab+1","Madness","Madness","Flying Knee+1"],"relics":["Ring of the Snake","Juzu Bracelet","Orichalcum","Pocketwatch","Unceasing Top","Oddly Smooth Stone","Runic Pyramid","Gremlin Horn","Meat on the Bone","Philosopher\u0027s Stone"],"potions_floor_usage":[16,22,22,28,33],"damage_taken":[{"damage":4,"enemies":"Jaw Worm","floor":1,"turns":9},{"damage":0,"enemies":"Small Slimes","floor":4,"turns":3},{"damage":0,"enemies":"Cultist","floor":10,"turns":3},{"damage":13,"enemies":"Gremlin Nob","floor":12,"turns":4},{"damage":13,"enemies":"3 Louse","floor":14,"turns":3},{"damage":28,"enemies":"Hexaghost","floor":16,"turns":9},{"damage":19,"enemies":"2 Thieves","floor":18,"turns":4},{"damage":1,"enemies":"Spheric Guardian","floor":21,"turns":3},{"damage":18,"enemies":"Snake Plant","floor":22,"turns":4},{"damage":1,"enemies":"Chosen and Byrds","floor":24,"turns":8},{"damage":15,"enemies":"Shelled Parasite and Fungi","floor":27,"turns":7},{"damage":14,"enemies":"Snake Plant","floor":28,"turns":3},{"damage":7,"enemies":"Sentry and Sphere","floor":29,"turns":5},{"damage":16,"enemies":"Champ","floor":33,"turns":11},{"damage":14,"enemies":"3 Darklings","floor":35,"turns":4},{"damage":9,"enemies":"Orb Walker","floor":37,"turns":4},{"damage":41,"enemies":"4 Shapes","floor":38,"turns":3}],"seed_played":"-645274645739842174","potions_obtained":[{"floor":1,"key":"SteroidPotion"},{"floor":10,"key":"GamblersBrew"},{"floor":16,"key":"LiquidBronze"},{"floor":21,"key":"Fire Potion"},{"floor":22,"key":"EssenceOfSteel"},{"floor":28,"key":"EssenceOfSteel"},{"floor":29,"key":"Fire Potion"},{"floor":37,"key":"Strength Potion"}],"is_trial":false,"path_per_floor":["M","$","?","M","?","R","T","R","T","M","R","E","?","M","R","B",null,"M","?","?","M","M","R","M","R","T","M","M","M","?","$","R","B",null,"M","?","M","M"],"character_chosen":"THE_SILENT","items_purchased":["Well Laid Plans","Meat on the Bone","Blind"],"campfire_rested":4,"item_purchase_floors":[2,31,31],"current_hp_per_floor":[66,66,66,66,55,55,55,55,55,55,55,42,39,26,47,19,70,51,51,45,44,26,47,46,67,67,52,38,31,31,31,52,36,70,56,47,38,0],"gold":210,"neow_bonus":"RANDOM_COMMON_RELIC","is_prod":false,"is_daily":false,"chose_seed":false,"campfire_upgraded":3,"win_rate":0.0,"timestamp":1542740466,"path_taken":["M","$","?","M","?","R","?","R","T","M","R","E","?","M","R","BOSS","M","?","?","M","M","R","M","R","T","M","M","M","?","$","R","BOSS","M","?","M","M"],"build_version":"2018-11-15","purchased_purges":0,"victory":false,"max_hp_per_floor":[70,70,70,70,70,70,70,70,70,70,70,70,70,70,70,70,70,70,70,70,70,70,70,70,70,70,70,70,70,70,70,70,70,70,70,70,70,70],"card_choices":[{"not_picked":["Leg Sweep","Poisoned Stab"],"picked":"Caltrops","floor":1},{"not_picked":["Dodge and Roll","Dagger Throw"],"picked":"Blade Dance","floor":4},{"not_picked":["Riddle With Holes","Escape Plan"],"picked":"Flechettes","floor":10},{"not_picked":["Sucker Punch","Dagger Throw"],"picked":"Slice","floor":12},{"not_picked":["Endless Agony","Deadly Poison"],"picked":"Underhanded Strike","floor":14},{"not_picked":["Wraith Form v2","Night Terror"],"picked":"A Thousand Cuts","floor":16},{"not_picked":["Dodge and Roll+1","Infinite Blades+1"],"picked":"Flechettes","floor":18},{"not_picked":["Bane+1","Acrobatics"],"picked":"Flechettes","floor":21},{"not_picked":["Dagger Spray","Prepared+1"],"picked":"PiercingWail","floor":22},{"not_picked":["Glass Knife","All Out Attack"],"picked":"Deadly Poison+1","floor":24},{"not_picked":["Blade Dance","Blur"],"picked":"Outmaneuver+1","floor":27},{"not_picked":["Flying Knee","Dagger Throw+1"],"picked":"Outmaneuver","floor":28},{"not_picked":["Well Laid Plans+1","Poisoned Stab"],"picked":"Deadly Poison","floor":29},{"not_picked":["Tools of the Trade","Doppelganger"],"picked":"Corpse Explosion","floor":33},{"not_picked":["Outmaneuver","Sucker Punch+1"],"picked":"Poisoned Stab+1","floor":35},{"not_picked":["Dodge and Roll+1","Dagger Throw+1"],"picked":"Flying Knee+1","floor":37}],"player_experience":44617,"relics_obtained":[{"floor":7,"key":"Orichalcum"},{"floor":9,"key":"Pocketwatch"},{"floor":12,"key":"Unceasing Top"},{"floor":26,"key":"Gremlin Horn"}],"event_choices":[{"damage_healed":0,"gold_gain":0,"player_choice":"Ignored","damage_taken":0,"max_hp_gain":0,"max_hp_loss":0,"event_name":"Liars Game","floor":3,"gold_loss":0},{"damage_healed":0,"gold_gain":75,"player_choice":"Gather Gold","damage_taken":11,"max_hp_gain":0,"max_hp_loss":0,"event_name":"World of Goop","floor":5,"gold_loss":0},{"damage_healed":0,"gold_gain":0,"player_choice":"Success","damage_taken":3,"relics_obtained":["Oddly Smooth Stone"],"max_hp_gain":0,"max_hp_loss":0,"event_name":"Scrap Ooze","floor":13,"gold_loss":0},{"damage_healed":0,"gold_gain":0,"player_choice":"Simplicity","damage_taken":0,"max_hp_gain":0,"max_hp_loss":0,"event_name":"Back to Basics","floor":19,"gold_loss":0,"cards_upgraded":["Defend_G","Defend_G","Defend_G","Defend_G","Defend_G","Strike_G","Strike_G","Strike_G","Strike_G","Strike_G"]},{"damage_healed":0,"gold_gain":0,"player_choice":"Joined the Cult","damage_taken":6,"max_hp_gain":0,"max_hp_loss":0,"event_name":"Nest","floor":20,"gold_loss":0,"cards_obtained":["RitualDagger"]},{"damage_healed":0,"gold_gain":0,"player_choice":"Ignored","damage_taken":0,"max_hp_gain":0,"max_hp_loss":0,"event_name":"Purifier","floor":30,"gold_loss":0},{"damage_healed":0,"gold_gain":0,"player_choice":"Embrace Madness","damage_taken":9,"max_hp_gain":0,"max_hp_loss":0,"event_name":"Winding Halls","floor":36,"gold_loss":0,"cards_obtained":["Madness","Madness"]}],"is_beta":false,"boss_relics":[{"not_picked":["HoveringKite","Sozu"],"picked":"Runic Pyramid"},{"not_picked":["Orrery","Velvet Choker"],"picked":"Philosopher\u0027s Stone"}],"items_purged_floors":[],"is_endless":false,"potions_floor_spawned":[1,10,16,21,22,28,29,37],"killed_by":"4 Shapes","ascension_level":0}