{"gold_per_floor":[114,131,141,155,4,31,44,44,44,58,70,70,84,119,119,219,219,230,230,246,262,262,262,22,35,35,68,68,158,177,177],"floor_reached":31,"playtime":1324,"items_purged":[],"score":321,"play_id":"d0f96e0f-be4b-4e3f-881a-ab0a5759cd2d","local_time":"20191003143955","is_ascension_mode":false,"campfire_choices":[{"data":"Hologram","floor":8,"key":"SMITH"},{"floor":15,"key":"REST"},{"data":"White Noise","floor":23,"key":"SMITH"}],"neow_cost":"NONE","seed_source_timestamp":577222719786800,"circlet_count":0,"master_deck":["Strike_B","Strike_B","Defend_B","Defend_B","Zap","Dualcast","Gash","Gash","Hologram+1","Scrape","Rebound","Leap","White Noise+1","Leap","Reboot","Stack+1","Hyperbeam+1","Steam+1","FTL+1","Streamline","FTL"],"relics":["Cracked Core","NeowsBlessing","Vajra","Ancient Tea Set","Pear","Blood Vial","Astrolabe","Kunai","Dodecahedron","Darkstone Periapt","MutagenicStrength"],"potions_floor_usage":[6,16,16,25,27,30],"damage_taken":[{"damage":0,"enemies":"2 Louse","floor":1,"turns":1},{"damage":0,"enemies":"Cultist","floor":2,"turns":1},{"damage":0,"enemies":"Small Slimes","floor":3,"turns":1},{"damage":7,"enemies":"Blue Slaver","floor":4,"turns":4},{"damage":23,"enemies":"Lagavulin","floor":6,"turns":7},{"damage":4,"enemies":"2 Fungi Beasts","floor":7,"turns":3},{"damage":3,"enemies":"Red Slaver","floor":10,"turns":2},{"damage":9,"enemies":"Blue Slaver","floor":11,"turns":3},{"damage":1,"enemies":"Looter","floor":13,"turns":3},{"damage":10,"enemies":"Gremlin Nob","floor":14,"turns":4},{"damage":51,"enemies":"The Guardian","floor":16,"turns":9},{"damage":9,"enemies":"Shell Parasite","floor":18,"turns":7},{"damage":1,"enemies":"Chosen","floor":20,"turns":4},{"damage":22,"enemies":"Snake Plant","floor":21,"turns":3},{"damage":0,"enemies":"Centurion and Healer","floor":25,"turns":3},{"damage":0,"enemies":"Gremlin Leader","floor":27,"turns":5},{"damage":26,"enemies":"Sentry and Sphere","floor":30,"turns":6}],"seed_played":"6540810325301412971","potions_obtained":[{"floor":1,"key":"Explosive Potion"},{"floor":4,"key":"Regen Potion"},{"floor":10,"key":"FocusPotion"},{"floor":11,"key":"Block Potion"},{"floor":14,"key":"Strength Potion"},{"floor":16,"key":"SteroidPotion"},{"floor":18,"key":"PowerPotion"},{"floor":20,"key":"Energy Potion"},{"floor":25,"key":"Fire Potion"},{"floor":30,"key":"AttackPotion"}],"is_trial":false,"path_per_floor":["M","M","M","M","$","E","M","R","T","M","M","$","M","E","R","B",null,"M","?","M","M","?","R","$","M","T","E","?","?","M","?"],"character_chosen":"DEFECT","items_purchased":["Vajra","Kunai"],"campfire_rested":1,"item_purchase_floors":[5,24],"current_hp_per_floor":[75,75,75,68,68,54,50,50,60,57,48,48,47,37,62,13,85,76,76,77,57,57,57,57,59,59,61,61,37,13,0],"gold":177,"neow_bonus":"THREE_ENEMY_KILL","is_prod":false,"is_daily":false,"chose_seed":false,"campfire_upgraded":2,"win_rate":0.0,"timestamp":1570106395,"path_taken":["M","M","M","M","$","E","M","R","T","M","M","$","M","E","R","BOSS","M","?","M","?","?","R","$","M","T","E","?","?","?","?"],"build_version":"2019-07-17","purchased_purges":0,"victory":false,"max_hp_per_floor":[75,75,75,75,75,75,75,75,85,85,85,85,85,85,85,85,85,85,85,85,85,85,85,85,85,85,85,85,85,85,90],"card_choices":[{"not_picked":["Steam Power","Steam"],"picked":"Gash","floor":1},{"not_picked":["Sweeping Beam","Steam"],"picked":"Gash","floor":2},{"not_picked":["Go for the Eyes","Rebound"],"picked":"Hologram","floor":3},{"not_picked":["Machine Learning","Compile Driver"],"picked":"Scrape","floor":4},{"not_picked":["Coolheaded","Darkness"],"picked":"Rebound","floor":6},{"not_picked":["Redo","Go for the Eyes"],"picked":"Leap","floor":7},{"not_picked":["Redo","Barrage"],"picked":"White Noise","floor":10},{"not_picked":["Chill","Redo"],"picked":"Leap","floor":11},{"not_picked":["Darkness","Rainbow","Coolheaded"],"picked":"SKIP","floor":13},{"not_picked":["Barrage","Reinforced Body","Ball Lightning"],"picked":"SKIP","floor":14},{"not_picked":["Biased Cognition","Meteor Strike"],"picked":"Reboot","floor":16},{"not_picked":["Recycle","Self Repair"],"picked":"FTL+1","floor":18},{"not_picked":["Gash","Ball Lightning","Steam Power"],"picked":"SKIP","floor":20},{"not_picked":["Static Discharge+1","Rebound+1"],"picked":"Streamline","floor":21},{"not_picked":["Hello World","Conserve Battery","Turbo+1"],"picked":"SKIP","floor":25},{"not_picked":["Rebound+1","Steam Power+1"],"picked":"FTL","floor":27},{"not_picked":["Biased Cognition","Skim+1","Rebound"],"picked":"SKIP","floor":30}],"player_experience":152805,"relics_obtained":[{"floor":6,"key":"Ancient Tea Set"},{"floor":9,"key":"Pear"},{"floor":14,"key":"Blood Vial"},{"floor":26,"key":"Dodecahedron"},{"floor":27,"key":"Darkstone Periapt"}],"event_choices":[{"damage_healed":0,"gold_gain":0,"player_choice":"Bought 0 Potions","damage_taken":0,"max_hp_gain":0,"max_hp_loss":0,"event_name":"The Woman in Blue","floor":19,"gold_loss":0},{"cards_removed":["Defend_B"],"damage_healed":0,"gold_gain":0,"player_choice":"Elegance","damage_taken":0,"max_hp_gain":0,"max_hp_loss":0,"event_name":"Back to Basics","floor":22,"gold_loss":0},{"damage_healed":0,"gold_gain":0,"player_choice":"Inject Mutagens","damage_taken":0,"relics_obtained":["MutagenicStrength"],"max_hp_gain":0,"max_hp_loss":0,"event_name":"Drug Dealer","floor":28,"gold_loss":0},{"damage_healed":0,"gold_gain":90,"player_choice":"GOLD POTION ","damage_taken":24,"max_hp_gain":0,"max_hp_loss":0,"event_name":"Knowing Skull","floor":29,"potions_obtained":["Dexterity Potion"],"gold_loss":0,"cards_obtained":[]}],"is_beta":false,"boss_relics":[{"not_picked":["Snecko Eye","Runic Dome"],"picked":"Astrolabe"}],"items_purged_floors":[],"is_endless":false,"potions_floor_spawned":[1,4,10,11,14,16,18,20,25,30],"ascension_level":0}