{"gold_per_floor":[213,213,263,276,63,63,98,109,109,109,129,165,165,190,190,271,271,288,288,170,170,10,10,31,83,160,60,79,129,141,164,164,164],"floor_reached":33,"playtime":917,"items_purged":["Strike_B","Strike_B"],"score":510,"play_id":"82f30807-18ce-4e88-ad5c-8cc713217f88","local_time":"20190923160034","is_ascension_mode":true,"campfire_choices":[{"data":"Defragment","floor":6.0,"key":"SMITH"},{"data":"Sunder","floor":10.0,"key":"SMITH"},{"data":"Zap","floor":13.0,"key":"SMITH"},{"data":"Coolheaded","floor":15.0,"key":"SMITH"},{"data":"Recycle","floor":23,"key":"SMITH"},{"floor":32,"key":"REST"}],"neow_cost":"NONE","seed_source_timestamp":85420725529885,"circlet_count":0,"master_deck":["AscendersBane","Strike_B","Defend_B","Defend_B","Defend_B","Defend_B","Zap+1","Dualcast","Gash","Compile Driver","Lockon","Recycle+1","Coolheaded+1","Defragment+1","Turbo","Sunder+1","Steam","Fission","Compile Driver","Seek","Glacier","Coolheaded","Beam Cell","Meteor Strike"],"special_seed":0,"relics":["Cracked Core","Regal Pillow","Question Card","CeramicFish","Runic Dome","Bag of Preparation","MealTicket","Matryoshka"],"potions_floor_usage":[16,16,33,33],"damage_taken":[{"damage":2.0,"enemies":"Jaw Worm","floor":1.0,"turns":5.0},{"damage":0.0,"enemies":"2 Louse","floor":4.0,"turns":2.0},{"damage":17.0,"enemies":"Lagavulin","floor":7.0,"turns":5.0},{"damage":0.0,"enemies":"Cultist","floor":8.0,"turns":3.0},{"damage":12.0,"enemies":"Blue Slaver","floor":11.0,"turns":4.0},{"damage":6.0,"enemies":"3 Sentries","floor":12.0,"turns":6.0},{"damage":9.0,"enemies":"3 Louse","floor":14.0,"turns":3.0},{"damage":8,"enemies":"The Guardian","floor":16,"turns":12},{"damage":12,"enemies":"Spheric Guardian","floor":18,"turns":4},{"damage":16,"enemies":"2 Thieves","floor":24,"turns":2},{"damage":13,"enemies":"Cultist and Chosen","floor":28,"turns":5},{"damage":6,"enemies":"Shelled Parasite and Fungi","floor":30,"turns":6},{"damage":18,"enemies":"Centurion and Healer","floor":31,"turns":8},{"damage":52,"enemies":"Collector","floor":33,"turns":7}],"seed_played":"610290184751335805","potions_obtained":[{"floor":7.0,"key":"PowerPotion"},{"floor":8.0,"key":"Swift Potion"},{"floor":12.0,"key":"PotionOfCapacity"},{"floor":28,"key":"EssenceOfSteel"},{"floor":31,"key":"SkillPotion"}],"is_trial":false,"path_per_floor":["M","?","?","M","$","R","E","M","T","R","M","E","R","M","R","B",null,"M","?","$","?","$","R","M","T","T","$","M","?","M","M","R","B"],"character_chosen":"DEFECT","items_purchased":["Recycle","Coolheaded","Defragment","Coolheaded","Bag of Preparation"],"campfire_rested":1,"item_purchase_floors":[5,5,5,20,22],"current_hp_per_floor":[62,62,55,55,55,55,38,38,38,38,26,20,20,11,11,3,54,42,42,42,42,42,42,26,26,26,41,28,28,22,4,40,0],"gold":164,"neow_bonus":"HUNDRED_GOLD","is_prod":false,"is_daily":false,"chose_seed":false,"campfire_upgraded":5,"win_rate":0,"timestamp":1569225634,"path_taken":["M","?","?","M","$","R","E","?","T","R","M","E","R","M","R","BOSS","M","?","$","?","?","R","M","?","T","$","?","?","M","?","R","BOSS"],"build_version":"2019-09-20","purchased_purges":2,"victory":false,"max_hp_per_floor":[71,71,71,71,71,71,71,71,71,71,71,71,71,71,71,71,71,71,71,71,71,71,71,71,71,71,71,71,71,71,71,71,71],"card_choices":[{"not_picked":["Go for the Eyes","Steam"],"picked":"Gash","floor":1.0},{"not_picked":["Gash","Sweeping Beam"],"picked":"Lockon","floor":4.0},{"not_picked":["Go for the Eyes","Redo"],"picked":"Turbo","floor":7.0},{"not_picked":["Lockon","Reinforced Body"],"picked":"Sunder","floor":8.0},{"not_picked":["Rebound","FTL","Gash"],"picked":"Steam","floor":11.0},{"not_picked":["Barrage","Recycle","Force Field"],"picked":"Fission","floor":12.0},{"not_picked":["Streamline","Force Field","Rebound"],"picked":"Compile Driver","floor":14.0},{"not_picked":["Fission","Amplify","Thunder Strike"],"picked":"Seek","floor":16},{"not_picked":["Leap","Turbo","Skim"],"picked":"Glacier","floor":18},{"not_picked":["Gash","Barrage","Cold Snap"],"picked":"Beam Cell","floor":24},{"not_picked":["Stack","Coolheaded","Compile Driver","Ball Lightning"],"picked":"SKIP","floor":28},{"not_picked":["Steam","Go for the Eyes","Lockon","Rebound"],"picked":"SKIP","floor":30},{"not_picked":["Cold Snap","Chill","Conserve Battery"],"picked":"Meteor Strike","floor":31}],"player_experience":941803,"relics_obtained":[{"floor":7.0,"key":"Regal Pillow"},{"floor":9.0,"key":"Question Card"},{"floor":12.0,"key":"CeramicFish"},{"floor":25,"key":"MealTicket"},{"floor":26,"key":"Matryoshka"}],"event_choices":[{"damage_healed":0.0,"max_hp_gain":0.0,"max_hp_loss":0.0,"gold_gain":0.0,"cards_transformed":["Strike_B"],"event_name":"Living Wall","player_choice":"Change","floor":2.0,"gold_loss":0.0,"damage_taken":0.0,"cards_obtained":["Compile Driver"]},{"damage_healed":0.0,"max_hp_gain":0.0,"max_hp_loss":0.0,"gold_gain":50.0,"event_name":"FaceTrader","player_choice":"Touch","floor":3.0,"gold_loss":0.0,"damage_taken":7.0},{"damage_healed":0,"gold_gain":0,"player_choice":"Ignored","damage_taken":0,"max_hp_gain":0,"max_hp_loss":0,"event_name":"Vampires","floor":19,"gold_loss":0},{"damage_healed":0,"gold_gain":0,"player_choice":"Ignored","damage_taken":0,"max_hp_gain":0,"max_hp_loss":0,"event_name":"The Mausoleum","floor":21,"gold_loss":0},{"damage_healed":0,"gold_gain":50,"player_choice":"Pray","damage_taken":0,"max_hp_gain":0,"max_hp_loss":0,"event_name":"Golden Shrine","floor":29,"gold_loss":0}],"is_beta":true,"boss_relics":[{"not_picked":["Sozu","Velvet Choker"],"picked":"Runic Dome"}],"items_purged_floors":[20,27],"is_endless":false,"potions_floor_spawned":[7,8,11,12,28,31],"killed_by":"Collector","ascension_level":20}