{"gold_per_floor":[111,124,74,74,94,123,123,143,143,158,177,236,236,236,236,331,331,346,346,4,21,120,154,7,7,31,51,63,74,107,117,117,117],"floor_reached":33,"playtime":1378,"items_purged":["Regret"],"score":389,"play_id":"38126710-6a6a-4f62-a8ca-13903047f20c","local_time":"20191018095106","is_ascension_mode":false,"campfire_choices":[{"data":"Fire Breathing","floor":7,"key":"SMITH"},{"data":"Bludgeon","floor":13,"key":"SMITH"},{"data":"Anger","floor":15,"key":"SMITH"},{"data":"Strike_R","floor":25,"key":"PURGE"},{"data":"Seeing Red","floor":32,"key":"SMITH"}],"neow_cost":"NONE","seed_source_timestamp":347545527685000,"circlet_count":0,"master_deck":["Strike_R","Strike_R","Strike_R","Defend_R","Defend_R","Defend_R","Defend_R","Bash","Anger+1","Rupture","Fire Breathing+1","Twin Strike","Bludgeon+1","Thunderclap","Impervious+1","CurseOfTheBell","Sword Boomerang+1","Armaments","Impervious","Metallicize","Seeing Red+1","Cleave","Sword Boomerang+1"],"relics":["Burning Blood","NeowsBlessing","NlothsMask","Peace Pipe","Question Card","Calling Bell","Bronze Scales","Pantograph","Incense Burner","HandDrill","Red Skull","Anchor","Strawberry","Pear"],"potions_floor_usage":[6,16,18,28,28,30,33],"damage_taken":[{"damage":0,"enemies":"Cultist","floor":1,"turns":1},{"damage":0,"enemies":"Jaw Worm","floor":2,"turns":1},{"damage":0,"enemies":"Small Slimes","floor":5,"turns":1},{"damage":19,"enemies":"Gremlin Nob","floor":6,"turns":4},{"damage":17,"enemies":"Exordium Thugs","floor":8,"turns":5},{"damage":5,"enemies":"Looter","floor":10,"turns":3},{"damage":2,"enemies":"2 Fungi Beasts","floor":11,"turns":3},{"damage":6,"enemies":"Slime Boss","floor":16,"turns":6},{"damage":17,"enemies":"Spheric Guardian","floor":18,"turns":4},{"damage":10,"enemies":"Shell Parasite","floor":21,"turns":3},{"damage":36,"enemies":"Gremlin Leader","floor":23,"turns":5},{"damage":0,"enemies":"Snake Plant","floor":27,"turns":3},{"damage":7,"enemies":"Snecko","floor":28,"turns":3},{"damage":21,"enemies":"Centurion and Healer","floor":29,"turns":5},{"damage":0,"enemies":"Book of Stabbing","floor":30,"turns":3},{"damage":16,"enemies":"Snake Plant","floor":31,"turns":3},{"damage":71,"enemies":"Automaton","floor":33,"turns":6}],"seed_played":"-7078821105438622728","potions_obtained":[{"floor":5,"key":"Weak Potion"},{"floor":6,"key":"Swift Potion"},{"floor":11,"key":"Fire Potion"},{"floor":16,"key":"SkillPotion"},{"floor":23,"key":"Swift Potion"},{"floor":27,"key":"DuplicationPotion"},{"floor":29,"key":"HeartOfIron"}],"is_trial":false,"path_per_floor":["M","M","?","?","M","E","R","M","T","M","M","?","R","?","R","B",null,"M","?","$","M","?","E","$","R","T","M","M","M","E","M","R","B"],"character_chosen":"IRONCLAD","items_purchased":["Armaments","HandDrill","Red Skull","Metallicize"],"campfire_rested":0,"item_purchase_floors":[20,20,20,24],"current_hp_per_floor":[80,80,80,80,80,67,67,56,56,57,61,61,61,61,61,61,80,69,69,69,65,65,35,35,35,42,48,47,32,48,38,38,0],"gold":117,"neow_bonus":"THREE_ENEMY_KILL","is_prod":false,"is_daily":false,"chose_seed":false,"campfire_upgraded":4,"win_rate":0.0,"timestamp":1571406666,"path_taken":["M","?","?","?","M","E","R","M","T","?","M","?","R","?","R","BOSS","M","?","?","M","?","E","$","R","T","M","?","M","E","M","R","BOSS"],"build_version":"2019-10-17","purchased_purges":1,"victory":false,"max_hp_per_floor":[80,80,80,80,80,80,80,80,80,80,80,80,80,80,80,80,80,80,80,80,80,80,80,80,80,87,87,87,87,97,97,97,97],"card_choices":[{"not_picked":["Pommel Strike","Warcry","Clash"],"picked":"SKIP","floor":1},{"not_picked":["Dropkick","Uppercut"],"picked":"Anger","floor":2},{"not_picked":["Entrench","Sever Soul"],"picked":"Rupture","floor":5},{"not_picked":["Headbutt","Body Slam"],"picked":"Fire Breathing","floor":6},{"not_picked":["Searing Blow","Infernal Blade"],"picked":"Twin Strike","floor":8},{"not_picked":["Twin Strike","Warcry"],"picked":"Bludgeon","floor":10},{"not_picked":["Warcry","Flex"],"picked":"Thunderclap","floor":11},{"not_picked":["Dark Embrace","Reaper","Offering"],"picked":"Impervious","floor":16},{"not_picked":["Rupture","Searing Blow+1","True Grit"],"picked":"Sword Boomerang+1","floor":18},{"not_picked":["Warcry","Clash","Blood for Blood","Disarm"],"picked":"SKIP","floor":21},{"not_picked":["True Grit","Pommel Strike","Feel No Pain"],"picked":"Impervious","floor":23},{"not_picked":["Hemokinesis","Perfected Strike","Pommel Strike","Feel No Pain"],"picked":"SKIP","floor":27},{"not_picked":["Entrench+1","Clash+1","Warcry","Combust"],"picked":"SKIP","floor":28},{"not_picked":["Power Through","True Grit","Sever Soul"],"picked":"Seeing Red","floor":29},{"not_picked":["Body Slam","Clash+1","Twin Strike+1"],"picked":"Cleave","floor":30},{"not_picked":["Rage","Thunderclap","Feed"],"picked":"Sword Boomerang+1","floor":31}],"player_experience":3235,"relics_obtained":[{"floor":6,"key":"Peace Pipe"},{"floor":17,"key":"Bronze Scales"},{"floor":17,"key":"Pantograph"},{"floor":17,"key":"Incense Burner"},{"floor":23,"key":"Anchor"},{"floor":26,"key":"Strawberry"},{"floor":30,"key":"Pear"}],"event_choices":[{"cards_removed":["Strike_R"],"damage_healed":0,"gold_gain":0,"player_choice":"Card Removal","damage_taken":0,"max_hp_gain":0,"max_hp_loss":0,"event_name":"The Cleric","floor":3,"gold_loss":50},{"damage_healed":0,"gold_gain":0,"player_choice":"Trade","damage_taken":0,"relics_obtained":["NlothsMask"],"max_hp_gain":0,"max_hp_loss":0,"event_name":"FaceTrader","floor":4,"gold_loss":0},{"damage_healed":0,"gold_gain":59,"player_choice":"Gained Gold","damage_taken":0,"max_hp_gain":0,"max_hp_loss":0,"event_name":"Golden Wing","floor":12,"gold_loss":0},{"damage_healed":0,"gold_gain":0,"player_choice":"Box","damage_taken":0,"relics_obtained":["Question Card"],"max_hp_gain":0,"max_hp_loss":0,"event_name":"Big Fish","floor":14,"gold_loss":0,"cards_obtained":["Regret"]},{"damage_healed":0,"gold_gain":0,"player_choice":"Upgraded","damage_taken":0,"max_hp_gain":0,"max_hp_loss":0,"event_name":"Upgrade Shrine","floor":19,"gold_loss":0,"cards_upgraded":["Impervious"]},{"damage_healed":0,"gold_gain":99,"player_choice":"Stole From Cult","damage_taken":0,"max_hp_gain":0,"max_hp_loss":0,"event_name":"Nest","floor":22,"gold_loss":0}],"is_beta":true,"boss_relics":[{"not_picked":["Tiny House","Empty Cage"],"picked":"Calling Bell"}],"items_purged_floors":[24],"is_endless":false,"potions_floor_spawned":[5,6,11,16,23,27,29],"killed_by":"Automaton","ascension_level":0}