{"gold_per_floor":[114,126,144,144,160,160,195,195,195,195],"floor_reached":10,"playtime":596,"items_purged":[],"score":75,"play_id":"c2e65471-7c6d-42c4-a1d5-d519728d9cab","local_time":"20191006104426","is_ascension_mode":true,"campfire_choices":[{"data":"Cloak And Dagger","floor":6,"key":"SMITH"}],"neow_cost":"NONE","seed_source_timestamp":90126989566400,"circlet_count":0,"master_deck":["Strike_G","Strike_G","Strike_G","Strike_G","Strike_G","Defend_G","Defend_G","Defend_G","Defend_G","Defend_G","Survivor","Neutralize","Cloak And Dagger+1","Deadly Poison","Phantasmal Killer","Bouncing Flask+1"],"relics":["Ring of the Snake","Golden Idol","Molten Egg 2","Toxic Egg 2"],"potions_floor_usage":[10],"damage_taken":[{"damage":7,"enemies":"Small Slimes","floor":1,"turns":6},{"damage":5,"enemies":"Jaw Worm","floor":2,"turns":6},{"damage":6,"enemies":"2 Louse","floor":3,"turns":3},{"damage":2,"enemies":"Exordium Wildlife","floor":5,"turns":5},{"damage":46,"enemies":"3 Sentries","floor":7,"turns":17},{"damage":11,"enemies":"Gremlin Nob","floor":10,"turns":2}],"seed_played":"-301494825980386609","potions_obtained":[{"floor":7,"key":"Energy Potion"}],"is_trial":false,"path_per_floor":["M","M","M","?","M","R","E","?","T","E"],"character_chosen":"THE_SILENT","items_purchased":[],"campfire_rested":0,"item_purchase_floors":[],"current_hp_per_floor":[70,65,59,59,57,57,11,11,11,0],"gold":195,"neow_bonus":"TEN_PERCENT_HP_BONUS","is_prod":false,"is_daily":false,"chose_seed":false,"campfire_upgraded":1,"win_rate":0,"timestamp":1570351466,"path_taken":["M","M","M","?","M","R","E","?","T","E"],"build_version":"2019-07-17","purchased_purges":0,"victory":false,"max_hp_per_floor":[77,77,77,71,71,71,71,71,71,71],"card_choices":[{"not_picked":["Underhanded Strike","Predator"],"picked":"Cloak And Dagger","floor":1},{"not_picked":["Masterful Stab","Skewer","PiercingWail"],"picked":"SKIP","floor":2},{"not_picked":["Quick Slash","Sucker Punch"],"picked":"Deadly Poison","floor":3},{"not_picked":["Flying Knee","Bane"],"picked":"Phantasmal Killer","floor":5},{"not_picked":["Dagger Spray","PiercingWail"],"picked":"Bouncing Flask","floor":7}],"player_experience":212546,"relics_obtained":[{"floor":7,"key":"Molten Egg 2"},{"floor":9,"key":"Toxic Egg 2"}],"event_choices":[{"damage_healed":0,"gold_gain":0,"player_choice":"Lose Max HP","damage_taken":0,"relics_obtained":["Golden Idol"],"max_hp_gain":0,"max_hp_loss":6,"event_name":"Golden Idol","floor":4,"gold_loss":0},{"damage_healed":0,"gold_gain":0,"player_choice":"Grow","damage_taken":0,"max_hp_gain":0,"max_hp_loss":0,"event_name":"Living Wall","floor":8,"gold_loss":0,"cards_upgraded":["Bouncing Flask"]}],"is_beta":false,"boss_relics":[],"items_purged_floors":[],"is_endless":false,"potions_floor_spawned":[7],"killed_by":"Gremlin Nob","ascension_level":2}