{"gold_per_floor":[119,119,119,131,149,183,183,183,183,197,197,229,241,253,265,277],"floor_reached":16,"playtime":879,"items_purged":[],"score":119,"play_id":"e99834f7-7966-469e-ba4b-3e94c9342ab3","local_time":"20190104012012","is_ascension_mode":true,"campfire_choices":[{"floor":7,"key":"REST"},{"floor":11,"key":"REST"},{"floor":13,"key":"REST"},{"floor":15,"key":"REST"}],"neow_cost":"NONE","seed_source_timestamp":1150222668356758,"circlet_count":0,"master_deck":["Defend_G","Defend_G","Defend_G","Defend_G","Defend_G","Strike_G","Strike_G","Strike_G","Strike_G","Strike_G","Survivor","Neutralize","Slice","Deflect","Deflect","Riddle With Holes","Flechettes","Noxious Fumes"],"relics":["Velvet Choker","Mummified Hand","Bottled Lightning","MawBank"],"potions_floor_usage":[12,12,16],"damage_taken":[{"damage":0,"enemies":"Jaw Worm","floor":1,"turns":5},{"damage":0,"enemies":"Small Slimes","floor":4,"turns":3},{"damage":0,"enemies":"Cultist","floor":5,"turns":5},{"damage":52,"enemies":"Lagavulin","floor":6,"turns":13},{"damage":7,"enemies":"3 Louse","floor":10,"turns":3},{"damage":50,"enemies":"Gremlin Nob","floor":12,"turns":6},{"damage":57,"enemies":"The Guardian","floor":16,"turns":14}],"seed_played":"1847711812958504414","potions_obtained":[{"floor":6,"key":"Poison Potion"},{"floor":10,"key":"FearPotion"},{"floor":12,"key":"Explosive Potion"}],"is_trial":false,"path_per_floor":["M","?","?","M","M","E","R","$","T","M","R","E","R","?","R","B"],"character_chosen":"THE_SILENT","items_purchased":[],"campfire_rested":4,"item_purchase_floors":[],"current_hp_per_floor":[70,75,75,75,75,23,45,45,45,38,60,10,32,32,54,0],"gold":277,"neow_bonus":"BOSS_RELIC","is_prod":false,"is_daily":false,"chose_seed":false,"campfire_upgraded":0,"win_rate":0,"timestamp":1546557612,"path_taken":["M","?","?","M","M","E","R","$","T","M","R","E","R","?","R","BOSS"],"build_version":"2018-12-20","purchased_purges":0,"victory":false,"max_hp_per_floor":[70,75,75,75,75,75,75,75,75,75,75,75,75,75,75,75],"card_choices":[{"not_picked":["Outmaneuver","Terror"],"picked":"Slice","floor":1},{"not_picked":["Backflip","Dagger Spray"],"picked":"Deflect","floor":4},{"not_picked":["Slice","Backflip"],"picked":"Deflect","floor":5},{"not_picked":["Accuracy","Prepared"],"picked":"Riddle With Holes","floor":6},{"not_picked":["Outmaneuver","Tactician"],"picked":"Flechettes","floor":10},{"not_picked":["Accuracy","Backflip"],"picked":"Noxious Fumes","floor":12}],"player_experience":105446,"relics_obtained":[{"floor":6,"key":"Mummified Hand"},{"floor":9,"key":"Bottled Lightning"},{"floor":12,"key":"MawBank"}],"event_choices":[{"damage_healed":0,"gold_gain":0,"player_choice":"Donut","damage_taken":0,"max_hp_gain":5,"max_hp_loss":0,"event_name":"Big Fish","floor":2,"gold_loss":0},{"damage_healed":0,"gold_gain":0,"player_choice":"Leave","damage_taken":0,"max_hp_gain":0,"max_hp_loss":0,"event_name":"The Cleric","floor":3,"gold_loss":0},{"damage_healed":0,"gold_gain":0,"player_choice":"Ignored","damage_taken":0,"max_hp_gain":0,"max_hp_loss":0,"event_name":"Shining Light","floor":14,"gold_loss":0}],"is_beta":false,"boss_relics":[],"items_purged_floors":[],"is_endless":false,"potions_floor_spawned":[6,10,12],"killed_by":"The Guardian","ascension_level":2}