{"gold_per_floor":[112,130,140,157,157,157,178,206,206,237,237,251,251,283,283,379,379,397,397,408,424,120,150,150,183,183,195,223,235,264,303,315,327],"floor_reached":33,"playtime":3502,"items_purged":[],"score":383,"play_id":"a6feb849-a9b6-41e6-8dd9-c5a498fc54df","local_time":"20190103123806","is_ascension_mode":true,"campfire_choices":[{"data":"Bouncing Flask","floor":6,"key":"SMITH"},{"floor":11,"key":"REST"},{"floor":13,"key":"REST"},{"data":"Noxious Fumes","floor":15,"key":"SMITH"},{"floor":24,"key":"REST"},{"floor":27,"key":"REST"},{"data":"Catalyst","floor":29,"key":"SMITH"},{"floor":32,"key":"REST"}],"neow_cost":"NONE","seed_source_timestamp":1101841554917622,"circlet_count":0,"master_deck":["Defend_G+1","Defend_G+1","Defend_G+1","Defend_G+1","Defend_G+1","Strike_G+1","Strike_G+1","Strike_G+1","Strike_G+1","Strike_G+1","Survivor","Neutralize+1","Noxious Fumes+1","Infinite Blades","PiercingWail","Bouncing Flask+1","Predator","Masterful Stab+1","Leg Sweep","Poisoned Stab+1","Choke+1","Night Terror","PiercingWail","Catalyst+1","Bouncing Flask","Poisoned Stab+1","Well Laid Plans","Corpse Explosion","Blur","Finisher+1","Riddle With Holes+1","Bouncing Flask","Dagger Throw+1","Backstab+1","Venomology"],"relics":["Ring of the Snake","Whetstone","Odd Mushroom","Molten Egg 2","Ornamental Fan","Letter Opener","Potion Belt","Orrery","FossilizedHelix","Pen Nib","Omamori","MawBank","Question Card"],"potions_floor_usage":[10,23,25,25,28,33,33],"damage_taken":[{"damage":0,"enemies":"Cultist","floor":1,"turns":3},{"damage":0,"enemies":"Small Slimes","floor":2,"turns":4},{"damage":2,"enemies":"2 Louse","floor":3,"turns":3},{"damage":1,"enemies":"Blue Slaver","floor":4,"turns":4},{"damage":15,"enemies":"The Mushroom Lair","floor":7,"turns":6},{"damage":10,"enemies":"Gremlin Nob","floor":8,"turns":4},{"damage":8,"enemies":"Lagavulin","floor":10,"turns":6},{"damage":12,"enemies":"3 Louse","floor":12,"turns":2},{"damage":5,"enemies":"3 Sentries","floor":14,"turns":7},{"damage":46,"enemies":"The Guardian","floor":16,"turns":9},{"damage":0,"enemies":"Spheric Guardian","floor":18,"turns":3},{"damage":0,"enemies":"2 Thieves","floor":20,"turns":4},{"damage":19,"enemies":"Centurion and Healer","floor":21,"turns":7},{"damage":22,"enemies":"Book of Stabbing","floor":23,"turns":5},{"damage":12,"enemies":"Gremlin Leader","floor":25,"turns":5},{"damage":4,"enemies":"Cultist and Chosen","floor":28,"turns":4},{"damage":11,"enemies":"Sentry and Sphere","floor":30,"turns":6},{"damage":40,"enemies":"Book of Stabbing","floor":31,"turns":6},{"damage":74,"enemies":"Automaton","floor":33,"turns":6}],"seed_played":"-6286151503314950016","potions_obtained":[{"floor":1,"key":"Fire Potion"},{"floor":2,"key":"Block Potion"},{"floor":7,"key":"Energy Potion"},{"floor":10,"key":"Poison Potion"},{"floor":16,"key":"Swift Potion"},{"floor":18,"key":"Strength Potion"},{"floor":23,"key":"Swift Potion"},{"floor":25,"key":"GhostInAJar"},{"floor":30,"key":"Strength Potion"}],"is_trial":false,"path_per_floor":["M","M","M","M","?","R","?","E","T","E","R","M","R","E","R","B",null,"M","?","M","M","$","E","R","E","T","R","M","R","M","E","R","B"],"character_chosen":"THE_SILENT","items_purchased":["FossilizedHelix"],"campfire_rested":5,"item_purchase_floors":[22],"current_hp_per_floor":[70,70,68,67,72,72,57,47,47,39,61,49,71,66,66,20,75,75,75,75,56,56,34,56,44,44,66,62,62,51,11,33,0],"gold":327,"neow_bonus":"RANDOM_COMMON_RELIC","is_prod":false,"is_daily":false,"chose_seed":false,"campfire_upgraded":3,"win_rate":0,"timestamp":1546511886,"path_taken":["M","M","?","M","?","R","?","E","T","E","R","M","R","E","R","BOSS","M","?","M","M","$","E","R","E","T","R","M","R","M","E","R","BOSS"],"build_version":"2018-12-20","purchased_purges":0,"victory":false,"max_hp_per_floor":[70,70,70,70,75,75,75,75,75,75,75,75,75,75,75,75,75,75,75,75,75,75,75,75,75,75,75,75,75,75,75,75,75],"card_choices":[{"not_picked":["Distraction","Prepared"],"picked":"Noxious Fumes","floor":1},{"not_picked":["Caltrops","Distraction"],"picked":"Infinite Blades","floor":2},{"not_picked":["Catalyst","Dagger Spray"],"picked":"PiercingWail","floor":3},{"not_picked":["Poisoned Stab","Masterful Stab"],"picked":"Bouncing Flask","floor":4},{"not_picked":["Dagger Throw","Backflip"],"picked":"Predator","floor":7},{"not_picked":["Reflex","Heel Hook"],"picked":"Masterful Stab","floor":8},{"not_picked":["Riddle With Holes+1","Backflip"],"picked":"Leg Sweep","floor":10},{"not_picked":["Distraction","Underhanded Strike+1"],"picked":"Poisoned Stab+1","floor":12},{"not_picked":["Blade Dance","Bullet Time"],"picked":"Choke+1","floor":14},{"not_picked":["Bullet Time","Tools of the Trade"],"picked":"Night Terror","floor":16},{"not_picked":["Sucker Punch+1","Concentrate"],"picked":"PiercingWail","floor":17},{"not_picked":["Slice+1","Backflip"],"picked":"Catalyst","floor":17},{"not_picked":["Bane+1","Underhanded Strike+1"],"picked":"Bouncing Flask","floor":17},{"not_picked":["Outmaneuver","Quick Slash+1"],"picked":"Poisoned Stab+1","floor":17},{"not_picked":["Terror","Finisher+1"],"picked":"Well Laid Plans","floor":17},{"not_picked":["Dagger Throw+1","Acrobatics+1"],"picked":"Corpse Explosion","floor":18},{"not_picked":["Prepared","Concentrate"],"picked":"Blur","floor":20},{"not_picked":["Prepared","Reflex"],"picked":"Finisher+1","floor":21},{"not_picked":["Well Laid Plans","Underhanded Strike+1"],"picked":"Riddle With Holes+1","floor":23},{"not_picked":["Storm of Steel","Dagger Throw+1"],"picked":"Bouncing Flask","floor":25},{"not_picked":["Infinite Blades","Dodge and Roll"],"picked":"Dagger Throw+1","floor":28},{"not_picked":["Riddle With Holes+1","Quick Slash+1"],"picked":"Backstab+1","floor":30},{"not_picked":["Riddle With Holes+1","Poisoned Stab+1"],"picked":"Venomology","floor":31}],"player_experience":94464,"relics_obtained":[{"floor":7,"key":"Odd Mushroom"},{"floor":8,"key":"Molten Egg 2"},{"floor":9,"key":"Ornamental Fan"},{"floor":10,"key":"Letter Opener"},{"floor":14,"key":"Potion Belt"},{"floor":23,"key":"Pen Nib"},{"floor":25,"key":"Omamori"},{"floor":26,"key":"MawBank"},{"floor":31,"key":"Question Card"}],"event_choices":[{"damage_healed":0,"gold_gain":0,"player_choice":"Donut","damage_taken":0,"max_hp_gain":5,"max_hp_loss":0,"event_name":"Big Fish","floor":5,"gold_loss":0},{"damage_healed":0,"gold_gain":0,"player_choice":"Fought Mushrooms","damage_taken":0,"max_hp_gain":0,"max_hp_loss":0,"event_name":"Mushrooms","floor":7,"gold_loss":0},{"damage_healed":0,"gold_gain":0,"player_choice":"Simplicity","damage_taken":0,"max_hp_gain":0,"max_hp_loss":0,"event_name":"Back to Basics","floor":19,"gold_loss":0,"cards_upgraded":["Defend_G","Defend_G","Defend_G","Defend_G","Defend_G","Strike_G","Strike_G","Strike_G","Strike_G"]}],"is_beta":false,"boss_relics":[{"not_picked":["HoveringKite","Runic Dome"],"picked":"Orrery"}],"items_purged_floors":[],"is_endless":false,"potions_floor_spawned":[1,2,7,10,16,18,21,23,25,30],"killed_by":"Automaton","ascension_level":2}