{"gold_per_floor":[31,31,64,104,141,174,174,174],"floor_reached":8,"playtime":252,"items_purged":[],"score":116,"play_id":"44b4759c-b826-409f-a986-a5d0d5bd4da1","local_time":"20190925125524","is_ascension_mode":true,"campfire_choices":[{"data":"HandOfGreed","floor":7,"key":"SMITH"}],"neow_cost":"NO_GOLD","seed_source_timestamp":247815076397637,"circlet_count":0,"master_deck":["AscendersBane","Strike_B","Strike_B","Strike_B","Strike_B","Defend_B","Defend_B","Defend_B","Defend_B","Zap","Dualcast","HandOfGreed+1","Leap","Cold Snap","Buffer","Genetic Algorithm","Machine Learning"],"relics":["Cracked Core","Omamori","CeramicFish"],"potions_floor_usage":[6],"damage_taken":[{"damage":7,"enemies":"Small Slimes","floor":1,"turns":3},{"damage":1,"enemies":"Cultist","floor":3,"turns":4},{"damage":8,"enemies":"Jaw Worm","floor":4,"turns":5},{"damage":5,"enemies":"3 Louse","floor":5,"turns":4},{"damage":18,"enemies":"Lagavulin","floor":6,"turns":8},{"damage":23,"enemies":"3 Sentries","floor":8,"turns":4}],"seed_played":"3732422691517152588","potions_obtained":[{"floor":1,"key":"Energy Potion"},{"floor":3,"key":"PowerPotion"}],"is_trial":false,"path_per_floor":["M","?","M","M","M","E","R","E"],"character_chosen":"DEFECT","items_purchased":[],"campfire_rested":0,"item_purchase_floors":[],"current_hp_per_floor":[57,57,56,48,43,25,25,2],"gold":174,"neow_bonus":"RANDOM_COLORLESS_2","is_prod":false,"is_daily":false,"chose_seed":false,"campfire_upgraded":1,"win_rate":0,"timestamp":1569387324,"path_taken":["M","?","M","M","?","E","R","E"],"build_version":"2019-09-24","purchased_purges":0,"victory":false,"max_hp_per_floor":[71,71,71,71,71,71,71,71],"card_choices":[{"not_picked":["Mayhem","Violence"],"picked":"HandOfGreed","floor":0},{"not_picked":["Fusion","Capacitor"],"picked":"Leap","floor":1},{"not_picked":["Stack","Coolheaded"],"picked":"Cold Snap","floor":3},{"not_picked":["Gash","Barrage"],"picked":"Buffer","floor":4},{"not_picked":["Go for the Eyes","Auto Shields"],"picked":"Genetic Algorithm","floor":5},{"not_picked":["Reprogram","Force Field"],"picked":"Machine Learning","floor":6}],"player_experience":989174,"relics_obtained":[{"floor":6,"key":"CeramicFish"}],"event_choices":[{"damage_healed":0,"gold_gain":0,"player_choice":"Gave Potion","damage_taken":0,"relics_obtained":["Omamori"],"max_hp_gain":0,"max_hp_loss":0,"event_name":"WeMeetAgain","floor":2,"gold_loss":0}],"is_beta":true,"boss_relics":[],"items_purged_floors":[],"is_endless":false,"potions_floor_spawned":[1,3],"killed_by":"3 Sentries","ascension_level":20}