{"gold_per_floor":[118,118,71,88,164,189,189,201,247,247,257,257,257,257,257,257],"floor_reached":16,"playtime":831,"items_purged":[],"score":137,"play_id":"cc0376fe-ceb2-4466-aeaf-ae92f3dfd85b","local_time":"20190123161134","is_ascension_mode":true,"campfire_choices":[{"data":"Concentrate","floor":7,"key":"SMITH"},{"floor":10,"key":"REST"},{"data":"Prepared","floor":12,"key":"SMITH"},{"floor":15,"key":"REST"}],"neow_cost":"TEN_PERCENT_HP_LOSS","seed_source_timestamp":492297801568500,"circlet_count":0,"master_deck":["Defend_G","Defend_G","Defend_G","Defend_G","Defend_G+1","Strike_G","Strike_G+1","Strike_G","Strike_G","Survivor","Neutralize","After Image","Blur","Acrobatics","Outmaneuver","Concentrate+1","Prepared+1"],"relics":["Ring of the Snake","Letter Opener","Shovel","Vajra","Golden Idol"],"potions_floor_usage":[6,16,16],"damage_taken":[{"damage":2,"enemies":"Jaw Worm","floor":1,"turns":10},{"damage":0,"enemies":"Cultist","floor":4,"turns":4},{"damage":25,"enemies":"Lagavulin","floor":6,"turns":11},{"damage":3,"enemies":"2 Louse","floor":8,"turns":4},{"damage":0,"enemies":"Looter","floor":11,"turns":3},{"damage":38,"enemies":"Hexaghost","floor":16,"turns":16}],"seed_played":"-7268612676601544000","potions_obtained":[{"floor":1,"key":"LiquidBronze"},{"floor":8,"key":"AttackPotion"},{"floor":11,"key":"Swift Potion"}],"is_trial":false,"path_per_floor":["M","?","$","M","T","E","R","M","T","R","M","R","?","?","R","B"],"character_chosen":"THE_SILENT","items_purchased":["Acrobatics"],"campfire_rested":2,"item_purchase_floors":[3],"current_hp_per_floor":[61,48,48,48,48,23,23,20,20,38,38,38,23,16,34,0],"gold":257,"neow_bonus":"THREE_RARE_CARDS","is_prod":false,"is_daily":false,"chose_seed":false,"campfire_upgraded":2,"win_rate":0,"timestamp":1548277894,"path_taken":["M","?","$","M","?","E","R","?","T","R","M","R","?","?","R","BOSS"],"build_version":"2019-01-23","purchased_purges":0,"victory":false,"max_hp_per_floor":[63,63,63,63,63,63,63,63,63,63,63,63,63,63,63,63],"card_choices":[{"not_picked":["Night Terror","Corpse Explosion"],"picked":"After Image","floor":0},{"not_picked":["Poisoned Stab","Crippling Poison"],"picked":"Blur","floor":1},{"not_picked":["Flechettes","Sucker Punch"],"picked":"Outmaneuver","floor":4},{"not_picked":["Footwork","Endless Agony"],"picked":"Concentrate","floor":6},{"not_picked":["Predator","Blade Dance"],"picked":"Prepared","floor":8},{"not_picked":["Finisher","Flying Knee","Dodge and Roll"],"picked":"SKIP","floor":11}],"player_experience":184860,"relics_obtained":[{"floor":5,"key":"Letter Opener"},{"floor":6,"key":"Shovel"},{"floor":9,"key":"Vajra"}],"event_choices":[{"damage_healed":0,"gold_gain":0,"player_choice":"Entered Light","damage_taken":13,"max_hp_gain":0,"max_hp_loss":0,"event_name":"Shining Light","floor":2,"gold_loss":0,"cards_upgraded":["Strike_G","Defend_G"]},{"damage_healed":0,"gold_gain":0,"player_choice":"Take Damage","damage_taken":15,"relics_obtained":["Golden Idol"],"max_hp_gain":0,"max_hp_loss":0,"event_name":"Golden Idol","floor":13,"gold_loss":0},{"cards_removed":["Strike_G"],"damage_healed":0,"gold_gain":0,"player_choice":"Card Removal","damage_taken":7,"max_hp_gain":0,"max_hp_loss":0,"event_name":"Golden Wing","floor":14,"gold_loss":0}],"is_beta":false,"boss_relics":[],"items_purged_floors":[],"is_endless":false,"potions_floor_spawned":[1,8,11],"killed_by":"Hexaghost","ascension_level":8}