{"gold_per_floor":[112,132,58,71,71,100,119,119,119,119,131,156,170,182,182,182],"floor_reached":16,"playtime":1154,"items_purged":[],"score":143,"play_id":"7b681d58-28ab-426e-911a-2f2acbf1dd78","local_time":"20191019200506","is_ascension_mode":true,"campfire_choices":[{"floor":8,"key":"REST"},{"data":"Rupture","floor":10,"key":"SMITH"},{"data":"True Grit","floor":15,"key":"SMITH"}],"neow_cost":"NONE","seed_source_timestamp":764784767422100,"circlet_count":0,"master_deck":["Strike_R","Strike_R","Strike_R","Strike_R","Strike_R","Defend_R","Defend_R","Defend_R","Defend_R","Bash","Brutality","Iron Wave","Rupture+1","Pummel","Decay","Combust","Heavy Blade","True Grit+1","Ghostly Armor"],"relics":["Burning Blood","Regal Pillow","Dodecahedron","Sundial"],"potions_floor_usage":[12,14,16],"damage_taken":[{"damage":2,"enemies":"Jaw Worm","floor":1,"turns":5},{"damage":6,"enemies":"Cultist","floor":2,"turns":4},{"damage":0,"enemies":"Small Slimes","floor":4,"turns":3},{"damage":52,"enemies":"Lagavulin","floor":6,"turns":8},{"damage":11,"enemies":"2 Fungi Beasts","floor":7,"turns":3},{"damage":4,"enemies":"3 Louse","floor":11,"turns":4},{"damage":32,"enemies":"Gremlin Nob","floor":12,"turns":4},{"damage":21,"enemies":"Blue Slaver","floor":13,"turns":3},{"damage":24,"enemies":"Gremlin Gang","floor":14,"turns":3},{"damage":47,"enemies":"Hexaghost","floor":16,"turns":9}],"seed_played":"8777117331451030350","potions_obtained":[{"floor":7,"key":"FearPotion"},{"floor":11,"key":"BloodPotion"},{"floor":14,"key":"Regen Potion"}],"is_trial":false,"path_per_floor":["M","M","$","M","?","E","M","R","T","R","M","E","M","M","R","B"],"character_chosen":"IRONCLAD","items_purchased":["Rupture"],"campfire_rested":1,"item_purchase_floors":[3],"current_hp_per_floor":[80,80,80,80,80,34,29,68,68,68,70,44,29,31,31,0],"gold":182,"neow_bonus":"ONE_RANDOM_RARE_CARD","is_prod":false,"is_daily":false,"chose_seed":false,"campfire_upgraded":2,"win_rate":0,"timestamp":1571537106,"path_taken":["M","M","$","M","?","E","M","R","T","R","?","E","M","M","R","BOSS"],"build_version":"2019-07-17","purchased_purges":0,"victory":false,"max_hp_per_floor":[80,80,80,80,80,80,80,80,80,80,80,80,80,80,80,80],"card_choices":[{"not_picked":["Heavy Blade","Ghostly Armor"],"picked":"Iron Wave","floor":1},{"not_picked":["Power Through","Burning Pact","Intimidate"],"picked":"SKIP","floor":2},{"not_picked":["Sword Boomerang","Anger"],"picked":"Pummel","floor":4},{"not_picked":["Carnage","Heavy Blade"],"picked":"Combust","floor":6},{"not_picked":["Inflame","Berserk","Anger"],"picked":"SKIP","floor":7},{"not_picked":["Corruption","Fire Breathing","Thunderclap"],"picked":"SKIP","floor":11},{"not_picked":["Havoc","Brutality"],"picked":"Heavy Blade","floor":12},{"not_picked":["Headbutt","Thunderclap"],"picked":"True Grit","floor":13},{"not_picked":["Sever Soul","Headbutt"],"picked":"Ghostly Armor","floor":14}],"player_experience":78764,"relics_obtained":[{"floor":6,"key":"Regal Pillow"},{"floor":9,"key":"Dodecahedron"},{"floor":12,"key":"Sundial"}],"event_choices":[{"damage_healed":0,"gold_gain":0,"player_choice":"Cursed","damage_taken":0,"max_hp_gain":0,"max_hp_loss":0,"event_name":"Wheel of Change","floor":5,"gold_loss":0,"cards_obtained":["Decay"]}],"is_beta":false,"boss_relics":[],"items_purged_floors":[],"is_endless":false,"potions_floor_spawned":[7,11,14],"killed_by":"Hexaghost","ascension_level":5}