{"gold_per_floor":[113,113,113,46,63,63,97,97,171,188,218,235,235],"floor_reached":13,"playtime":544,"items_purged":[],"score":98,"play_id":"4502f6f4-e209-4758-af9d-ab6a771181aa","local_time":"20191005095630","is_ascension_mode":true,"campfire_choices":[{"data":"Noxious Fumes","floor":6,"key":"SMITH"},{"data":"Catalyst","floor":8,"key":"SMITH"}],"neow_cost":"NONE","seed_source_timestamp":903539079900,"circlet_count":0,"master_deck":["Strike_G","Strike_G","Strike_G","Strike_G","Strike_G","Defend_G","Defend_G","Defend_G","Defend_G","Defend_G","Survivor","Neutralize","Catalyst+1","Noxious Fumes+1","Prepared","Setup","Tools of the Trade","Footwork"],"relics":["Ring of the Snake","Strawberry","Bottled Tornado","Meat on the Bone","Dodecahedron"],"potions_floor_usage":[],"damage_taken":[{"damage":0,"enemies":"2 Louse","floor":1,"turns":3},{"damage":1,"enemies":"Jaw Worm","floor":5,"turns":5},{"damage":48,"enemies":"Gremlin Nob","floor":7,"turns":6},{"damage":0,"enemies":"Cultist","floor":10,"turns":3},{"damage":12,"enemies":"Lagavulin","floor":11,"turns":7},{"damage":7,"enemies":"Blue Slaver","floor":12,"turns":4},{"damage":55,"enemies":"Gremlin Nob","floor":13,"turns":5}],"seed_played":"-5220021722651866531","potions_obtained":[{"floor":1,"key":"Ancient Potion"},{"floor":5,"key":"GhostInAJar"},{"floor":11,"key":"SteroidPotion"}],"is_trial":false,"path_per_floor":["M","?","?","$","M","R","E","R","T","M","E","M","E"],"character_chosen":"THE_SILENT","items_purchased":["Noxious Fumes"],"campfire_rested":0,"item_purchase_floors":[4],"current_hp_per_floor":[77,77,81,81,80,80,32,32,32,44,44,49,0],"gold":235,"neow_bonus":"TEN_PERCENT_HP_BONUS","is_prod":false,"is_daily":false,"chose_seed":false,"campfire_upgraded":2,"win_rate":0,"timestamp":1570262190,"path_taken":["M","?","?","$","?","R","E","R","T","M","E","M","E"],"build_version":"2019-07-17","purchased_purges":0,"victory":false,"max_hp_per_floor":[77,77,84,84,84,84,84,84,84,84,84,84,84],"card_choices":[{"not_picked":["Footwork","Dagger Spray"],"picked":"Catalyst","floor":1},{"not_picked":["Finisher","Choke"],"picked":"Prepared","floor":5},{"not_picked":["Blade Dance","Flechettes","Skewer"],"picked":"SKIP","floor":7},{"not_picked":["Well Laid Plans","Cloak And Dagger"],"picked":"Setup","floor":10},{"not_picked":["All Out Attack","Terror"],"picked":"Tools of the Trade","floor":11},{"not_picked":["Backflip","Bane"],"picked":"Footwork","floor":12}],"player_experience":190960,"relics_obtained":[{"floor":7,"key":"Bottled Tornado"},{"floor":9,"key":"Meat on the Bone"},{"floor":11,"key":"Dodecahedron"}],"event_choices":[{"damage_healed":0,"gold_gain":0,"player_choice":"Ignored","damage_taken":0,"max_hp_gain":0,"max_hp_loss":0,"event_name":"Liars Game","floor":2,"gold_loss":0},{"damage_healed":0,"gold_gain":0,"player_choice":"Success","damage_taken":3,"relics_obtained":["Strawberry"],"max_hp_gain":0,"max_hp_loss":0,"event_name":"Scrap Ooze","floor":3,"gold_loss":0}],"is_beta":false,"boss_relics":[],"items_purged_floors":[],"is_endless":false,"potions_floor_spawned":[1,5,11],"killed_by":"Gremlin Nob","ascension_level":1}