{"gold_per_floor":[115,78,78,78,78,78,121,136,185,200,215,254,267,301,301,426,426,442,31,45,64,64,64,102,127,200,125,125,145,145,145,145,145],"floor_reached":33,"playtime":1832,"items_purged":[],"score":332,"play_id":"9ca1bc57-02a4-4937-8a0e-a23e41259989","local_time":"20191010100646","is_ascension_mode":true,"campfire_choices":[{"data":"Caltrops","floor":6.0,"key":"SMITH"},{"floor":15.0,"key":"REST"},{"floor":23,"key":"REST"},{"data":"Footwork","floor":30,"key":"SMITH"},{"floor":32,"key":"REST"}],"neow_cost":"NONE","seed_source_timestamp":0,"circlet_count":0,"master_deck":["Strike_G","Strike_G","Strike_G","Defend_G","Defend_G","Defend_G","Defend_G","Defend_G","Survivor","Neutralize","Caltrops+1","Poisoned Stab","Masterful Stab","Dash","Well Laid Plans","Endless Agony","Adrenaline","Dagger Throw","Footwork+1","Corpse Explosion","Dodge and Roll"],"special_seed":0,"relics":["Ring of the Snake","NeowsBlessing","Golden Idol","Mango","Mercury Hourglass","Odd Mushroom","Black Star","Anchor","Shuriken","Ice Cream","Tough Bandages","Dodecahedron"],"potions_floor_usage":[24,24,31,33],"damage_taken":[{"damage":0.0,"enemies":"2 Louse","floor":1.0,"turns":1.0},{"damage":0.0,"enemies":"Gremlin Nob","floor":7.0,"turns":1.0},{"damage":0.0,"enemies":"Jaw Worm","floor":8.0,"turns":1.0},{"damage":0.0,"enemies":"Cultist","floor":10.0,"turns":3.0},{"damage":5.0,"enemies":"2 Fungi Beasts","floor":11.0,"turns":3.0},{"damage":49.0,"enemies":"Lagavulin","floor":12.0,"turns":9.0},{"damage":3.0,"enemies":"Looter","floor":13.0,"turns":2.0},{"damage":9.0,"enemies":"The Mushroom Lair","floor":14.0,"turns":3.0},{"damage":7.0,"enemies":"Hexaghost","floor":16.0,"turns":9.0},{"damage":15.0,"enemies":"3 Byrds","floor":18.0,"turns":4.0},{"damage":7.0,"enemies":"Shell Parasite","floor":20.0,"turns":4.0},{"damage":11.0,"enemies":"Shelled Parasite and Fungi","floor":21.0,"turns":6.0},{"damage":27,"enemies":"Slavers","floor":24,"turns":6},{"damage":18,"enemies":"Snake Plant","floor":25,"turns":5},{"damage":0,"enemies":"Centurion and Healer","floor":29,"turns":6},{"damage":0,"enemies":"3 Cultists","floor":31,"turns":2},{"damage":41,"enemies":"Collector","floor":33,"turns":7}],"seed_played":"4533887821967741325","potions_obtained":[{"floor":8.0,"key":"Energy Potion"},{"floor":12.0,"key":"AttackPotion"},{"floor":13.0,"key":"GamblersBrew"},{"floor":14.0,"key":"PowerPotion"},{"floor":16.0,"key":"SkillPotion"},{"floor":18.0,"key":"SmokeBomb"},{"floor":29,"key":"Strength Potion"}],"is_trial":false,"path_per_floor":["M","$","?","?","$","R","E","M","T","M","M","E","M","?","R","B",null,"M","$","M","M","?","R","E","M","T","?","$","M","R","M","R","B"],"character_chosen":"THE_SILENT","items_purchased":["Caltrops","Anchor","Shuriken"],"campfire_rested":3,"item_purchase_floors":[2,19,19],"current_hp_per_floor":[70,70,63,63,63,63,77,77,77,77,72,23,20,11,34,27,79,64,64,57,46,37,60,33,15,15,15,15,15,15,15,38,0],"gold":145,"neow_bonus":"THREE_ENEMY_KILL","is_prod":false,"is_daily":false,"chose_seed":false,"campfire_upgraded":2,"win_rate":0,"timestamp":1570694806,"path_taken":["M","$","?","?","$","R","E","M","T","M","M","E","M","?","R","BOSS","M","$","M","M","?","R","E","M","T","?","?","?","R","M","R","BOSS"],"build_version":"2019-07-17","purchased_purges":0,"victory":false,"max_hp_per_floor":[70,70,70,65,65,65,79,79,79,79,79,79,79,79,79,79,79,79,79,79,79,79,79,79,79,79,79,79,79,79,79,79,79],"card_choices":[{"not_picked":["Flying Knee","Prepared","Escape Plan"],"picked":"SKIP","floor":1.0},{"not_picked":["Predator","Underhanded Strike"],"picked":"Poisoned Stab","floor":7.0},{"not_picked":["Blade Dance","PiercingWail"],"picked":"Masterful Stab","floor":8.0},{"not_picked":["Quick Slash","Predator"],"picked":"Dash","floor":10.0},{"not_picked":["Heel Hook","Quick Slash","Tactician"],"picked":"SKIP","floor":11.0},{"not_picked":["Poisoned Stab","Reflex","Outmaneuver"],"picked":"SKIP","floor":12.0},{"not_picked":["Endless Agony","Crippling Poison"],"picked":"Well Laid Plans","floor":13.0},{"not_picked":["Wraith Form v2","Quick Slash"],"picked":"Endless Agony","floor":14.0},{"not_picked":["Doppelganger","Burst"],"picked":"Adrenaline","floor":16.0},{"not_picked":["Underhanded Strike+1","Blade Dance"],"picked":"Dagger Throw","floor":18.0},{"not_picked":["Dodge and Roll+1","All Out Attack+1"],"picked":"Footwork","floor":20.0},{"not_picked":["Deadly Poison","Terror+1","Blade Dance"],"picked":"SKIP","floor":21},{"not_picked":["Dagger Throw","Cloak And Dagger"],"picked":"Corpse Explosion","floor":24},{"not_picked":["Expertise","Deadly Poison"],"picked":"Dodge and Roll","floor":25},{"not_picked":["Underhanded Strike+1","Acrobatics","Poisoned Stab"],"picked":"SKIP","floor":29}],"player_experience":277709,"relics_obtained":[{"floor":7.0,"key":"Mango"},{"floor":12.0,"key":"Mercury Hourglass"},{"floor":14.0,"key":"Odd Mushroom"},{"floor":24,"key":"Ice Cream"},{"floor":24,"key":"Tough Bandages"},{"floor":26,"key":"Dodecahedron"}],"event_choices":[{"cards_removed":["Strike_G"],"damage_healed":0.0,"max_hp_gain":0.0,"max_hp_loss":0.0,"gold_gain":0.0,"event_name":"Golden Wing","player_choice":"Card Removal","floor":3.0,"gold_loss":0.0,"damage_taken":7.0},{"damage_healed":0.0,"max_hp_gain":0.0,"max_hp_loss":5.0,"gold_gain":0.0,"event_name":"Golden Idol","player_choice":"Lose Max HP","floor":4.0,"gold_loss":0.0,"damage_taken":0.0,"relics_obtained":["Golden Idol"]},{"damage_healed":0.0,"max_hp_gain":0.0,"max_hp_loss":0.0,"gold_gain":0.0,"event_name":"Mushrooms","player_choice":"Fought Mushrooms","floor":14.0,"gold_loss":0.0,"damage_taken":0.0},{"damage_healed":0,"gold_gain":0,"player_choice":"Stopped","damage_taken":9,"max_hp_gain":0,"max_hp_loss":0,"event_name":"Cursed Tome","floor":22,"gold_loss":0},{"cards_removed":["Strike_G"],"damage_healed":0,"gold_gain":0,"player_choice":"Gave Gold","damage_taken":0,"max_hp_gain":0,"max_hp_loss":0,"event_name":"Beggar","floor":27,"gold_loss":75}],"is_beta":false,"boss_relics":[{"not_picked":["Philosopher\u0027s Stone","Lizard Tail"],"picked":"Black Star"}],"items_purged_floors":[],"is_endless":false,"potions_floor_spawned":[8,12,13,14,16,18,20,29,31],"killed_by":"Collector","ascension_level":2}