{"gold_per_floor":[119,130,146,158,170,170,200,212,263,263,88,88,105,125,125,125],"floor_reached":16,"playtime":1363,"items_purged":[],"score":122,"play_id":"e055aef7-941f-40f4-b9e8-2954782e097e","local_time":"20190107221801","is_ascension_mode":true,"campfire_choices":[{"floor":6,"key":"REST"},{"floor":12,"key":"REST"},{"floor":15,"key":"REST"}],"neow_cost":"PERCENT_DAMAGE","seed_source_timestamp":1484421347687514,"circlet_count":0,"master_deck":["Defend_G","Defend_G","Defend_G","Defend_G","Defend_G","Strike_G","Strike_G","Strike_G","Strike_G","Strike_G","Survivor","Neutralize","Bouncing Flask","Blur","Dagger Throw","Prepared","Deadly Poison","Burst","Deadly Poison","Secret Technique","Quick Slash","Deadly Poison"],"relics":["Ring of the Snake","Regal Pillow","Boot"],"potions_floor_usage":[4,7,16,16,16],"damage_taken":[{"damage":1,"enemies":"Cultist","floor":1,"turns":4},{"damage":0,"enemies":"2 Louse","floor":2,"turns":2},{"damage":1,"enemies":"Small Slimes","floor":3,"turns":3},{"damage":8,"enemies":"3 Louse","floor":4,"turns":5},{"damage":3,"enemies":"Looter","floor":5,"turns":3},{"damage":33,"enemies":"Gremlin Nob","floor":7,"turns":5},{"damage":25,"enemies":"Gremlin Gang","floor":8,"turns":5},{"damage":6,"enemies":"Blue Slaver","floor":13,"turns":4},{"damage":20,"enemies":"Large Slime","floor":14,"turns":6},{"damage":63,"enemies":"Slime Boss","floor":16,"turns":10}],"seed_played":"-848064040147532446","potions_obtained":[{"floor":3,"key":"SpeedPotion"},{"floor":4,"key":"Block Potion"},{"floor":5,"key":"EssenceOfSteel"},{"floor":7,"key":"Ancient Potion"},{"floor":14,"key":"EssenceOfSteel"}],"is_trial":false,"path_per_floor":["M","M","M","M","M","R","E","M","T","?","$","R","M","M","R","B"],"character_chosen":"THE_SILENT","items_purchased":["Secret Technique"],"campfire_rested":3,"item_purchase_floors":[11],"current_hp_per_floor":[62,62,61,53,50,75,42,17,17,17,17,57,51,31,71,8],"gold":125,"neow_bonus":"TWENTY_PERCENT_HP_BONUS","is_prod":false,"is_daily":false,"chose_seed":false,"campfire_upgraded":0,"win_rate":0,"timestamp":1546892281,"path_taken":["M","?","M","M","M","R","E","M","T","?","$","R","M","M","R","BOSS"],"build_version":"2019-01-03v4","purchased_purges":0,"victory":false,"max_hp_per_floor":[84,84,84,84,84,84,84,84,84,84,84,84,84,84,84,84],"card_choices":[{"not_picked":["PiercingWail","Choke"],"picked":"Bouncing Flask","floor":1},{"not_picked":["Infinite Blades","Flying Knee"],"picked":"Blur","floor":2},{"not_picked":["Calculated Gamble","Outmaneuver"],"picked":"Dagger Throw","floor":3},{"not_picked":["Choke","Bane"],"picked":"Prepared","floor":4},{"not_picked":["Masterful Stab","Endless Agony"],"picked":"Deadly Poison","floor":5},{"not_picked":["Footwork","Heel Hook"],"picked":"Burst","floor":7},{"not_picked":["Outmaneuver","Blade Dance"],"picked":"Deadly Poison","floor":8},{"not_picked":["Sucker Punch","Underhanded Strike"],"picked":"Quick Slash","floor":13},{"not_picked":["Deflect","Terror"],"picked":"Deadly Poison","floor":14}],"player_experience":127583,"relics_obtained":[{"floor":7,"key":"Regal Pillow"},{"floor":9,"key":"Boot"}],"event_choices":[{"damage_healed":0,"gold_gain":0,"player_choice":"Searched \u00270\u0027 times","damage_taken":0,"max_hp_gain":0,"max_hp_loss":0,"event_name":"Dead Adventurer","floor":10,"gold_loss":0}],"is_beta":false,"boss_relics":[],"items_purged_floors":[],"is_endless":false,"potions_floor_spawned":[3,4,5,7,14],"killed_by":"Slime Boss","ascension_level":3}