{"gold_per_floor":[111,111,124,124,138,172,191,201,201,236,71,71,90,120,120,219,219,231,231,243,258,258,258,4,21,72,87,87,115,215,232,232,335,335,348,58,58,20,20,32,32,51,124,0,33,133,133,143,143,143,143,143,21,48,48],"floor_reached":55,"playtime":2530,"items_purged":[],"score":756,"play_id":"ccbe61d2-6553-45e0-8a9a-d0aa2e19b117","local_time":"20191011103612","is_ascension_mode":true,"campfire_choices":[{"data":"Body Slam","floor":12,"key":"SMITH"},{"data":"Infernal Blade","floor":15,"key":"SMITH"},{"data":"Shockwave","floor":23,"key":"SMITH"},{"floor":28,"key":"REST"},{"data":"1","floor":32,"key":"LIFT"},{"floor":41,"key":"RECALL"},{"floor":47,"key":"REST"},{"floor":49,"key":"REST"},{"data":"Secret Technique","floor":52,"key":"SMITH"}],"neow_cost":"NONE","seed_source_timestamp":8371837957000,"circlet_count":0,"master_deck":["Strike_R","Strike_R","Strike_R","Defend_R","Defend_R","Defend_R+1","Defend_R","Bash","Anger+1","Iron Wave","Shrug It Off+1","Shockwave+1","Infernal Blade+1","Body Slam+1","Clash","Mayhem+1","Impervious","Anger+1","Iron Wave+1","Whirlwind+1","Rampage+1","Bludgeon+1","Clash+1","Panache+1","Secret Technique+1","Whirlwind+1","Rampage+1","Inflame+1","Anger+1","Flame Barrier"],"relics":["Black Blood","Incense Burner","Bronze Scales","Frozen Egg 2","Bag of Marbles","Boot","Molten Egg 2","Juzu Bracelet","Nunchaku","Girya","Bottled Lightning","Empty Cage","Membership Card","Red Mask","Pear","OrangePellets","Red Skull"],"potions_floor_usage":[16,16,30,30,31,33,45,45,48],"damage_taken":[{"damage":5,"enemies":"Small Slimes","floor":1,"turns":4},{"damage":0,"enemies":"Jaw Worm","floor":3,"turns":3},{"damage":0,"enemies":"Cultist","floor":5,"turns":3},{"damage":31,"enemies":"3 Sentries","floor":6,"turns":12},{"damage":10,"enemies":"Large Slime","floor":7,"turns":4},{"damage":9,"enemies":"Lots of Slimes","floor":8,"turns":4},{"damage":2,"enemies":"Lagavulin","floor":10,"turns":6},{"damage":0,"enemies":"Blue Slaver","floor":13,"turns":2},{"damage":8,"enemies":"Gremlin Nob","floor":14,"turns":3},{"damage":28,"enemies":"Slime Boss","floor":16,"turns":8},{"damage":2,"enemies":"Chosen","floor":18,"turns":3},{"damage":16,"enemies":"2 Thieves","floor":20,"turns":3},{"damage":19,"enemies":"Centurion and Healer","floor":21,"turns":5},{"damage":29,"enemies":"3 Cultists","floor":25,"turns":6},{"damage":6,"enemies":"Snake Plant","floor":27,"turns":4},{"damage":35,"enemies":"Slavers","floor":29,"turns":6},{"damage":3,"enemies":"Colosseum Slavers","floor":30,"turns":2},{"damage":0,"enemies":"Colosseum Nobs","floor":30,"turns":4},{"damage":3,"enemies":"Centurion and Healer","floor":31,"turns":3},{"damage":49,"enemies":"Collector","floor":33,"turns":11},{"damage":2,"enemies":"3 Darklings","floor":35,"turns":2},{"damage":8,"enemies":"Orb Walker","floor":40,"turns":2},{"damage":16,"enemies":"Maw","floor":42,"turns":7},{"damage":66,"enemies":"Giant Head","floor":45,"turns":8},{"damage":24,"enemies":"4 Shapes","floor":48,"turns":3},{"damage":30,"enemies":"Donu and Deca","floor":50,"turns":6},{"damage":53,"enemies":"Shield and Spear","floor":54,"turns":6},{"damage":55,"enemies":"The Heart","floor":55,"turns":5}],"seed_played":"-702276085182276611","potions_obtained":[{"floor":3,"key":"Regen Potion"},{"floor":6,"key":"SteroidPotion"},{"floor":8,"key":"Fire Potion"},{"floor":13,"key":"AttackPotion"},{"floor":14,"key":"EssenceOfSteel"},{"floor":16,"key":"SteroidPotion"},{"floor":27,"key":"Fire Potion"},{"floor":29,"key":"Strength Potion"},{"floor":30,"key":"AttackPotion"},{"floor":40,"key":"SpeedPotion"},{"floor":42,"key":"SteroidPotion"},{"floor":45,"key":"Poison Potion"},{"floor":54,"key":"Strength Potion"}],"is_trial":false,"path_per_floor":["M","?","M","T","M","E","M","M","T","E","$","R","M","E","R","B",null,"M","?","M","M","?","R","$","M","T","M","R","E","?","M","R","B",null,"M","$","?","$","?","M","R","M","T","?","E","?","R","M","R","B",null,"R","$","E","B"],"character_chosen":"IRONCLAD","items_purchased":["Mayhem+1","Molten Egg 2","Membership Card","Panache+1","Whirlwind+1","OrangePellets","Anger+1"],"campfire_rested":3,"item_purchase_floors":[11,24,36,36,38,53,53],"current_hp_per_floor":[80,64,70,70,76,51,47,44,44,48,48,48,54,52,52,45,80,80,80,74,65,65,65,65,46,46,50,74,49,66,73,73,34,80,80,80,80,80,80,80,80,74,74,74,28,28,55,41,68,48,90,90,90,47,0],"gold":48,"neow_bonus":"THREE_CARDS","is_prod":false,"is_daily":false,"chose_seed":false,"campfire_upgraded":4,"win_rate":0,"timestamp":1570782972,"path_taken":["M","?","M","?","?","E","M","M","T","E","$","R","M","E","R","BOSS","M","?","?","M","?","R","$","?","T","M","R","E","?","M","R","BOSS","M","$","?","$","?","M","R","M","T","?","E","?","R","M","R","BOSS","R","$","E","BOSS"],"build_version":"2019-07-17","purchased_purges":0,"victory":false,"max_hp_per_floor":[80,80,80,80,80,80,80,80,80,80,80,80,80,80,80,80,80,80,80,80,80,80,80,80,80,80,80,80,80,80,80,80,80,80,80,80,80,80,80,80,80,80,80,80,90,90,90,90,90,90,90,90,90,90,90],"card_choices":[{"not_picked":["Clothesline","Shrug It Off"],"picked":"Anger","floor":0},{"not_picked":["Havoc","Clothesline"],"picked":"Iron Wave","floor":1},{"not_picked":["Perfected Strike","Flex"],"picked":"Shrug It Off","floor":3},{"not_picked":["Iron Wave","Sword Boomerang"],"picked":"Shockwave","floor":5},{"not_picked":["Sever Soul","Blood for Blood","Warcry"],"picked":"SKIP","floor":6},{"not_picked":["Carnage","Pummel"],"picked":"Infernal Blade","floor":7},{"not_picked":["Blood for Blood","Fire Breathing"],"picked":"Body Slam","floor":8},{"not_picked":["Intimidate","Thunderclap"],"picked":"Clash","floor":10},{"not_picked":["Fiend Fire","Searing Blow","Twin Strike"],"picked":"SKIP","floor":13},{"not_picked":["Fiend Fire","Wild Strike","Anger"],"picked":"SKIP","floor":14},{"not_picked":["Offering","Immolate"],"picked":"Impervious","floor":16},{"not_picked":["Wild Strike","Shockwave","Cleave"],"picked":"SKIP","floor":18},{"not_picked":["Wild Strike+1","Havoc","Heavy Blade"],"picked":"SKIP","floor":20},{"not_picked":["Pommel Strike","Thunderclap"],"picked":"Evolve+1","floor":21},{"not_picked":["Feel No Pain+1","Infernal Blade"],"picked":"Anger+1","floor":25},{"not_picked":["Clothesline+1","Heavy Blade+1"],"picked":"Iron Wave+1","floor":27},{"not_picked":["Shockwave","Body Slam+1"],"picked":"Whirlwind+1","floor":29},{"not_picked":["Iron Wave+1","Feel No Pain+1"],"picked":"Rampage+1","floor":30},{"not_picked":["Twin Strike+1","Thunderclap+1","Iron Wave+1"],"picked":"SKIP","floor":31},{"not_picked":["Immolate+1","Offering"],"picked":"Bludgeon+1","floor":33},{"not_picked":["Feel No Pain+1","Heavy Blade+1"],"picked":"Clash+1","floor":35},{"not_picked":["Impatience","Discovery"],"picked":"Secret Technique","floor":37},{"not_picked":["Wild Strike+1","Pummel+1","Intimidate+1"],"picked":"SKIP","floor":40},{"not_picked":["Perfected Strike+1","Anger+1"],"picked":"Rampage+1","floor":42},{"not_picked":["Wild Strike+1","Entrench+1","Reckless Charge+1"],"picked":"SKIP","floor":45},{"not_picked":["Thunderclap+1","Wild Strike+1"],"picked":"Inflame+1","floor":48},{"not_picked":["Twin Strike+1","Pummel+1"],"picked":"Flame Barrier","floor":54}],"player_experience":296101,"relics_obtained":[{"floor":4,"key":"Incense Burner"},{"floor":6,"key":"Bronze Scales"},{"floor":9,"key":"Frozen Egg 2"},{"floor":10,"key":"Bag of Marbles"},{"floor":14,"key":"Boot"},{"floor":26,"key":"Juzu Bracelet"},{"floor":29,"key":"Nunchaku"},{"floor":30,"key":"Girya"},{"floor":30,"key":"Bottled Lightning"},{"floor":45,"key":"Pear"},{"floor":54,"key":"Red Skull"}],"event_choices":[{"damage_healed":0,"gold_gain":0,"player_choice":"Entered Light","damage_taken":16,"max_hp_gain":0,"max_hp_loss":0,"event_name":"Shining Light","floor":2,"gold_loss":0,"cards_upgraded":["Defend_R","Anger"]},{"damage_healed":0,"gold_gain":0,"player_choice":"Forge","damage_taken":0,"max_hp_gain":0,"max_hp_loss":0,"event_name":"Accursed Blacksmith","floor":19,"gold_loss":0,"cards_upgraded":["Shrug It Off"]},{"damage_healed":0,"gold_gain":0,"player_choice":"Bought 0 Potions","damage_taken":0,"max_hp_gain":0,"max_hp_loss":0,"event_name":"The Woman in Blue","floor":22,"gold_loss":0},{"damage_healed":0,"gold_gain":0,"player_choice":"Fight","damage_taken":0,"max_hp_gain":0,"max_hp_loss":0,"event_name":"Colosseum","floor":30,"gold_loss":0},{"damage_healed":0,"gold_gain":0,"player_choice":"Fought Nobs","damage_taken":0,"max_hp_gain":0,"max_hp_loss":0,"event_name":"Colosseum","floor":30,"gold_loss":0},{"damage_healed":0,"gold_gain":0,"player_choice":"Memory 1","damage_taken":0,"max_hp_gain":0,"max_hp_loss":0,"event_name":"SensoryStone","floor":37,"gold_loss":0},{"cards_removed":["Evolve"],"damage_healed":0,"gold_gain":0,"player_choice":"Offered Uncommon","damage_taken":0,"max_hp_gain":0,"max_hp_loss":0,"event_name":"Bonfire Elementals","floor":39,"gold_loss":0},{"damage_healed":0,"gold_gain":0,"player_choice":"Paid","damage_taken":0,"relics_obtained":["Red Mask"],"max_hp_gain":0,"max_hp_loss":0,"event_name":"Tomb of Lord Red Mask","floor":44,"gold_loss":124},{"damage_healed":0,"gold_gain":100,"player_choice":"Pray","damage_taken":0,"max_hp_gain":0,"max_hp_loss":0,"event_name":"Golden Shrine","floor":46,"gold_loss":0}],"is_beta":false,"boss_relics":[{"not_picked":["Mark of Pain","Tiny House"],"picked":"Black Blood"},{"not_picked":["Cursed Key","Calling Bell"],"picked":"Empty Cage"}],"items_purged_floors":[],"is_endless":false,"potions_floor_spawned":[3,6,8,13,14,16,27,29,30,40,42,45,54],"killed_by":"The Heart","ascension_level":2}