{"gold_per_floor":[20,32,32,47,147,191,191,205,229,260,260,284,284,302,302,431,431,452,452,471,18,43,43,57,57,57,95,95,95,95],"floor_reached":30,"playtime":2602,"items_purged":[],"score":367,"play_id":"bc09cefa-7792-41cd-b9de-9c38fc5ff3ce","local_time":"20191016214317","is_ascension_mode":true,"campfire_choices":[{"floor":7,"key":"REST"},{"data":"Footwork","floor":11,"key":"SMITH"},{"floor":13,"key":"REST"},{"data":"Deadly Poison","floor":15,"key":"SMITH"},{"data":"Burst","floor":23,"key":"SMITH"},{"data":"Leg Sweep","floor":25,"key":"SMITH"},{"data":"Neutralize","floor":28,"key":"SMITH"}],"neow_cost":"NO_GOLD","seed_source_timestamp":510023358724300,"circlet_count":0,"master_deck":["Strike_G+1","Strike_G+1","Strike_G+1","Defend_G+1","Defend_G+1","Defend_G+1","Defend_G+1","Survivor","Neutralize+1","PiercingWail","Blur","Dagger Throw","Footwork+1","Dash","Slice","Quick Slash","Deadly Poison+1","Burst+1","Predator+1","Doppelganger+1","Underhanded Strike+1","Leg Sweep+1"],"relics":["Ring of the Snake","Golden Idol","Bag of Preparation","Regal Pillow","Orichalcum","Astrolabe","FossilizedHelix","Ancient Tea Set","Ornamental Fan","Potion Belt","Calipers"],"potions_floor_usage":[6,10,12,16,16,27,29,30],"damage_taken":[{"damage":1,"enemies":"Cultist","floor":1,"turns":5},{"damage":2,"enemies":"2 Louse","floor":2,"turns":3},{"damage":4,"enemies":"Small Slimes","floor":4,"turns":6},{"damage":34,"enemies":"Lagavulin","floor":6,"turns":9},{"damage":29,"enemies":"Gremlin Gang","floor":8,"turns":8},{"damage":6,"enemies":"3 Sentries","floor":10,"turns":11},{"damage":0,"enemies":"Looter","floor":12,"turns":2},{"damage":0,"enemies":"3 Louse","floor":14,"turns":3},{"damage":20,"enemies":"The Guardian","floor":16,"turns":10},{"damage":20,"enemies":"3 Byrds","floor":18,"turns":5},{"damage":0,"enemies":"Spheric Guardian","floor":20,"turns":4},{"damage":0,"enemies":"Chosen and Byrds","floor":22,"turns":6},{"damage":0,"enemies":"Snecko","floor":24,"turns":3},{"damage":0,"enemies":"Book of Stabbing","floor":27,"turns":8},{"damage":80,"enemies":"Gremlin Leader","floor":30,"turns":9}],"seed_played":"2951231976782039479","potions_obtained":[{"floor":1,"key":"PowerPotion"},{"floor":6,"key":"FearPotion"},{"floor":8,"key":"Explosive Potion"},{"floor":10,"key":"LiquidBronze"},{"floor":14,"key":"Strength Potion"},{"floor":20,"key":"AttackPotion"},{"floor":24,"key":"Fire Potion"},{"floor":27,"key":"Fruit Juice"}],"is_trial":false,"path_per_floor":["M","M","?","M","?","E","R","M","T","E","R","M","R","M","R","B",null,"M","?","M","$","M","R","M","R","T","E","R","?","E"],"character_chosen":"THE_SILENT","items_purchased":["FossilizedHelix","Ancient Tea Set"],"campfire_rested":2,"item_purchase_floors":[21,21],"current_hp_per_floor":[83,81,60,56,56,22,47,18,18,12,12,12,52,52,52,32,84,64,64,64,64,64,64,64,64,64,64,64,69,0],"gold":95,"neow_bonus":"TWENTY_PERCENT_HP_BONUS","is_prod":false,"is_daily":false,"chose_seed":false,"campfire_upgraded":5,"win_rate":1,"timestamp":1571283797,"path_taken":["M","?","?","M","?","E","R","M","T","E","R","?","R","M","R","BOSS","M","?","M","$","M","R","M","R","T","E","R","?","E"],"build_version":"2019-07-17","purchased_purges":0,"victory":false,"max_hp_per_floor":[84,84,84,84,84,84,84,84,84,84,84,84,84,84,84,84,84,84,84,84,84,84,84,84,84,84,84,84,89,89],"card_choices":[{"not_picked":["Slice","Skewer"],"picked":"PiercingWail","floor":1},{"not_picked":["Distraction","Finisher"],"picked":"Blur","floor":2},{"not_picked":["Choke","Underhanded Strike"],"picked":"Dagger Throw","floor":4},{"not_picked":["Catalyst","Finisher"],"picked":"Footwork","floor":6},{"not_picked":["Caltrops","Bouncing Flask"],"picked":"Dash","floor":8},{"not_picked":["Reflex","Storm of Steel"],"picked":"Slice","floor":10},{"not_picked":["Cloak And Dagger","Distraction"],"picked":"Quick Slash","floor":12},{"not_picked":["Underhanded Strike","Blur"],"picked":"Deadly Poison","floor":14},{"not_picked":["Envenom","Storm of Steel"],"picked":"Burst","floor":16},{"not_picked":["Sucker Punch","Slice","Predator"],"picked":"SKIP","floor":18},{"not_picked":["Expertise","Outmaneuver","Sucker Punch"],"picked":"SKIP","floor":20},{"not_picked":["Underhanded Strike","Wraith Form v2","Skewer"],"picked":"SKIP","floor":22},{"not_picked":["Flying Knee","Flechettes"],"picked":"Leg Sweep","floor":24},{"not_picked":["Eviscerate","Poisoned Stab","Acrobatics"],"picked":"SKIP","floor":27}],"player_experience":58996,"relics_obtained":[{"floor":6,"key":"Bag of Preparation"},{"floor":9,"key":"Regal Pillow"},{"floor":10,"key":"Orichalcum"},{"floor":26,"key":"Ornamental Fan"},{"floor":27,"key":"Potion Belt"},{"floor":29,"key":"Calipers"}],"event_choices":[{"damage_healed":0,"gold_gain":0,"player_choice":"Take Damage","damage_taken":21,"relics_obtained":["Golden Idol"],"max_hp_gain":0,"max_hp_loss":0,"event_name":"Golden Idol","floor":3,"gold_loss":0},{"damage_healed":0,"gold_gain":100,"player_choice":"Pray","damage_taken":0,"max_hp_gain":0,"max_hp_loss":0,"event_name":"Golden Shrine","floor":5,"gold_loss":0},{"damage_healed":0,"gold_gain":0,"player_choice":"Simplicity","damage_taken":0,"max_hp_gain":0,"max_hp_loss":0,"event_name":"Back to Basics","floor":19,"gold_loss":0,"cards_upgraded":["Strike_G","Strike_G","Strike_G","Defend_G","Defend_G","Defend_G","Defend_G"]},{"damage_healed":0,"gold_gain":0,"player_choice":"Relic","damage_taken":0,"max_hp_gain":0,"max_hp_loss":0,"event_name":"Wheel of Change","floor":29,"gold_loss":0}],"is_beta":false,"boss_relics":[{"not_picked":["Empty Cage","Sozu"],"picked":"Astrolabe"}],"items_purged_floors":[],"is_endless":false,"potions_floor_spawned":[1,6,8,10,14,20,24,27],"killed_by":"Gremlin Leader","ascension_level":4}