{"gold_per_floor":[112,112,127,1,1,1,31,31,31,44,57,57,57,75,75,152,152,172,172,184,200,200,200,200],"floor_reached":24,"playtime":404,"items_purged":["Decay"],"score":442,"play_id":"29fbd8f4-c11d-4abb-a4d0-bf8247e749fb","local_time":"20190925134622","is_ascension_mode":true,"campfire_choices":[{"data":"Zap","floor":6,"key":"SMITH"},{"data":"Dualcast","floor":8,"key":"SMITH"},{"data":"Beam Cell","floor":12,"key":"SMITH"},{"data":"Redo","floor":15,"key":"SMITH"},{"data":"Defragment","floor":23,"key":"SMITH"}],"neow_cost":"NONE","seed_source_timestamp":250718026295602,"circlet_count":0,"master_deck":["AscendersBane","Strike_B","Strike_B","Defend_B","Defend_B","Defend_B","Defend_B","Zap+1","Dualcast+1","Cold Snap","Ball Lightning","Compile Driver","Compile Driver","Redo+1","Beam Cell+1","Biased Cognition","Defragment+1","Double Energy","Amplify"],"relics":["Cracked Core","NeowsBlessing","Centennial Puzzle","Question Card","Runic Pyramid"],"potions_floor_usage":[16,20],"damage_taken":[{"damage":0,"enemies":"Small Slimes","floor":1,"turns":1},{"damage":0,"enemies":"Cultist","floor":3,"turns":1},{"damage":0,"enemies":"Lagavulin","floor":7,"turns":1},{"damage":0,"enemies":"2 Louse","floor":10,"turns":2},{"damage":11,"enemies":"Looter","floor":11,"turns":2},{"damage":0,"enemies":"Exordium Thugs","floor":14,"turns":3},{"damage":15,"enemies":"Hexaghost","floor":16,"turns":7},{"damage":1,"enemies":"Chosen","floor":18,"turns":4},{"damage":7,"enemies":"3 Byrds","floor":20,"turns":4},{"damage":15,"enemies":"3 Cultists","floor":21,"turns":4},{"damage":0,"enemies":"Gremlin Leader","floor":24,"turns":1}],"seed_played":"-8443066102863814226","potions_obtained":[{"floor":7,"key":"Swift Potion"},{"floor":10,"key":"FearPotion"},{"floor":21,"key":"FearPotion"}],"is_trial":false,"path_per_floor":["M","?","M","$","?","R","E","R","T","M","M","R","?","M","R","B",null,"M","?","M","M","?","R","E"],"character_chosen":"DEFECT","items_purchased":["Compile Driver"],"campfire_rested":0,"item_purchase_floors":[4],"current_hp_per_floor":[64,64,64,64,57,57,57,57,57,57,46,46,46,46,46,31,61,60,60,53,38,38,38,38],"gold":200,"neow_bonus":"THREE_ENEMY_KILL","is_prod":false,"is_daily":false,"chose_seed":false,"campfire_upgraded":5,"win_rate":0,"timestamp":1569390382,"path_taken":["M","?","?","?","?","R","E","R","T","M","M","R","?","M","R","BOSS","M","?","M","M","?","R","E"],"build_version":"2019-09-24","purchased_purges":1,"victory":false,"max_hp_per_floor":[71,71,71,71,71,71,71,71,71,71,71,71,71,71,71,71,71,71,71,71,71,71,71,71],"card_choices":[{"not_picked":["Sweeping Beam","Conserve Battery"],"picked":"Cold Snap","floor":1},{"not_picked":["BootSequence","Stack"],"picked":"Ball Lightning","floor":3},{"not_picked":["Streamline","Ball Lightning"],"picked":"Compile Driver","floor":7},{"not_picked":["Hologram","Thunder Strike","Doom and Gloom"],"picked":"Redo","floor":10},{"not_picked":["FTL","Go for the Eyes","Redo"],"picked":"Beam Cell","floor":11},{"not_picked":["Rebound","Redo","Reprogram","Stack"],"picked":"SKIP","floor":14},{"not_picked":["Core Surge","Creative AI","Echo Form"],"picked":"Biased Cognition","floor":16},{"not_picked":["Hologram","Barrage","Go for the Eyes"],"picked":"Defragment","floor":18},{"not_picked":["Gash","Streamline","Barrage"],"picked":"Double Energy","floor":20},{"not_picked":["Go for the Eyes","Sweeping Beam","Blizzard"],"picked":"Amplify","floor":21}],"player_experience":991882,"relics_obtained":[{"floor":7,"key":"Centennial Puzzle"},{"floor":9,"key":"Question Card"}],"event_choices":[{"damage_healed":0,"gold_gain":0,"player_choice":"Cursed","damage_taken":0,"max_hp_gain":0,"max_hp_loss":0,"event_name":"Wheel of Change","floor":2,"gold_loss":0,"cards_obtained":["Decay"]},{"cards_removed":["Strike_B"],"damage_healed":0,"gold_gain":0,"player_choice":"Card Removal","damage_taken":7,"max_hp_gain":0,"max_hp_loss":0,"event_name":"Golden Wing","floor":5,"gold_loss":0},{"cards_removed":["Strike_B"],"damage_healed":0,"gold_gain":0,"player_choice":"Purged","damage_taken":0,"max_hp_gain":0,"max_hp_loss":0,"event_name":"Purifier","floor":13,"gold_loss":0},{"damage_healed":0,"gold_gain":0,"player_choice":"Ignored","damage_taken":0,"max_hp_gain":0,"max_hp_loss":0,"event_name":"Vampires","floor":19,"gold_loss":0},{"damage_healed":0,"gold_gain":0,"player_choice":"Ignored","damage_taken":0,"max_hp_gain":0,"max_hp_loss":0,"event_name":"The Mausoleum","floor":22,"gold_loss":0}],"is_beta":true,"boss_relics":[{"not_picked":["Ectoplasm","FrozenCore"],"picked":"Runic Pyramid"}],"items_purged_floors":[4],"is_endless":false,"potions_floor_spawned":[7,10,11,21],"killed_by":"Gremlin Leader","ascension_level":20}