{"gold_per_floor":[115,131,86,105,105,105,105,105,105,105,122,122,142,162,162,264,264,277,277,277,294,314,314,314],"floor_reached":24,"playtime":898,"items_purged":[],"score":226,"play_id":"7b79381a-6648-48bd-ac9c-a2e42cc2610c","local_time":"20191017132311","is_ascension_mode":true,"campfire_choices":[{"data":"Hologram","floor":6,"key":"SMITH"},{"data":"Gash","floor":8,"key":"SMITH"},{"data":"Rebound","floor":12,"key":"SMITH"},{"floor":15,"key":"REST"},{"floor":23,"key":"REST"}],"neow_cost":"NONE","seed_source_timestamp":538430310096200,"circlet_count":0,"master_deck":["Strike_B","Strike_B","Strike_B","Strike_B","Defend_B","Defend_B","Defend_B","Defend_B","Zap","Dualcast","Rebound+1","Gash+1","Hologram+1","Leap","Echo Form","Self Repair","Scrape"],"relics":["FrozenCore","NeowsBlessing","The Courier"],"potions_floor_usage":[16,22],"damage_taken":[{"damage":0,"enemies":"Small Slimes","floor":1,"turns":1},{"damage":0,"enemies":"Cultist","floor":2,"turns":1},{"damage":0,"enemies":"2 Louse","floor":4,"turns":1},{"damage":5,"enemies":"Exordium Thugs","floor":11,"turns":5},{"damage":8,"enemies":"Exordium Wildlife","floor":13,"turns":4},{"damage":14,"enemies":"Large Slime","floor":14,"turns":5},{"damage":40,"enemies":"Slime Boss","floor":16,"turns":8},{"damage":21,"enemies":"3 Byrds","floor":18,"turns":6},{"damage":11,"enemies":"Shell Parasite","floor":21,"turns":8},{"damage":40,"enemies":"3 Cultists","floor":22,"turns":7},{"damage":57,"enemies":"Slavers","floor":24,"turns":2}],"seed_played":"-6783157959834975497","potions_obtained":[{"floor":4,"key":"SteroidPotion"},{"floor":16,"key":"AttackPotion"},{"floor":18,"key":"SmokeBomb"},{"floor":21,"key":"SteroidPotion"}],"is_trial":false,"path_per_floor":["M","M","$","M","?","R","$","R","T","?","M","R","M","M","R","B",null,"M","?","?","M","M","R","E"],"character_chosen":"DEFECT","items_purchased":["Hologram"],"campfire_rested":2,"item_purchase_floors":[3],"current_hp_per_floor":[75,75,75,75,75,75,75,75,75,75,70,70,62,48,70,30,75,54,54,54,57,31,53,0],"gold":314,"neow_bonus":"THREE_ENEMY_KILL","is_prod":false,"is_daily":false,"chose_seed":false,"campfire_upgraded":3,"win_rate":0,"timestamp":1571311391,"path_taken":["M","M","$","M","?","R","$","R","T","?","M","R","?","M","R","BOSS","M","?","?","M","M","R","E"],"build_version":"2019-07-17","purchased_purges":0,"victory":false,"max_hp_per_floor":[75,75,75,75,75,75,75,75,75,75,75,75,75,75,75,75,75,75,75,75,75,75,75,75],"card_choices":[{"not_picked":["Darkness","Redo"],"picked":"Rebound","floor":1},{"not_picked":["Go for the Eyes","Blizzard"],"picked":"Gash","floor":2},{"not_picked":["Turbo","Glacier"],"picked":"Leap","floor":4},{"not_picked":["Storm","Compile Driver","Cold Snap"],"picked":"SKIP","floor":11},{"not_picked":["Force Field","Doom and Gloom","Steam"],"picked":"SKIP","floor":13},{"not_picked":["Beam Cell","Sweeping Beam","Heatsinks"],"picked":"SKIP","floor":14},{"not_picked":["Seek","Machine Learning"],"picked":"Echo Form","floor":16},{"not_picked":["Coolheaded","Compile Driver+1","Capacitor"],"picked":"SKIP","floor":18},{"not_picked":["Melter","Consume"],"picked":"Scrape","floor":21},{"not_picked":["Coolheaded","Go for the Eyes","Leap"],"picked":"SKIP","floor":22}],"player_experience":377612,"relics_obtained":[{"floor":9,"key":"The Courier"}],"event_choices":[{"damage_healed":0,"gold_gain":0,"player_choice":"Ignored","damage_taken":0,"max_hp_gain":0,"max_hp_loss":0,"event_name":"Liars Game","floor":5,"gold_loss":0},{"damage_healed":0,"gold_gain":0,"player_choice":"Bought 0 Potions","damage_taken":0,"max_hp_gain":0,"max_hp_loss":0,"event_name":"The Woman in Blue","floor":10,"gold_loss":0},{"damage_healed":0,"gold_gain":0,"player_choice":"Read","damage_taken":0,"max_hp_gain":0,"max_hp_loss":0,"event_name":"The Library","floor":19,"gold_loss":0,"cards_obtained":["Self Repair"]},{"damage_healed":0,"gold_gain":0,"player_choice":"Ignored","damage_taken":0,"max_hp_gain":0,"max_hp_loss":0,"event_name":"Vampires","floor":20,"gold_loss":0}],"is_beta":false,"boss_relics":[{"not_picked":["Tiny House","White Beast Statue"],"picked":"FrozenCore"}],"items_purged_floors":[],"is_endless":false,"potions_floor_spawned":[4,16,18,21],"killed_by":"Slavers","ascension_level":4}