{"gold_per_floor":[116,132,149,169,169,169,201,219,246,246,274,274,274,284,284,381,381,393,29,47,67,82,82,109,128,158,158,171,184,199,229,229,229],"floor_reached":33,"playtime":2718,"items_purged":[],"score":373,"play_id":"ca06740e-25f5-4268-b00b-9454e4ed15b1","local_time":"20190126195406","is_ascension_mode":true,"campfire_choices":[{"data":"Poisoned Stab","floor":6,"key":"SMITH"},{"floor":10,"key":"REST"},{"data":"Finisher","floor":12,"key":"SMITH"},{"floor":15,"key":"REST"},{"floor":23,"key":"REST"},{"floor":27,"key":"REST"},{"floor":32,"key":"REST"}],"neow_cost":"NONE","seed_source_timestamp":1113289420683743,"circlet_count":0,"master_deck":["Defend_G","Defend_G","Defend_G","Defend_G","Defend_G","Strike_G","Strike_G","Strike_G","Strike_G","Strike_G","Survivor","Neutralize","Backflip","Poisoned Stab+1","Finisher+1","Blade Dance+1","Endless Agony","Dagger Throw","Dagger Spray","Poisoned Stab","Sucker Punch","Unload","PiercingWail","Catalyst","Well Laid Plans","Quick Slash","Backstab","Calculated Gamble","Footwork+1","Blade Dance","PiercingWail+1","Normality","Corpse Explosion","Deflect+1","Blur","Dash","Flying Knee","Bane"],"relics":["Ring of the Snake","Du-Vu Doll","Anchor","Dream Catcher","Cursed Key","Toy Ornithopter","Potion Belt","Tiny Chest","Boot"],"potions_floor_usage":[7,11,16,22,30,30,30,31,33],"damage_taken":[{"damage":2,"enemies":"2 Louse","floor":1,"turns":4},{"damage":10,"enemies":"Jaw Worm","floor":2,"turns":6},{"damage":1,"enemies":"Small Slimes","floor":3,"turns":3},{"damage":3,"enemies":"3 Louse","floor":4,"turns":4},{"damage":22,"enemies":"Lagavulin","floor":7,"turns":4},{"damage":0,"enemies":"2 Fungi Beasts","floor":8,"turns":3},{"damage":8,"enemies":"Gremlin Nob","floor":11,"turns":3},{"damage":11,"enemies":"Exordium Thugs","floor":14,"turns":6},{"damage":46,"enemies":"Hexaghost","floor":16,"turns":11},{"damage":5,"enemies":"Shell Parasite","floor":18,"turns":4},{"damage":0,"enemies":"3 Byrds","floor":20,"turns":4},{"damage":16,"enemies":"Cultist and Chosen","floor":21,"turns":6},{"damage":16,"enemies":"Sentry and Sphere","floor":22,"turns":5},{"damage":40,"enemies":"Gremlin Leader","floor":24,"turns":9},{"damage":0,"enemies":"Chosen and Byrds","floor":25,"turns":3},{"damage":0,"enemies":"Snecko","floor":28,"turns":2},{"damage":36,"enemies":"Sentry and Sphere","floor":29,"turns":6},{"damage":7,"enemies":"Shelled Parasite and Fungi","floor":30,"turns":3},{"damage":16,"enemies":"Book of Stabbing","floor":31,"turns":5},{"damage":52,"enemies":"Champ","floor":33,"turns":13}],"seed_played":"7664495502143605026","potions_obtained":[{"floor":3,"key":"Strength Potion"},{"floor":7,"key":"AttackPotion"},{"floor":8,"key":"Dexterity Potion"},{"floor":16,"key":"AttackPotion"},{"floor":21,"key":"PowerPotion"},{"floor":24,"key":"Weak Potion"},{"floor":25,"key":"Poison Potion"},{"floor":28,"key":"Regen Potion"},{"floor":29,"key":"Swift Potion"}],"is_trial":false,"path_per_floor":["M","M","M","M","?","R","E","M","T","R","E","R","?","M","R","B",null,"M","$","M","M","M","R","E","M","T","R","M","M","M","E","R","B"],"character_chosen":"THE_SILENT","items_purchased":["Catalyst","Toy Ornithopter","Well Laid Plans"],"campfire_rested":5,"item_purchase_floors":[19,19,19],"current_hp_per_floor":[75,65,64,61,61,61,39,39,39,62,54,54,54,43,66,20,77,72,72,72,56,45,68,28,28,28,51,51,15,35,24,47,0],"gold":229,"neow_bonus":"TEN_PERCENT_HP_BONUS","is_prod":false,"is_daily":false,"chose_seed":false,"campfire_upgraded":2,"win_rate":0,"timestamp":1548525246,"path_taken":["M","M","M","M","?","R","E","M","T","R","E","R","?","M","R","BOSS","M","$","M","M","M","R","E","M","T","R","M","M","M","E","R","BOSS"],"build_version":"2019-01-23","purchased_purges":0,"victory":false,"max_hp_per_floor":[77,77,77,77,77,77,77,77,77,77,77,77,77,77,77,77,77,77,77,77,77,77,77,77,77,77,77,77,77,77,77,77,77],"card_choices":[{"not_picked":["Predator","Slice"],"picked":"Backflip","floor":1},{"not_picked":["Setup","Slice"],"picked":"Poisoned Stab","floor":2},{"not_picked":["Outmaneuver","Choke"],"picked":"Finisher","floor":3},{"not_picked":["Expertise","Phantasmal Killer"],"picked":"Blade Dance","floor":4},{"not_picked":["Cloak And Dagger","Dodge and Roll"],"picked":"Endless Agony","floor":7},{"not_picked":["All Out Attack","Flechettes"],"picked":"Dagger Throw","floor":8},{"not_picked":["Endless Agony","Eviscerate"],"picked":"Dagger Spray","floor":11},{"not_picked":["Underhanded Strike","Bane"],"picked":"Poisoned Stab","floor":14},{"not_picked":["Doppelganger","Dagger Spray"],"picked":"Sucker Punch","floor":15},{"not_picked":["Glass Knife","Phantasmal Killer"],"picked":"Unload","floor":16},{"not_picked":["Reflex","Poisoned Stab"],"picked":"PiercingWail","floor":18},{"not_picked":["Choke","Acrobatics+1"],"picked":"Quick Slash","floor":20},{"not_picked":["PiercingWail","Concentrate"],"picked":"Backstab","floor":21},{"not_picked":["Masterful Stab","Expertise"],"picked":"Calculated Gamble","floor":22},{"not_picked":["Slice","Bane"],"picked":"Footwork+1","floor":23},{"not_picked":["Unload","PiercingWail"],"picked":"Blade Dance","floor":24},{"not_picked":["Outmaneuver","Endless Agony+1"],"picked":"PiercingWail+1","floor":25},{"not_picked":["Quick Slash+1","Flying Knee+1"],"picked":"Corpse Explosion","floor":27},{"not_picked":["Outmaneuver+1","Flying Knee"],"picked":"Deflect+1","floor":28},{"not_picked":["Tactician","Well Laid Plans"],"picked":"Blur","floor":29},{"not_picked":["Flechettes","PiercingWail"],"picked":"Dash","floor":30},{"not_picked":["Slice","All Out Attack"],"picked":"Flying Knee","floor":31},{"not_picked":["Slice+1","Underhanded Strike"],"picked":"Bane","floor":32}],"player_experience":173388,"relics_obtained":[{"floor":7,"key":"Du-Vu Doll"},{"floor":9,"key":"Anchor"},{"floor":11,"key":"Dream Catcher"},{"floor":24,"key":"Potion Belt"},{"floor":26,"key":"Tiny Chest"},{"floor":31,"key":"Boot"}],"event_choices":[{"damage_healed":0,"gold_gain":0,"player_choice":"Grow","damage_taken":0,"max_hp_gain":0,"max_hp_loss":0,"event_name":"Living Wall","floor":5,"gold_loss":0,"cards_upgraded":["Blade Dance"]},{"damage_healed":0,"gold_gain":0,"player_choice":"Searched \u00270\u0027 times","damage_taken":0,"max_hp_gain":0,"max_hp_loss":0,"event_name":"Dead Adventurer","floor":13,"gold_loss":0}],"is_beta":false,"boss_relics":[{"not_picked":["Philosopher\u0027s Stone","White Beast Statue"],"picked":"Cursed Key"}],"items_purged_floors":[],"is_endless":false,"potions_floor_spawned":[3,7,8,16,21,24,25,28,29],"killed_by":"Champ","ascension_level":3}