{"gold_per_floor":[109,129,2,19,32,65,83,83,83,109,109,109,109,120,120,120],"floor_reached":16,"playtime":732,"items_purged":["Strike_B"],"score":134,"play_id":"ed83e5b6-c944-41d8-82cc-35ea8d1ad354","local_time":"20190915130245","is_ascension_mode":true,"campfire_choices":[{"data":"Zap","floor":8,"key":"SMITH"},{"data":"Loop","floor":13,"key":"SMITH"},{"data":"Loop","floor":15,"key":"SMITH"}],"neow_cost":"TEN_PERCENT_HP_LOSS","seed_source_timestamp":310482465130600,"circlet_count":0,"master_deck":["Strike_B","Strike_B","Defend_B","Defend_B","Defend_B","Zap+1","Dualcast","Loop+1","Scrape","Go for the Eyes","Sweeping Beam","Storm","Glacier","Loop+1","Coolheaded","Parasite","Chill"],"relics":["Cracked Core","Question Card","Bottled Tornado","Mercury Hourglass"],"potions_floor_usage":[],"damage_taken":[{"damage":6,"enemies":"Cultist","floor":1,"turns":3},{"damage":0,"enemies":"Small Slimes","floor":2,"turns":4},{"damage":0,"enemies":"2 Louse","floor":4,"turns":3},{"damage":9,"enemies":"Looter","floor":5,"turns":3},{"damage":20,"enemies":"Lagavulin","floor":6,"turns":7},{"damage":3,"enemies":"Blue Slaver","floor":7,"turns":3},{"damage":29,"enemies":"3 Sentries","floor":10,"turns":6},{"damage":10,"enemies":"Gremlin Gang","floor":14,"turns":3},{"damage":11,"enemies":"Hexaghost","floor":16,"turns":9}],"seed_played":"3494625063473395561","potions_obtained":[{"floor":1,"key":"Fire Potion"},{"floor":5,"key":"Strength Potion"},{"floor":7,"key":"EssenceOfSteel"}],"is_trial":false,"path_per_floor":["M","M","$","M","M","E","M","R","T","E","?","?","R","M","R","B"],"character_chosen":"DEFECT","items_purchased":["Go for the Eyes"],"campfire_rested":0,"item_purchase_floors":[3],"current_hp_per_floor":[62,62,62,62,53,33,30,30,30,1,1,18,18,8,8,0],"gold":120,"neow_bonus":"REMOVE_TWO","is_prod":false,"is_daily":false,"chose_seed":false,"campfire_upgraded":3,"win_rate":0,"timestamp":1568545365,"path_taken":["M","M","$","M","M","E","?","R","T","E","?","?","R","M","R","BOSS"],"build_version":"2019-07-17","purchased_purges":1,"victory":false,"max_hp_per_floor":[68,68,68,68,68,68,68,68,68,68,68,68,68,68,68,68],"card_choices":[{"not_picked":["Consume","Conserve Battery"],"picked":"Loop","floor":1},{"not_picked":["Stack","Consume"],"picked":"Scrape","floor":2},{"not_picked":["Heatsinks","Ball Lightning"],"picked":"Sweeping Beam","floor":4},{"not_picked":["Rip and Tear","Rebound"],"picked":"Storm","floor":5},{"not_picked":["Hologram","Reprogram"],"picked":"Glacier","floor":6},{"not_picked":["Rebound","Genetic Algorithm","Hologram"],"picked":"Loop","floor":7},{"not_picked":["Streamline","Glacier","Redo"],"picked":"Coolheaded","floor":10},{"not_picked":["Compile Driver","Fusion","Capacitor"],"picked":"Chill","floor":14}],"player_experience":303297,"relics_obtained":[{"floor":6,"key":"Question Card"},{"floor":9,"key":"Bottled Tornado"},{"floor":10,"key":"Mercury Hourglass"}],"event_choices":[{"damage_healed":0,"gold_gain":0,"player_choice":"Ignored","damage_taken":0,"max_hp_gain":0,"max_hp_loss":0,"event_name":"Golden Idol","floor":11,"gold_loss":0},{"damage_healed":17,"gold_gain":0,"player_choice":"Healed and dodged fight","damage_taken":0,"max_hp_gain":0,"max_hp_loss":0,"event_name":"Mushrooms","floor":12,"gold_loss":0,"cards_obtained":["Parasite"]}],"is_beta":false,"boss_relics":[],"items_purged_floors":[3],"is_endless":false,"potions_floor_spawned":[1,5,7],"killed_by":"Hexaghost","ascension_level":4}