{"gold_per_floor":[11,25,36,2,2,33,3,19,19,19,19,19,19,51,51,51],"floor_reached":16,"playtime":683,"items_purged":[],"score":130,"play_id":"f42f2ee7-228b-4aa3-b8ef-bd867ab42d86","local_time":"20190915174224","is_ascension_mode":true,"campfire_choices":[{"data":"Capacitor","floor":13,"key":"SMITH"},{"floor":15,"key":"REST"}],"neow_cost":"NO_GOLD","seed_source_timestamp":327309366152100,"circlet_count":0,"master_deck":["Strike_B","Strike_B","Strike_B","Defend_B","Defend_B","Defend_B","Defend_B+1","Zap","Dualcast","Reboot","Cold Snap","Cold Snap+1","Glacier","Capacitor+1","Creative AI+1","Chill","Coolheaded"],"relics":["Cracked Core","Bag of Marbles","Symbiotic Virus","Prayer Wheel"],"potions_floor_usage":[],"damage_taken":[{"damage":4,"enemies":"Jaw Worm","floor":1,"turns":4},{"damage":3,"enemies":"Small Slimes","floor":2,"turns":3},{"damage":2,"enemies":"Cultist","floor":3,"turns":3},{"damage":13,"enemies":"3 Sentries","floor":6,"turns":15},{"damage":0,"enemies":"Looter","floor":7,"turns":4},{"damage":13,"enemies":"3 Louse","floor":8,"turns":4},{"damage":6,"enemies":"Lagavulin","floor":14,"turns":5},{"damage":41,"enemies":"Slime Boss","floor":16,"turns":7}],"seed_played":"3952642149475010953","potions_obtained":[{"floor":2,"key":"Poison Potion"},{"floor":6,"key":"FearPotion"},{"floor":14,"key":"SteroidPotion"}],"is_trial":false,"path_per_floor":["M","M","M","$","?","E","M","M","T","?","?","$","R","E","R","B"],"character_chosen":"DEFECT","items_purchased":["Glacier"],"campfire_rested":1,"item_purchase_floors":[4],"current_hp_per_floor":[71,68,66,66,66,53,53,40,40,25,25,25,25,19,41,0],"gold":51,"neow_bonus":"THREE_RARE_CARDS","is_prod":false,"is_daily":false,"chose_seed":false,"campfire_upgraded":1,"win_rate":0,"timestamp":1568562144,"path_taken":["M","M","M","$","?","E","M","M","T","?","?","$","R","E","R","BOSS"],"build_version":"2019-07-17","purchased_purges":0,"victory":false,"max_hp_per_floor":[75,75,75,75,75,75,75,75,75,75,75,75,75,75,75,75],"card_choices":[{"not_picked":["Fission","Thunder Strike"],"picked":"Reboot","floor":0},{"not_picked":["Stack","Aggregate"],"picked":"Cold Snap","floor":1},{"not_picked":["Turbo","Streamline"],"picked":"Cold Snap","floor":2},{"not_picked":["Rebound","Hologram","Reprogram"],"picked":"SKIP","floor":3},{"not_picked":["Go for the Eyes","Fusion"],"picked":"Capacitor","floor":6},{"not_picked":["Aggregate","Undo"],"picked":"Creative AI","floor":7},{"not_picked":["Streamline","Steam"],"picked":"Chill","floor":8},{"not_picked":["Ball Lightning","Stack"],"picked":"Coolheaded","floor":14}],"player_experience":316977,"relics_obtained":[{"floor":6,"key":"Bag of Marbles"},{"floor":9,"key":"Symbiotic Virus"},{"floor":14,"key":"Prayer Wheel"}],"event_choices":[{"cards_removed":["Strike_B"],"damage_healed":0,"gold_gain":0,"player_choice":"Forget","damage_taken":0,"max_hp_gain":0,"max_hp_loss":0,"event_name":"Living Wall","floor":5,"gold_loss":0},{"damage_healed":0,"gold_gain":0,"player_choice":"Entered Light","damage_taken":15,"max_hp_gain":0,"max_hp_loss":0,"event_name":"Shining Light","floor":10,"gold_loss":0,"cards_upgraded":["Defend_B","Cold Snap"]},{"damage_healed":0,"gold_gain":0,"player_choice":"Forge","damage_taken":0,"max_hp_gain":0,"max_hp_loss":0,"event_name":"Accursed Blacksmith","floor":11,"gold_loss":0,"cards_upgraded":["Creative AI"]}],"is_beta":false,"boss_relics":[],"items_purged_floors":[],"is_endless":false,"potions_floor_spawned":[2,6,14],"killed_by":"Slime Boss","ascension_level":4}