{"gold_per_floor":[112,131,206,226,276,276,286,286,366,366],"floor_reached":10,"playtime":201,"items_purged":[],"score":116,"play_id":"d6c450b7-5c34-4446-852d-ee5fcb13c2b9","local_time":"20190925135455","is_ascension_mode":true,"campfire_choices":[{"data":"Sunder","floor":6,"key":"SMITH"},{"data":"Zap","floor":8,"key":"SMITH"}],"neow_cost":"PERCENT_DAMAGE","seed_source_timestamp":251436484557368,"circlet_count":0,"master_deck":["AscendersBane","Strike_B","Strike_B","Strike_B","Strike_B","Defend_B","Defend_B","Defend_B","Defend_B","Zap+1","Dualcast","Glacier","Turbo","Sunder+1","Recycle"],"relics":["Cracked Core","Mango","Ornamental Fan"],"potions_floor_usage":[],"damage_taken":[{"damage":7,"enemies":"Small Slimes","floor":1,"turns":3},{"damage":0,"enemies":"Cultist","floor":2,"turns":3},{"damage":0,"enemies":"2 Louse","floor":4,"turns":3},{"damage":12,"enemies":"Exordium Thugs","floor":7,"turns":5},{"damage":22,"enemies":"Lagavulin","floor":10,"turns":8}],"seed_played":"-4029857447540335262","potions_obtained":[{"floor":1,"key":"FearPotion"},{"floor":7,"key":"PotionOfCapacity"}],"is_trial":false,"path_per_floor":["M","M","?","M","?","R","M","R","T","E"],"character_chosen":"DEFECT","items_purchased":[],"campfire_rested":0,"item_purchase_floors":[],"current_hp_per_floor":[53,53,42,42,42,42,30,30,30,8],"gold":366,"neow_bonus":"ONE_RARE_RELIC","is_prod":false,"is_daily":false,"chose_seed":false,"campfire_upgraded":2,"win_rate":0,"timestamp":1569390895,"path_taken":["M","M","?","M","?","R","?","R","T","E"],"build_version":"2019-09-24","purchased_purges":0,"victory":false,"max_hp_per_floor":[85,85,85,85,85,85,85,85,85,85],"card_choices":[{"not_picked":["Ball Lightning","Coolheaded"],"picked":"Glacier","floor":1},{"not_picked":["Rebound","Rip and Tear"],"picked":"Turbo","floor":2},{"not_picked":["Blizzard","Reinforced Body"],"picked":"Sunder","floor":4},{"not_picked":["Beam Cell","Undo"],"picked":"Recycle","floor":7}],"player_experience":992531,"relics_obtained":[{"floor":9,"key":"Ornamental Fan"}],"event_choices":[{"damage_healed":0,"gold_gain":75,"player_choice":"Gather Gold","damage_taken":11,"max_hp_gain":0,"max_hp_loss":0,"event_name":"World of Goop","floor":3,"gold_loss":0},{"damage_healed":0,"gold_gain":50,"player_choice":"Pray","damage_taken":0,"max_hp_gain":0,"max_hp_loss":0,"event_name":"Golden Shrine","floor":5,"gold_loss":0}],"is_beta":true,"boss_relics":[],"items_purged_floors":[],"is_endless":false,"potions_floor_spawned":[1,7],"killed_by":"Lagavulin","ascension_level":20}