{"gold_per_floor":[114,38,113,133,233,260,279,279,304,304,317,346,316],"floor_reached":13,"playtime":469,"items_purged":[],"score":130,"play_id":"7c4576b6-0dad-46dc-b318-1eb7d8228a2c","local_time":"20191015145325","is_ascension_mode":true,"campfire_choices":[{"data":"Caltrops","floor":8,"key":"SMITH"},{"floor":10,"key":"RECALL"}],"neow_cost":"NONE","seed_source_timestamp":371471745399100,"circlet_count":0,"master_deck":["Strike_G","Strike_G","Strike_G","Strike_G","Strike_G","Defend_G","Defend_G","Defend_G","Defend_G","Defend_G","Survivor","Neutralize","Well Laid Plans","Catalyst","Caltrops+1","Backflip","Accuracy"],"relics":["Ring of the Snake","NeowsBlessing","Dream Catcher","Happy Flower","Question Card"],"potions_floor_usage":[],"damage_taken":[{"damage":0,"enemies":"Jaw Worm","floor":1,"turns":1},{"damage":0,"enemies":"2 Louse","floor":4,"turns":1},{"damage":0,"enemies":"Gremlin Nob","floor":6,"turns":1},{"damage":0,"enemies":"Cultist","floor":7,"turns":5},{"damage":2,"enemies":"Exordium Wildlife","floor":11,"turns":5},{"damage":21,"enemies":"3 Sentries","floor":12,"turns":11},{"damage":1,"enemies":"Looter","floor":13,"turns":4}],"seed_played":"-652579869574613183","potions_obtained":[{"floor":4,"key":"SneckoOil"},{"floor":7,"key":"SkillPotion"},{"floor":12,"key":"SteroidPotion"}],"is_trial":false,"path_per_floor":["M","$","?","M","?","E","M","R","T","R","M","E","M"],"character_chosen":"THE_SILENT","items_purchased":["Well Laid Plans"],"campfire_rested":0,"item_purchase_floors":[2],"current_hp_per_floor":[70,70,59,59,59,59,59,59,59,59,57,36,35],"gold":316,"neow_bonus":"THREE_ENEMY_KILL","is_prod":false,"is_daily":false,"chose_seed":false,"campfire_upgraded":1,"win_rate":0,"timestamp":1571144005,"path_taken":["M","$","?","M","?","E","M","R","T","R","M","E","?"],"build_version":"2019-07-17","purchased_purges":0,"victory":false,"max_hp_per_floor":[70,70,70,70,70,70,70,70,70,70,70,70,70],"card_choices":[{"not_picked":["Underhanded Strike","All Out Attack","Setup"],"picked":"SKIP","floor":1},{"not_picked":["Escape Plan","Dodge and Roll"],"picked":"Catalyst","floor":4},{"not_picked":["Masterful Stab","Slice","Underhanded Strike"],"picked":"SKIP","floor":6},{"not_picked":["Infinite Blades","Dagger Spray"],"picked":"Caltrops","floor":7},{"not_picked":["PiercingWail","Poisoned Stab"],"picked":"Backflip","floor":11},{"not_picked":["Underhanded Strike","Infinite Blades"],"picked":"Accuracy","floor":12}],"player_experience":353064,"relics_obtained":[{"floor":6,"key":"Dream Catcher"},{"floor":9,"key":"Happy Flower"},{"floor":12,"key":"Question Card"}],"event_choices":[{"damage_healed":0,"gold_gain":75,"player_choice":"Gather Gold","damage_taken":11,"max_hp_gain":0,"max_hp_loss":0,"event_name":"World of Goop","floor":3,"gold_loss":0},{"damage_healed":0,"gold_gain":100,"player_choice":"Pray","damage_taken":0,"max_hp_gain":0,"max_hp_loss":0,"event_name":"Golden Shrine","floor":5,"gold_loss":0}],"is_beta":false,"boss_relics":[],"items_purged_floors":[],"is_endless":false,"potions_floor_spawned":[4,7,12],"killed_by":"Looter","ascension_level":2}