{"gold_per_floor":[119,136,154,165,185,185,218,218,266,294,344,363,363,130,130,204,204,223,148,158,178,178,178,188,221,221,39,58,58,71,71,71,145,145,165,215,228,35,52,52,69,69,69,82,82,117,117,133,133,133],"floor_reached":50,"playtime":2406,"items_purged":["Strike_G","Strike_G","Strike_G"],"score":992,"play_id":"df9ec212-1791-4909-9f46-94751ede7d4c","local_time":"20191013164743","is_ascension_mode":true,"campfire_choices":[{"data":"Noxious Fumes","floor":6.0,"key":"SMITH"},{"data":"Neutralize","floor":8.0,"key":"SMITH"},{"data":"Predator","floor":13.0,"key":"SMITH"},{"floor":15.0,"key":"REST"},{"data":"Malaise","floor":23,"key":"SMITH"},{"data":"Footwork","floor":32,"key":"SMITH"},{"data":"Footwork","floor":40,"key":"SMITH"},{"data":"Impatience","floor":42,"key":"SMITH"},{"data":"Well Laid Plans","floor":45,"key":"SMITH"},{"floor":49,"key":"RECALL"}],"neow_cost":"TEN_PERCENT_HP_LOSS","seed_source_timestamp":183852086048232,"circlet_count":0,"master_deck":["AscendersBane","Defend_G","Defend_G","Defend_G","Defend_G","Defend_G","Survivor","Neutralize+1","Predator+1","Noxious Fumes+1","Die Die Die","After Image","Backflip","Prepared+1","Malaise+1","After Image","Footwork+1","Footwork+1","Burst","Well Laid Plans+1","Escape Plan","Impatience+1","Footwork+1","Cloak And Dagger+1","Noxious Fumes+1","Blur+1"],"special_seed":0,"relics":["Ring of the Snake","Thread and Needle","Art of War","Odd Mushroom","Juzu Bracelet","Runic Dome","Kunai","Smiling Mask","Philosopher\u0027s Stone","Bronze Scales"],"potions_floor_usage":[25,25,30,30,37,46,46],"damage_taken":[{"damage":0.0,"enemies":"Small Slimes","floor":1.0,"turns":5.0},{"damage":0.0,"enemies":"2 Louse","floor":2.0,"turns":3.0},{"damage":0.0,"enemies":"Cultist","floor":3.0,"turns":4.0},{"damage":12.0,"enemies":"Exordium Thugs","floor":4.0,"turns":6.0},{"damage":6.0,"enemies":"Red Slaver","floor":5.0,"turns":3.0},{"damage":14.0,"enemies":"Gremlin Nob","floor":7.0,"turns":4.0},{"damage":16.0,"enemies":"The Mushroom Lair","floor":10.0,"turns":5.0},{"damage":0.0,"enemies":"Large Slime","floor":12.0,"turns":6.0},{"damage":14.0,"enemies":"Slime Boss","floor":16.0,"turns":7.0},{"damage":7.0,"enemies":"Shell Parasite","floor":18.0,"turns":6.0},{"damage":6,"enemies":"Chosen","floor":20,"turns":6},{"damage":2,"enemies":"Snake Plant","floor":21,"turns":6},{"damage":0,"enemies":"Snecko","floor":24,"turns":7},{"damage":20,"enemies":"Slavers","floor":25,"turns":8},{"damage":0,"enemies":"Centurion and Healer","floor":28,"turns":8},{"damage":0,"enemies":"Colosseum Slavers","floor":29,"turns":7},{"damage":0,"enemies":"Cultist and Chosen","floor":30,"turns":8},{"damage":3,"enemies":"Champ","floor":33,"turns":21},{"damage":0,"enemies":"Orb Walker","floor":35,"turns":6},{"damage":0,"enemies":"3 Darklings","floor":37,"turns":8},{"damage":17,"enemies":"Transient","floor":39,"turns":6},{"damage":0,"enemies":"4 Shapes","floor":41,"turns":7},{"damage":5,"enemies":"Sphere and 2 Shapes","floor":44,"turns":8},{"damage":2,"enemies":"Reptomancer","floor":46,"turns":7},{"damage":19,"enemies":"Jaw Worm Horde","floor":48,"turns":5},{"damage":8,"enemies":"Awakened One","floor":50,"turns":1}],"seed_played":"940661752718061233","potions_obtained":[{"floor":3.0,"key":"DuplicationPotion"},{"floor":5.0,"key":"Explosive Potion"},{"floor":7.0,"key":"CunningPotion"},{"floor":18.0,"key":"FearPotion"},{"floor":20,"key":"Poison Potion"},{"floor":28,"key":"Fire Potion"},{"floor":33,"key":"Explosive Potion"},{"floor":35,"key":"SpeedPotion"},{"floor":41,"key":"Poison Potion"},{"floor":44,"key":"PowerPotion"},{"floor":48,"key":"SpeedPotion"}],"is_trial":false,"path_per_floor":["M","M","M","M","M","R","E","R","T","?","?","M","R","$","R","B",null,"M","?","M","M","?","R","M","E","T","$","M","?","M","?","R","B",null,"M","?","M","$","M","R","M","R","T","M","R","E","?","M","R","B"],"character_chosen":"THE_SILENT","items_purchased":["Juzu Bracelet","Footwork","PowerPotion","Impatience","Footwork"],"campfire_rested":1,"item_purchase_floors":[14,27,27,38,38],"current_hp_per_floor":[59,59,59,47,41,41,27,27,27,11,5,5,5,5,23,9,47,40,40,34,32,32,32,32,12,12,12,12,12,12,12,12,9,47,47,47,47,47,30,30,30,30,30,25,25,23,23,4,4,0],"gold":133,"neow_bonus":"ONE_RARE_RELIC","is_prod":false,"is_daily":false,"chose_seed":false,"campfire_upgraded":8,"win_rate":0,"timestamp":1570956463,"path_taken":["M","M","M","M","M","R","E","R","T","?","?","?","R","$","R","BOSS","M","?","M","M","?","R","M","E","T","?","M","?","M","?","R","BOSS","M","?","M","$","M","R","M","R","T","M","R","E","?","M","R","BOSS"],"build_version":"2019-10-11","purchased_purges":3,"victory":false,"max_hp_per_floor":[60,60,60,60,60,60,60,60,60,60,60,60,60,60,60,60,60,60,60,60,60,60,60,60,60,60,60,60,60,60,60,60,60,60,60,60,60,60,60,60,60,60,60,60,60,60,60,60,60,60],"card_choices":[{"not_picked":["Blade Dance","Cloak And Dagger","Distraction"],"picked":"SKIP","floor":1.0},{"not_picked":["Poisoned Stab","Infinite Blades"],"picked":"Predator","floor":2.0},{"not_picked":["Outmaneuver","Predator"],"picked":"Noxious Fumes","floor":3.0},{"not_picked":["Expertise","Outmaneuver","Underhanded Strike"],"picked":"SKIP","floor":4.0},{"not_picked":["Expertise","Sucker Punch","Infinite Blades"],"picked":"SKIP","floor":5.0},{"not_picked":["Poisoned Stab","Quick Slash"],"picked":"Die Die Die","floor":7.0},{"not_picked":["Accuracy","Expertise","Crippling Poison"],"picked":"SKIP","floor":12.0},{"not_picked":["Bullet Time","Die Die Die"],"picked":"After Image","floor":16.0},{"not_picked":["Underhanded Strike+1","Endless Agony"],"picked":"Backflip","floor":18.0},{"not_picked":["Blur+1","Skewer","Dodge and Roll"],"picked":"SKIP","floor":20},{"not_picked":["Skewer","Slice","Sucker Punch"],"picked":"SKIP","floor":21},{"not_picked":["Underhanded Strike","Backflip","Flying Knee"],"picked":"SKIP","floor":24},{"not_picked":["Underhanded Strike","Malaise"],"picked":"After Image","floor":25},{"not_picked":["Backstab","Dodge and Roll"],"picked":"Footwork+1","floor":28},{"not_picked":["Outmaneuver","Underhanded Strike","Slice"],"picked":"SKIP","floor":30},{"not_picked":["Envenom","Bullet Time"],"picked":"Burst","floor":33},{"not_picked":["Tactician","Dagger Throw+1"],"picked":"Well Laid Plans","floor":35},{"not_picked":["Backflip","Underhanded Strike"],"picked":"Escape Plan","floor":37},{"not_picked":["Heel Hook","Outmaneuver"],"picked":"Cloak And Dagger+1","floor":39},{"not_picked":["Flying Knee","Quick Slash","Eviscerate"],"picked":"SKIP","floor":41},{"not_picked":["Underhanded Strike","Blade Dance+1"],"picked":"Noxious Fumes+1","floor":44},{"not_picked":["PiercingWail","Doppelganger"],"picked":"Blur+1","floor":46},{"not_picked":["Cloak And Dagger","Reflex","Dagger Spray"],"picked":"SKIP","floor":48}],"player_experience":1084575,"relics_obtained":[{"floor":9.0,"key":"Art of War"},{"floor":10.0,"key":"Odd Mushroom"},{"floor":25,"key":"Kunai"},{"floor":26,"key":"Smiling Mask"},{"floor":46,"key":"Bronze Scales"}],"event_choices":[{"damage_healed":0.0,"max_hp_gain":0.0,"max_hp_loss":0.0,"gold_gain":0.0,"event_name":"Mushrooms","player_choice":"Fought Mushrooms","floor":10.0,"gold_loss":0.0,"damage_taken":0.0},{"damage_healed":0.0,"max_hp_gain":0.0,"max_hp_loss":0.0,"gold_gain":50.0,"event_name":"FaceTrader","player_choice":"Touch","floor":11.0,"gold_loss":0.0,"damage_taken":6.0},{"damage_healed":0,"gold_gain":0,"cards_transformed":["Strike_G","Strike_G"],"player_choice":"Transformed Cards","damage_taken":0,"max_hp_gain":0,"max_hp_loss":0,"event_name":"Designer","floor":19,"gold_loss":75,"cards_obtained":["Prepared","Malaise"]},{"damage_healed":0,"gold_gain":0,"player_choice":"Upgraded","damage_taken":0,"max_hp_gain":0,"max_hp_loss":0,"event_name":"Upgrade Shrine","floor":22,"gold_loss":0,"cards_upgraded":["Prepared"]},{"damage_healed":0,"gold_gain":0,"player_choice":"Fight","damage_taken":0,"max_hp_gain":0,"max_hp_loss":0,"event_name":"Colosseum","floor":29,"gold_loss":0},{"damage_healed":0,"gold_gain":0,"player_choice":"Fled From Nobs","damage_taken":0,"max_hp_gain":0,"max_hp_loss":0,"event_name":"Colosseum","floor":29,"gold_loss":0},{"damage_healed":0,"gold_gain":0,"player_choice":"Ignored","damage_taken":0,"max_hp_gain":0,"max_hp_loss":0,"event_name":"The Mausoleum","floor":31,"gold_loss":0},{"damage_healed":0,"gold_gain":50,"player_choice":"Pray","damage_taken":0,"max_hp_gain":0,"max_hp_loss":0,"event_name":"Golden Shrine","floor":36,"gold_loss":0},{"damage_healed":0,"gold_gain":0,"player_choice":"Ignored","damage_taken":0,"max_hp_gain":0,"max_hp_loss":0,"event_name":"Tomb of Lord Red Mask","floor":47,"gold_loss":0}],"is_beta":true,"boss_relics":[{"not_picked":["Busted Crown","SlaversCollar"],"picked":"Runic Dome"},{"not_picked":["Fusion Hammer","Snecko Eye"],"picked":"Philosopher\u0027s Stone"}],"items_purged_floors":[14,27,38],"is_endless":false,"potions_floor_spawned":[3,5,7,12,18,20,28,29,33,35,41,44,48],"killed_by":"Awakened One","ascension_level":20}