{"gold_per_floor":[109,126,137,62,62,88,88,98,121,134,134,168,181,196,196,294,294,309,323,323,343,359,359,421,441,441,441,49,49,148,162,162,266,266,286,81,81,98,152,152,152,162,213,213,224,254,204,230,230,230],"floor_reached":50,"playtime":2657,"items_purged":["Strike_R","Defend_R"],"score":666,"play_id":"ff6bab27-c26c-458b-b874-c3c9446d66e5","local_time":"20191004225137","is_ascension_mode":true,"campfire_choices":[{"data":"Juggernaut","floor":7,"key":"SMITH"},{"data":"Searing Blow","floor":11,"key":"SMITH"},{"floor":15,"key":"REST"},{"floor":23,"key":"REST"},{"floor":27,"key":"REST"},{"floor":29,"key":"REST"},{"data":"Searing Blow+1","floor":32,"key":"SMITH"},{"floor":40,"key":"REST"},{"floor":49,"key":"REST"}],"neow_cost":"","seed_source_timestamp":0,"circlet_count":0,"master_deck":["Strike_R","Strike_R","Strike_R","Defend_R","Defend_R","Defend_R","Bash","Feel No Pain","Searing Blow+2","Heavy Blade","Juggernaut+1","Body Slam","Whirlwind","Barricade","Armaments","Headbutt","Limit Break","Rage+1","Entrench","Power Through","Armaments+1","Clothesline","Whirlwind+1","Heavy Blade","Apotheosis","Impervious","Demon Form+1","True Grit","Juggernaut+1"],"relics":["Snecko Eye","Ancient Tea Set","Smiling Mask","Orichalcum","Philosopher\u0027s Stone","Tiny Chest","Juzu Bracelet","Brimstone","White Beast Statue","OrangePellets","Ice Cream","PreservedInsect","Boot","Bronze Scales"],"potions_floor_usage":[16,16,16,25,25,31,33,39,46,50,50],"damage_taken":[{"damage":19,"enemies":"Small Slimes","floor":1,"turns":4},{"damage":1,"enemies":"Cultist","floor":2,"turns":4},{"damage":0,"enemies":"2 Louse","floor":3,"turns":2},{"damage":26,"enemies":"Lagavulin","floor":6,"turns":5},{"damage":5,"enemies":"Looter","floor":8,"turns":3},{"damage":3,"enemies":"Red Slaver","floor":10,"turns":3},{"damage":11,"enemies":"Gremlin Nob","floor":12,"turns":3},{"damage":9,"enemies":"Blue Slaver","floor":13,"turns":3},{"damage":0,"enemies":"Large Slime","floor":14,"turns":3},{"damage":13,"enemies":"Hexaghost","floor":16,"turns":5},{"damage":14,"enemies":"Shell Parasite","floor":18,"turns":3},{"damage":15,"enemies":"2 Thieves","floor":19,"turns":4},{"damage":25,"enemies":"3 Cultists","floor":21,"turns":4},{"damage":14,"enemies":"Snake Plant","floor":22,"turns":3},{"damage":7,"enemies":"Gremlin Leader","floor":24,"turns":5},{"damage":30,"enemies":"Centurion and Healer","floor":25,"turns":5},{"damage":15,"enemies":"Snecko","floor":31,"turns":3},{"damage":0,"enemies":"Collector","floor":33,"turns":6},{"damage":27,"enemies":"3 Darklings","floor":35,"turns":4},{"damage":6,"enemies":"Orb Walker","floor":38,"turns":2},{"damage":35,"enemies":"2 Orb Walkers","floor":39,"turns":4},{"damage":0,"enemies":"Spire Growth","floor":42,"turns":4},{"damage":14,"enemies":"3 Darklings","floor":45,"turns":3},{"damage":0,"enemies":"Reptomancer","floor":46,"turns":2},{"damage":24,"enemies":"Nemesis","floor":48,"turns":5},{"damage":57,"enemies":"Time Eater","floor":50,"turns":3}],"seed_played":"1067051420581624336","potions_obtained":[{"floor":10,"key":"Strength Potion"},{"floor":12,"key":"LiquidBronze"},{"floor":13,"key":"Weak Potion"},{"floor":16,"key":"SkillPotion"},{"floor":19,"key":"GamblersBrew"},{"floor":25,"key":"Regen Potion"},{"floor":31,"key":"Ancient Potion"},{"floor":33,"key":"FearPotion"},{"floor":35,"key":"LiquidBronze"},{"floor":38,"key":"SkillPotion"},{"floor":39,"key":"Regen Potion"},{"floor":42,"key":"SteroidPotion"},{"floor":46,"key":"LiquidBronze"}],"is_trial":true,"path_per_floor":["M","M","M","$","?","E","R","M","T","M","R","E","M","M","R","B",null,"M","M","?","M","M","R","E","M","T","R","$","R","?","M","R","B",null,"M","$","?","M","?","R","?","M","T","?","M","E","$","E","R","B"],"character_chosen":"IRONCLAD","items_purchased":["Apotheosis","Brimstone","OrangePellets"],"campfire_rested":6,"item_purchase_floors":[28,28,36],"current_hp_per_floor":[61,60,60,60,65,39,39,34,34,31,31,20,11,11,36,23,85,71,56,56,31,17,42,35,5,5,30,30,55,55,49,49,49,85,58,58,58,52,17,42,42,42,42,42,28,33,33,9,34,0],"gold":230,"neow_bonus":"","is_prod":false,"is_daily":false,"chose_seed":false,"campfire_upgraded":3,"win_rate":0,"timestamp":1570222297,"path_taken":["M","M","M","$","?","E","R","M","T","M","R","E","M","M","R","BOSS","M","M","?","?","M","R","E","M","T","R","$","R","?","M","R","BOSS","M","$","?","M","?","R","?","M","T","?","M","E","$","E","R","BOSS"],"build_version":"2019-07-17","purchased_purges":2,"victory":false,"max_hp_per_floor":[80,80,80,80,85,85,85,85,85,85,85,85,85,85,85,85,85,85,85,85,85,85,85,85,85,85,85,85,85,85,85,85,85,85,85,85,85,85,85,85,85,85,85,85,85,85,85,85,85,85],"card_choices":[{"not_picked":["Headbutt","Cleave"],"picked":"Feel No Pain","floor":1},{"not_picked":["Burning Pact","Wild Strike"],"picked":"Searing Blow","floor":2},{"not_picked":["Rampage","Dropkick"],"picked":"Heavy Blade","floor":3},{"not_picked":["Clothesline","Headbutt"],"picked":"Juggernaut","floor":6},{"not_picked":["Shrug It Off","Wild Strike"],"picked":"Body Slam","floor":8},{"not_picked":["Clash","Combust"],"picked":"Whirlwind","floor":10},{"not_picked":["Warcry","Searing Blow"],"picked":"Barricade","floor":12},{"not_picked":["Searing Blow","Wild Strike"],"picked":"Armaments","floor":13},{"not_picked":["Rupture","Pummel"],"picked":"Headbutt","floor":14},{"not_picked":["Fiend Fire","Offering"],"picked":"Limit Break","floor":16},{"not_picked":["Havoc","Heavy Blade+1"],"picked":"Rage+1","floor":18},{"not_picked":["Clash","Cleave"],"picked":"Entrench","floor":19},{"not_picked":["Clash","Wild Strike"],"picked":"Armaments+1","floor":21},{"not_picked":["Combust+1","Clash"],"picked":"Clothesline","floor":22},{"not_picked":["Rage","Power Through+1"],"picked":"Whirlwind+1","floor":24},{"not_picked":["Hemokinesis","Perfected Strike"],"picked":"Heavy Blade","floor":25},{"not_picked":["Headbutt","Shrug It Off"],"picked":"Impervious","floor":31},{"not_picked":["Double Tap","Fiend Fire"],"picked":"Demon Form","floor":33},{"not_picked":["Perfected Strike+1","Clash+1"],"picked":"True Grit","floor":35},{"not_picked":["Dual Wield+1","Disarm+1","Wild Strike+1"],"picked":"SKIP","floor":38},{"not_picked":["Bloodletting","Dark Embrace","Disarm+1"],"picked":"SKIP","floor":42},{"not_picked":["Anger","Thunderclap","Armaments"],"picked":"SKIP","floor":45},{"not_picked":["Seeing Red+1","True Grit","Iron Wave+1"],"picked":"SKIP","floor":46},{"not_picked":["Anger","Clash","Feel No Pain+1"],"picked":"SKIP","floor":48}],"player_experience":188026,"relics_obtained":[{"floor":6,"key":"Ancient Tea Set"},{"floor":9,"key":"Smiling Mask"},{"floor":12,"key":"Orichalcum"},{"floor":24,"key":"Tiny Chest"},{"floor":26,"key":"Juzu Bracelet"},{"floor":39,"key":"Ice Cream"},{"floor":43,"key":"PreservedInsect"},{"floor":46,"key":"Boot"},{"floor":48,"key":"Bronze Scales"}],"event_choices":[{"damage_healed":0,"gold_gain":0,"player_choice":"Donut","damage_taken":0,"max_hp_gain":5,"max_hp_loss":0,"event_name":"Big Fish","floor":5,"gold_loss":0},{"damage_healed":0,"gold_gain":0,"cards_transformed":["Strike_R"],"player_choice":"Transformed","damage_taken":0,"max_hp_gain":0,"max_hp_loss":0,"event_name":"Transmorgrifier","floor":20,"gold_loss":0,"cards_obtained":["Power Through"]},{"damage_healed":0,"gold_gain":99,"player_choice":"Stole From Cult","damage_taken":0,"max_hp_gain":0,"max_hp_loss":0,"event_name":"Nest","floor":30,"gold_loss":0},{"damage_healed":0,"gold_gain":0,"player_choice":"Copied","damage_taken":0,"max_hp_gain":0,"max_hp_loss":0,"event_name":"Duplicator","floor":37,"gold_loss":0,"cards_obtained":["Juggernaut"]},{"damage_healed":0,"gold_gain":0,"player_choice":"Fight","damage_taken":0,"max_hp_gain":0,"max_hp_loss":0,"event_name":"Mysterious Sphere","floor":39,"gold_loss":0},{"damage_healed":0,"gold_gain":0,"player_choice":"Upgraded","damage_taken":0,"max_hp_gain":0,"max_hp_loss":0,"event_name":"Upgrade Shrine","floor":41,"gold_loss":0,"cards_upgraded":["Demon Form"]},{"damage_healed":0,"gold_gain":0,"player_choice":"Ignored","damage_taken":0,"max_hp_gain":0,"max_hp_loss":0,"event_name":"Tomb of Lord Red Mask","floor":44,"gold_loss":0}],"is_beta":false,"boss_relics":[{"not_picked":["Ectoplasm","Busted Crown"],"picked":"Philosopher\u0027s Stone"},{"not_picked":["Velvet Choker","Tiny House"],"picked":"White Beast Statue"}],"items_purged_floors":[4,47],"is_endless":false,"potions_floor_spawned":[10,12,13,16,19,25,31,33,35,38,39,42,45,46,48],"killed_by":"Time Eater","ascension_level":1}