{"gold_per_floor":[216,234,85,85,101,101,101,133,158,158,188,205,231,243,243,346,346,357,49,63,80,80,80,99,99,99,99,99,99,110,141,141,141],"floor_reached":33,"playtime":2737,"items_purged":["Strike_R","Defend_R"],"score":369,"play_id":"797714e6-92f7-4444-b297-766f9d7dd6e8","local_time":"20191020203013","is_ascension_mode":true,"campfire_choices":[{"data":"Bash","floor":6,"key":"SMITH"},{"data":"Metallicize","floor":10,"key":"SMITH"},{"data":"Whirlwind","floor":15,"key":"SMITH"},{"data":"Searing Blow","floor":23,"key":"SMITH"},{"data":"Searing Blow+1","floor":25,"key":"SMITH"},{"data":"Searing Blow+2","floor":27,"key":"SMITH"},{"data":"Searing Blow+3","floor":29,"key":"SMITH"},{"floor":32,"key":"REST"}],"neow_cost":"NONE","seed_source_timestamp":851113572599300,"circlet_count":0,"master_deck":["Strike_R","Strike_R","Strike_R","Strike_R","Defend_R","Defend_R","Bash+1","Metallicize+1","Intimidate","Offering","Shrug It Off","Sentinel","Twin Strike","Searing Blow+4","Whirlwind+1","Feed","Armaments","Shockwave","Metallicize","Seeing Red"],"relics":["Burning Blood","Orichalcum","Bronze Scales","Regal Pillow","Dream Catcher","Strawberry","Runic Cube","Centennial Puzzle","Ice Cream","Vajra"],"potions_floor_usage":[12,16,16,31,33],"damage_taken":[{"damage":7,"enemies":"2 Louse","floor":1,"turns":4},{"damage":2,"enemies":"Jaw Worm","floor":2,"turns":3},{"damage":0,"enemies":"Cultist","floor":5,"turns":4},{"damage":18,"enemies":"3 Sentries","floor":8,"turns":14},{"damage":6,"enemies":"Large Slime","floor":12,"turns":8},{"damage":15,"enemies":"Gremlin Nob","floor":13,"turns":4},{"damage":5,"enemies":"3 Louse","floor":14,"turns":4},{"damage":17,"enemies":"The Guardian","floor":16,"turns":14},{"damage":8,"enemies":"3 Byrds","floor":18,"turns":3},{"damage":9,"enemies":"2 Thieves","floor":20,"turns":3},{"damage":33,"enemies":"Sentry and Sphere","floor":21,"turns":6},{"damage":8,"enemies":"3 Cultists","floor":24,"turns":3},{"damage":3,"enemies":"Snecko","floor":30,"turns":4},{"damage":39,"enemies":"Gremlin Leader","floor":31,"turns":6},{"damage":92,"enemies":"Champ","floor":33,"turns":8}],"seed_played":"1533520934406956384","potions_obtained":[{"floor":2,"key":"Poison Potion"},{"floor":8,"key":"SpeedPotion"},{"floor":12,"key":"LiquidBronze"},{"floor":14,"key":"SpeedPotion"},{"floor":21,"key":"FearPotion"},{"floor":30,"key":"PowerPotion"}],"is_trial":false,"path_per_floor":["M","M","$","?","M","R","?","E","T","R","?","M","E","M","R","B",null,"M","$","M","M","?","R","M","R","T","R","$","R","M","E","R","B"],"character_chosen":"IRONCLAD","items_purchased":["Offering","Armaments","Centennial Puzzle"],"campfire_rested":1,"item_purchase_floors":[3,19,19],"current_hp_per_floor":[79,80,80,77,80,80,80,68,68,68,68,68,66,67,67,56,79,80,80,80,56,56,56,54,54,54,54,54,54,57,24,67,0],"gold":141,"neow_bonus":"HUNDRED_GOLD","is_prod":false,"is_daily":false,"chose_seed":false,"campfire_upgraded":7,"win_rate":0,"timestamp":1571625013,"path_taken":["M","M","$","?","M","R","?","E","T","R","?","M","E","M","R","BOSS","M","$","M","M","?","R","M","R","T","R","?","R","M","E","R","BOSS"],"build_version":"2019-07-17","purchased_purges":2,"victory":false,"max_hp_per_floor":[80,80,80,80,80,80,80,80,80,80,80,80,87,87,87,87,87,90,90,93,96,96,96,96,96,96,96,96,96,96,96,96,96],"card_choices":[{"not_picked":["Thunderclap","Heavy Blade"],"picked":"Metallicize","floor":1},{"not_picked":["Wild Strike","Sword Boomerang"],"picked":"Intimidate","floor":2},{"not_picked":["Clash","Reckless Charge"],"picked":"Shrug It Off","floor":5},{"not_picked":["Havoc","Blood for Blood","Hemokinesis"],"picked":"SKIP","floor":8},{"not_picked":["Blood for Blood","Shockwave"],"picked":"Twin Strike","floor":12},{"not_picked":["Body Slam","Corruption"],"picked":"Searing Blow","floor":13},{"not_picked":["Thunderclap","Sentinel"],"picked":"Whirlwind","floor":14},{"not_picked":["Limit Break","Fiend Fire"],"picked":"Feed","floor":16},{"not_picked":["Flex+1","Clash","Wild Strike"],"picked":"SKIP","floor":18},{"not_picked":["Twin Strike","Flex"],"picked":"Shockwave","floor":20},{"not_picked":["Armaments","Headbutt","Iron Wave"],"picked":"SKIP","floor":21},{"not_picked":["Cleave","Warcry","Dual Wield+1"],"picked":"SKIP","floor":24},{"not_picked":["Sword Boomerang","Feed"],"picked":"Metallicize","floor":30},{"not_picked":["Intimidate","Flame Barrier"],"picked":"Seeing Red","floor":31}],"player_experience":85699,"relics_obtained":[{"floor":8,"key":"Bronze Scales"},{"floor":9,"key":"Regal Pillow"},{"floor":13,"key":"Strawberry"},{"floor":26,"key":"Ice Cream"},{"floor":31,"key":"Vajra"}],"event_choices":[{"damage_healed":0,"gold_gain":0,"player_choice":"Success","damage_taken":3,"relics_obtained":["Orichalcum"],"max_hp_gain":0,"max_hp_loss":0,"event_name":"Scrap Ooze","floor":4,"gold_loss":0},{"damage_healed":0,"gold_gain":0,"cards_transformed":["Defend_R"],"player_choice":"Change","damage_taken":0,"max_hp_gain":0,"max_hp_loss":0,"event_name":"Living Wall","floor":7,"gold_loss":0,"cards_obtained":["Sentinel"]},{"damage_healed":0,"gold_gain":30,"player_choice":"Searched \u00272\u0027 times","damage_taken":0,"relics_obtained":["Dream Catcher"],"max_hp_gain":0,"max_hp_loss":0,"event_name":"Dead Adventurer","floor":11,"gold_loss":0}],"is_beta":false,"boss_relics":[{"not_picked":["Calling Bell","Busted Crown"],"picked":"Runic Cube"}],"items_purged_floors":[3,19],"is_endless":false,"potions_floor_spawned":[2,8,12,14,21,30],"killed_by":"Champ","ascension_level":5}