{"gold_per_floor":[111,111,130,130,149,174,174,202,228,228,238,238,47,67,67,162,162,180,180,33,44,59,59,89,104,156,170,170,190,289,323,323,323],"floor_reached":33,"playtime":2129,"items_purged":["Strike_B"],"score":291,"play_id":"8f36b3e6-0c22-4cb8-b171-08a34986842e","local_time":"20191015133947","is_ascension_mode":true,"campfire_choices":[{"data":"Zap","floor":7,"key":"SMITH"},{"data":"Gash","floor":10,"key":"SMITH"},{"data":"Dualcast","floor":12,"key":"SMITH"},{"data":"Lockon","floor":15,"key":"SMITH"},{"floor":23,"key":"REST"},{"floor":28,"key":"REST"},{"data":"Chill","floor":32,"key":"SMITH"}],"neow_cost":"TEN_PERCENT_HP_LOSS","seed_source_timestamp":101306710562600,"circlet_count":0,"master_deck":["Strike_B","Defend_B","Defend_B","Defend_B","Zap+1","Dualcast+1","Hello World","Barrage","Leap+1","Storm","Self Repair","Gash+1","Stack","Lockon+1","Electrodynamics","Ball Lightning","Thunder Strike","Capacitor","Storm","Coolheaded","Auto Shields+1","Leap","Chill+1","Beam Cell"],"relics":["Cracked Core","Boot","Potion Belt","DataDisk","Bronze Scales","White Beast Statue","Torii","Art of War","Red Mask"],"potions_floor_usage":[8,16,16,22,24,27,31,31,31,31,33,33],"damage_taken":[{"damage":2,"enemies":"Small Slimes","floor":1,"turns":3},{"damage":2,"enemies":"Cultist","floor":3,"turns":5},{"damage":4,"enemies":"2 Louse","floor":5,"turns":3},{"damage":27,"enemies":"3 Sentries","floor":6,"turns":6},{"damage":4,"enemies":"Gremlin Nob","floor":8,"turns":3},{"damage":14,"enemies":"Lots of Slimes","floor":11,"turns":3},{"damage":0,"enemies":"Exordium Thugs","floor":14,"turns":3},{"damage":22,"enemies":"The Guardian","floor":16,"turns":8},{"damage":25,"enemies":"Spheric Guardian","floor":18,"turns":4},{"damage":35,"enemies":"2 Thieves","floor":21,"turns":3},{"damage":16,"enemies":"Centurion and Healer","floor":22,"turns":4},{"damage":17,"enemies":"Gremlin Leader","floor":24,"turns":4},{"damage":14,"enemies":"3 Cultists","floor":25,"turns":4},{"damage":12,"enemies":"Shelled Parasite and Fungi","floor":27,"turns":5},{"damage":1,"enemies":"Centurion and Healer","floor":29,"turns":5},{"damage":0,"enemies":"Masked Bandits","floor":31,"turns":2},{"damage":57,"enemies":"Champ","floor":33,"turns":7}],"seed_played":"1756102540333525270","potions_obtained":[{"floor":3,"key":"LiquidBronze"},{"floor":5,"key":"SkillPotion"},{"floor":11,"key":"AttackPotion"},{"floor":18,"key":"AttackPotion"},{"floor":21,"key":"Regen Potion"},{"floor":22,"key":"GamblersBrew"},{"floor":24,"key":"LiquidBronze"},{"floor":25,"key":"SkillPotion"},{"floor":27,"key":"FocusPotion"},{"floor":29,"key":"FocusPotion"},{"floor":31,"key":"Poison Potion"}],"is_trial":false,"path_per_floor":["M","?","M","?","M","E","R","E","T","R","M","R","$","M","R","B",null,"M","?","$","M","M","R","E","M","T","M","R","M","?","?","R","B"],"character_chosen":"DEFECT","items_purchased":["Bronze Scales","AttackPotion","Capacitor"],"campfire_rested":2,"item_purchase_floors":[13,13,20],"current_hp_per_floor":[66,66,64,64,60,33,33,36,36,36,29,29,29,36,36,21,68,50,50,50,22,25,45,35,21,21,16,36,42,42,42,42,0],"gold":323,"neow_bonus":"TRANSFORM_TWO_CARDS","is_prod":false,"is_daily":false,"chose_seed":false,"campfire_upgraded":5,"win_rate":0,"timestamp":1571161187,"path_taken":["M","?","?","?","M","E","R","E","T","R","?","R","?","M","R","BOSS","M","?","$","M","M","R","E","M","T","?","R","M","?","?","R","BOSS"],"build_version":"2019-07-17","purchased_purges":1,"victory":false,"max_hp_per_floor":[68,68,68,68,68,68,68,68,68,68,68,68,68,68,68,68,68,68,68,68,68,68,68,68,68,68,68,68,68,68,68,68,68],"card_choices":[{"not_picked":["Sweeping Beam","Barrage"],"picked":"Leap","floor":1},{"not_picked":["Streamline","Compile Driver","Conserve Battery"],"picked":"SKIP","floor":3},{"not_picked":["Turbo","Redo"],"picked":"Storm","floor":5},{"not_picked":["Amplify","Reinforced Body"],"picked":"Self Repair","floor":6},{"not_picked":["Beam Cell","Ball Lightning"],"picked":"Gash","floor":8},{"not_picked":["Streamline","Cold Snap"],"picked":"Stack","floor":11},{"not_picked":["Force Field","Reinforced Body"],"picked":"Lockon","floor":14},{"not_picked":["Thunder Strike","Fission"],"picked":"Electrodynamics","floor":16},{"not_picked":["Go for the Eyes","Redo"],"picked":"Ball Lightning","floor":18},{"not_picked":["Conserve Battery+1","Loop"],"picked":"Storm","floor":21},{"not_picked":["Streamline+1","Sweeping Beam"],"picked":"Coolheaded","floor":22},{"not_picked":["Rainbow","Sweeping Beam"],"picked":"Auto Shields+1","floor":24},{"not_picked":["Turbo","Streamline","Hologram+1"],"picked":"SKIP","floor":25},{"not_picked":["Blizzard","Force Field"],"picked":"Leap","floor":27},{"not_picked":["Beam Cell","Steam Power"],"picked":"Chill","floor":29},{"not_picked":["Sweeping Beam","Hello World"],"picked":"Beam Cell","floor":31}],"player_experience":218876,"relics_obtained":[{"floor":6,"key":"Boot"},{"floor":8,"key":"Potion Belt"},{"floor":9,"key":"DataDisk"},{"floor":24,"key":"Torii"},{"floor":26,"key":"Art of War"},{"floor":31,"key":"Red Mask"}],"event_choices":[{"damage_healed":0,"gold_gain":0,"player_choice":"0 cards matched","damage_taken":0,"max_hp_gain":0,"max_hp_loss":0,"event_name":"Match and Keep!","floor":2,"gold_loss":0,"cards_obtained":[]},{"damage_healed":0,"gold_gain":0,"player_choice":"Upgraded","damage_taken":0,"max_hp_gain":0,"max_hp_loss":0,"event_name":"Upgrade Shrine","floor":4,"gold_loss":0,"cards_upgraded":["Leap"]},{"damage_healed":0,"gold_gain":0,"cards_transformed":["Defend_B"],"player_choice":"Transformed","damage_taken":0,"max_hp_gain":0,"max_hp_loss":0,"event_name":"Transmorgrifier","floor":19,"gold_loss":0,"cards_obtained":["Thunder Strike"]},{"damage_healed":0,"gold_gain":99,"player_choice":"Stole From Cult","damage_taken":0,"max_hp_gain":0,"max_hp_loss":0,"event_name":"Nest","floor":30,"gold_loss":0},{"damage_healed":0,"gold_gain":0,"player_choice":"Fought Bandits","damage_taken":0,"max_hp_gain":0,"max_hp_loss":0,"event_name":"Masked Bandits","floor":31,"gold_loss":0}],"is_beta":false,"boss_relics":[{"not_picked":["Fusion Hammer","Tiny House"],"picked":"White Beast Statue"}],"items_purged_floors":[20],"is_endless":false,"potions_floor_spawned":[3,5,11,18,21,22,24,25,27,29,31],"killed_by":"Champ","ascension_level":1}