{"gold_per_floor":[112,187,137,155,165,165,224,243,243,243],"floor_reached":10,"playtime":294,"items_purged":[],"score":64,"play_id":"26eb2313-3f37-4ee8-8d6d-b805d102bb0e","local_time":"20191015144526","is_ascension_mode":true,"campfire_choices":[{"floor":6,"key":"RECALL"}],"neow_cost":"NONE","seed_source_timestamp":371166050491600,"circlet_count":0,"master_deck":["Strike_G","Strike_G","Strike_G","Strike_G","Strike_G","Defend_G","Defend_G","Defend_G","Defend_G","Survivor","Neutralize","Masterful Stab","Heel Hook"],"relics":["Ring of the Snake","PreservedInsect","Shuriken","Anchor"],"potions_floor_usage":[10],"damage_taken":[{"damage":0,"enemies":"2 Louse","floor":1,"turns":3},{"damage":0,"enemies":"Small Slimes","floor":4,"turns":3},{"damage":0,"enemies":"Jaw Worm","floor":5,"turns":3},{"damage":41,"enemies":"Lagavulin Event","floor":7,"turns":7},{"damage":12,"enemies":"2 Fungi Beasts","floor":8,"turns":4},{"damage":8,"enemies":"Lagavulin","floor":10,"turns":3}],"seed_played":"-3023671686964880279","potions_obtained":[{"floor":7,"key":"Swift Potion"}],"is_trial":false,"path_per_floor":["M","?","?","M","M","R","?","M","T","E"],"character_chosen":"THE_SILENT","items_purchased":[],"campfire_rested":0,"item_purchase_floors":[],"current_hp_per_floor":[70,59,59,59,59,59,18,6,6,0],"gold":243,"neow_bonus":"RANDOM_COMMON_RELIC","is_prod":false,"is_daily":false,"chose_seed":false,"campfire_upgraded":0,"win_rate":0,"timestamp":1571143526,"path_taken":["M","?","?","M","M","R","?","M","T","E"],"build_version":"2019-07-17","purchased_purges":0,"victory":false,"max_hp_per_floor":[70,70,70,70,70,70,70,70,70,70],"card_choices":[{"not_picked":["Blade Dance","Cloak And Dagger","Eviscerate"],"picked":"SKIP","floor":1},{"not_picked":["Caltrops","Escape Plan"],"picked":"Masterful Stab","floor":4},{"not_picked":["Expertise","Escape Plan","Predator"],"picked":"SKIP","floor":5},{"not_picked":["Dash","PiercingWail"],"picked":"Heel Hook","floor":8}],"player_experience":352770,"relics_obtained":[{"floor":7,"key":"Shuriken"},{"floor":9,"key":"Anchor"}],"event_choices":[{"damage_healed":0,"gold_gain":75,"player_choice":"Gather Gold","damage_taken":11,"max_hp_gain":0,"max_hp_loss":0,"event_name":"World of Goop","floor":2,"gold_loss":0},{"cards_removed":["Defend_G"],"damage_healed":0,"gold_gain":0,"player_choice":"Card Removal","damage_taken":0,"max_hp_gain":0,"max_hp_loss":0,"event_name":"The Cleric","floor":3,"gold_loss":50},{"damage_healed":0,"gold_gain":0,"player_choice":"Searched \u00271\u0027 times","damage_taken":0,"max_hp_gain":0,"max_hp_loss":0,"event_name":"Dead Adventurer","floor":7,"gold_loss":0}],"is_beta":false,"boss_relics":[],"items_purged_floors":[],"is_endless":false,"potions_floor_spawned":[7],"killed_by":"Lagavulin","ascension_level":2}