{"gold_per_floor":[114,64,83,97,97,124,124,149,172,191,220,220,237,237,237,334,334,350,275,287,287,187,215,226,238,263,263,291,291,291,166,166,263,263,273,291,311,330,340,190,190,15,15,35,35,45,0,400,400,400],"floor_reached":51,"playtime":2495,"items_purged":["Strike_R","Strike_R","Strike_R","Bash","Defend_R"],"score":957,"play_id":"d30456d2-4ad5-4d92-86f0-d13022ac59b4","local_time":"20191020205145","is_ascension_mode":false,"campfire_choices":[{"data":"True Grit","floor":7.0,"key":"SMITH"},{"data":"Body Slam","floor":12.0,"key":"SMITH"},{"data":"Body Slam","floor":15.0,"key":"SMITH"},{"data":"Warcry","floor":27.0,"key":"SMITH"},{"data":"Defend_R","floor":29.0,"key":"SMITH"},{"data":"Defend_R","floor":32.0,"key":"SMITH"},{"floor":41.0,"key":"REST"},{"floor":49,"key":"REST"}],"neow_cost":"NONE","seed_source_timestamp":323875033576300,"circlet_count":0,"master_deck":["Defend_R","Defend_R+1","Defend_R+1","Shrug It Off+1","True Grit+1","Body Slam+1","Shrug It Off+1","Body Slam+1","Warcry+1","Thunderclap+1"],"special_seed":0,"relics":["Burning Blood","Bag of Preparation","Pen Nib","War Paint","Art of War","Oddly Smooth Stone","Runic Dome","Paper Frog","Ancient Tea Set","Question Card","Fusion Hammer","Ornamental Fan","Red Mask","Old Coin"],"potions_floor_usage":[50],"damage_taken":[{"damage":1.0,"enemies":"Jaw Worm","floor":1.0,"turns":5.0},{"damage":1.0,"enemies":"Cultist","floor":3.0,"turns":3.0},{"damage":0.0,"enemies":"Small Slimes","floor":4.0,"turns":3.0},{"damage":24.0,"enemies":"Gremlin Nob","floor":6.0,"turns":5.0},{"damage":18.0,"enemies":"Lagavulin","floor":8.0,"turns":6.0},{"damage":0.0,"enemies":"Gremlin Gang","floor":10.0,"turns":10.0},{"damage":6.0,"enemies":"Gremlin Nob","floor":11.0,"turns":3.0},{"damage":0.0,"enemies":"Exordium Wildlife","floor":13.0,"turns":4.0},{"damage":0.0,"enemies":"Slime Boss","floor":16.0,"turns":5.0},{"damage":0.0,"enemies":"Chosen","floor":18.0,"turns":3.0},{"damage":0.0,"enemies":"Spheric Guardian","floor":20.0,"turns":4.0},{"damage":0.0,"enemies":"Gremlin Leader","floor":23.0,"turns":2.0},{"damage":0.0,"enemies":"3 Cultists","floor":24.0,"turns":4.0},{"damage":0.0,"enemies":"Centurion and Healer","floor":25.0,"turns":5.0},{"damage":0.0,"enemies":"Book of Stabbing","floor":28.0,"turns":3.0},{"damage":1.0,"enemies":"Champ","floor":33.0,"turns":7.0},{"damage":0.0,"enemies":"3 Darklings","floor":35.0,"turns":4.0},{"damage":0.0,"enemies":"Orb Walker","floor":36.0,"turns":1.0},{"damage":0.0,"enemies":"3 Darklings","floor":37.0,"turns":4.0},{"damage":0.0,"enemies":"4 Shapes","floor":38.0,"turns":3.0},{"damage":0.0,"enemies":"Jaw Worm Horde","floor":39.0,"turns":3.0},{"damage":0.0,"enemies":"Sphere and 2 Shapes","floor":44.0,"turns":2.0},{"damage":0,"enemies":"3 Darklings","floor":46,"turns":2},{"damage":0,"enemies":"Mind Bloom Boss Battle","floor":48,"turns":1},{"damage":0,"enemies":"Time Eater","floor":50,"turns":3}],"seed_played":"-1396104492153478188","potions_obtained":[{"floor":5.0,"key":"Weak Potion"},{"floor":5.0,"key":"Dexterity Potion"},{"floor":5.0,"key":"GamblersBrew"},{"floor":6.0,"key":"SteroidPotion"},{"floor":8.0,"key":"Regen Potion"},{"floor":11.0,"key":"Energy Potion"},{"floor":13.0,"key":"Fire Potion"},{"floor":24.0,"key":"Swift Potion"},{"floor":25.0,"key":"PowerPotion"},{"floor":28.0,"key":"BloodPotion"},{"floor":38.0,"key":"EntropicBrew"}],"is_trial":false,"path_per_floor":["M","?","M","M","?","E","R","E","T","M","E","R","M","?","R","B",null,"M","$","M","?","$","E","M","M","T","R","E","R","?","$","R","B",null,"M","M","M","M","M","$","R","$","T","M","?","M","?","?","R","B",null],"character_chosen":"IRONCLAD","items_purchased":[],"campfire_rested":2,"item_purchase_floors":[],"current_hp_per_floor":[80,80,80,80,80,62,62,50,50,56,56,56,62,62,62,68,80,80,80,80,65,65,71,77,83,83,83,85,85,85,85,85,85,85,85,85,85,85,85,85,85,85,85,85,85,85,85,85,85,85],"gold":400,"neow_bonus":"RANDOM_COMMON_RELIC","is_prod":false,"is_daily":false,"chose_seed":false,"campfire_upgraded":6,"win_rate":0,"timestamp":1571619105,"path_taken":["M","?","M","M","?","E","R","E","T","M","E","R","?","?","R","BOSS","M","$","?","?","$","E","M","M","T","R","E","R","?","$","R","BOSS","M","M","?","?","M","$","R","$","T","M","?","M","?","?","R","BOSS"],"build_version":"2019-07-17","purchased_purges":5,"victory":true,"max_hp_per_floor":[80,80,80,80,80,80,80,80,80,80,80,80,80,80,80,80,80,80,80,80,85,85,85,85,85,85,85,85,85,85,85,85,85,85,85,85,85,85,85,85,85,85,85,85,85,85,85,85,85,85],"card_choices":[{"not_picked":["Twin Strike","Flex"],"picked":"Shrug It Off","floor":1.0},{"not_picked":["Sword Boomerang","Flex"],"picked":"True Grit","floor":3.0},{"not_picked":["Bloodletting","Inflame"],"picked":"Body Slam","floor":4.0},{"not_picked":["Reckless Charge","Uppercut"],"picked":"Shrug It Off","floor":6.0},{"not_picked":["Twin Strike","Clash","Pummel"],"picked":"SKIP","floor":8.0},{"not_picked":["Flex","Inflame","Cleave"],"picked":"SKIP","floor":10.0},{"not_picked":["Sword Boomerang","Fiend Fire","Cleave"],"picked":"SKIP","floor":11.0},{"not_picked":["Disarm","Heavy Blade"],"picked":"Body Slam","floor":13.0},{"not_picked":["Flex","Headbutt","Fire Breathing"],"picked":"SKIP","floor":18.0},{"not_picked":["Iron Wave","Pommel Strike","Perfected Strike"],"picked":"SKIP","floor":20.0},{"not_picked":["Sword Boomerang","Flame Barrier","Uppercut"],"picked":"SKIP","floor":23.0},{"not_picked":["Havoc","Rage"],"picked":"Warcry","floor":24.0},{"not_picked":["Body Slam","Perfected Strike","Clothesline"],"picked":"SKIP","floor":25.0},{"not_picked":["Cleave","Rage","Twin Strike"],"picked":"SKIP","floor":28.0},{"not_picked":["Fire Breathing","Body Slam","Havoc+1","Seeing Red"],"picked":"SKIP","floor":35.0},{"not_picked":["Rampage","Thunderclap+1","Havoc+1","Body Slam"],"picked":"SKIP","floor":36.0},{"not_picked":["Body Slam","Perfected Strike+1","Reaper","Cleave"],"picked":"SKIP","floor":37.0},{"not_picked":["Infernal Blade","Thunderclap","Clash","Dual Wield"],"picked":"SKIP","floor":38.0},{"not_picked":["Rupture+1","True Grit+1","Body Slam"],"picked":"Thunderclap+1","floor":39.0},{"not_picked":["Dropkick+1","Heavy Blade+1","Demon Form","Twin Strike"],"picked":"SKIP","floor":44},{"not_picked":["Anger+1","Pommel Strike","Headbutt","True Grit+1"],"picked":"SKIP","floor":46}],"player_experience":894771,"relics_obtained":[{"floor":6.0,"key":"Pen Nib"},{"floor":8.0,"key":"War Paint"},{"floor":9.0,"key":"Art of War"},{"floor":11.0,"key":"Oddly Smooth Stone"},{"floor":23.0,"key":"Paper Frog"},{"floor":26.0,"key":"Ancient Tea Set"},{"floor":28.0,"key":"Question Card"},{"floor":43.0,"key":"Ornamental Fan"},{"floor":48,"key":"Old Coin"}],"event_choices":[{"cards_removed":["Strike_R"],"damage_healed":0.0,"max_hp_gain":0.0,"max_hp_loss":0.0,"gold_gain":0.0,"event_name":"The Cleric","player_choice":"Card Removal","floor":2.0,"gold_loss":50.0,"damage_taken":0.0},{"damage_healed":0.0,"max_hp_gain":0.0,"max_hp_loss":0.0,"gold_gain":0.0,"event_name":"Lab","player_choice":"Got Potions","floor":5.0,"gold_loss":0.0,"damage_taken":0.0},{"cards_removed":["Strike_R"],"damage_healed":0.0,"max_hp_gain":0.0,"max_hp_loss":0.0,"gold_gain":0.0,"event_name":"Bonfire Elementals","player_choice":"Offered Basic","floor":14.0,"gold_loss":0.0,"damage_taken":0.0},{"damage_healed":0.0,"max_hp_gain":5.0,"max_hp_loss":0.0,"gold_gain":0.0,"event_name":"Forgotten Altar","player_choice":"Shed Blood","floor":21.0,"gold_loss":0.0,"damage_taken":20.0},{"damage_healed":0.0,"max_hp_gain":0.0,"max_hp_loss":0.0,"gold_gain":0.0,"event_name":"NoteForYourself","player_choice":"Ignored","floor":30.0,"gold_loss":0.0,"damage_taken":0.0},{"damage_healed":0,"gold_gain":0,"player_choice":"Memory 1","damage_taken":0,"max_hp_gain":0,"max_hp_loss":0,"event_name":"SensoryStone","floor":45,"gold_loss":0},{"damage_healed":0,"gold_gain":0,"player_choice":"Paid","damage_taken":0,"relics_obtained":["Red Mask"],"max_hp_gain":0,"max_hp_loss":0,"event_name":"Tomb of Lord Red Mask","floor":47,"gold_loss":45},{"damage_healed":0,"gold_gain":0,"player_choice":"Fight","damage_taken":0,"max_hp_gain":0,"max_hp_loss":0,"event_name":"MindBloom","floor":48,"gold_loss":0}],"is_beta":false,"boss_relics":[{"not_picked":["Calling Bell","Orrery"],"picked":"Runic Dome"},{"not_picked":["Sozu","Eternal Feather"],"picked":"Fusion Hammer"}],"items_purged_floors":[19,22,31,40,42],"is_endless":false,"potions_floor_spawned":[6,8,11,13,24,25,28,38,39,48],"ascension_level":0}