{"gold_per_floor":[214,232,232,244,257,291,291,306,330,349,349,381,381,400,400,504,554,567,582,582,593,268,268,126,126],"floor_reached":25,"playtime":1226,"items_purged":[],"score":290,"play_id":"4a958ed0-4f75-4ad1-ab27-220556166c61","local_time":"20190426183328","is_ascension_mode":true,"campfire_choices":[{"floor":7,"key":"REST"},{"floor":11,"key":"REST"},{"floor":13,"key":"REST"},{"floor":15,"key":"REST"},{"floor":23,"key":"REST"}],"neow_cost":"NONE","seed_source_timestamp":1368392867311179,"circlet_count":0,"master_deck":["Defend_G","Defend_G+1","Defend_G","Defend_G","Defend_G","Strike_G","Strike_G","Strike_G+1","Strike_G","Survivor","Neutralize","Blade Dance","Finisher","Predator","Noxious Fumes","Venomology","Poisoned Stab+1","Bane","Dagger Throw","Underhanded Strike","Envenom","Blur","Deflect","Noxious Fumes+1","Backflip","Backstab","Adrenaline"],"relics":["Ring of the Snake","Pen Nib","Ancient Tea Set","Bag of Marbles","Tiny House","HandDrill"],"potions_floor_usage":[6,12,18,18,21,21,25,25],"damage_taken":[{"damage":0,"enemies":"Small Slimes","floor":1,"turns":5},{"damage":3,"enemies":"Cultist","floor":2,"turns":4},{"damage":3,"enemies":"2 Louse","floor":4,"turns":2},{"damage":3,"enemies":"Looter","floor":5,"turns":3},{"damage":26,"enemies":"Lagavulin","floor":6,"turns":8},{"damage":3,"enemies":"Exordium Thugs","floor":8,"turns":7},{"damage":5,"enemies":"2 Fungi Beasts","floor":10,"turns":5},{"damage":16,"enemies":"Gremlin Nob","floor":12,"turns":3},{"damage":0,"enemies":"Looter","floor":14,"turns":1},{"damage":45,"enemies":"Hexaghost","floor":16,"turns":8},{"damage":12,"enemies":"3 Byrds","floor":18,"turns":5},{"damage":28,"enemies":"2 Thieves","floor":19,"turns":4},{"damage":21,"enemies":"Snake Plant","floor":21,"turns":4},{"damage":26,"enemies":"Sentry and Sphere","floor":25,"turns":7}],"seed_played":"6171450101854409720","potions_obtained":[{"floor":1,"key":"Swift Potion"},{"floor":5,"key":"Swift Potion"},{"floor":14,"key":"LiquidBronze"}],"is_trial":false,"path_per_floor":["M","M","?","M","M","E","R","M","T","M","R","E","R","M","R","B",null,"M","M","?","M","$","R","$","M"],"character_chosen":"THE_SILENT","items_purchased":["GhostInAJar","HandDrill","Backstab","Adrenaline"],"campfire_rested":5,"item_purchase_floors":[22,22,22,24],"current_hp_per_floor":[63,60,46,43,40,14,35,32,32,27,48,32,53,53,70,25,64,52,24,24,3,3,25,25,0],"gold":126,"neow_bonus":"HUNDRED_GOLD","is_prod":false,"is_daily":false,"chose_seed":false,"campfire_upgraded":0,"win_rate":0,"timestamp":1556292808,"path_taken":["M","M","?","M","M","E","R","M","T","M","R","E","R","M","R","BOSS","M","M","?","M","$","R","?","M"],"build_version":"2019-01-23","purchased_purges":0,"victory":false,"max_hp_per_floor":[70,70,70,70,70,70,70,70,70,70,70,70,70,70,70,70,75,75,75,75,75,75,75,75,75],"card_choices":[{"not_picked":["Setup","Acrobatics"],"picked":"Blade Dance","floor":1},{"not_picked":["Backflip","Acrobatics"],"picked":"Finisher","floor":2},{"not_picked":["Underhanded Strike","Blade Dance"],"picked":"Predator","floor":4},{"not_picked":["Quick Slash","Finisher"],"picked":"Noxious Fumes","floor":5},{"not_picked":["Reflex","Quick Slash"],"picked":"Venomology","floor":6},{"not_picked":["Deflect","Underhanded Strike"],"picked":"Poisoned Stab","floor":8},{"not_picked":["Calculated Gamble","Sucker Punch"],"picked":"Bane","floor":10},{"not_picked":["Dodge and Roll","Poisoned Stab"],"picked":"Dagger Throw","floor":12},{"not_picked":["Reflex","Blade Dance"],"picked":"Underhanded Strike","floor":14},{"not_picked":["Phantasmal Killer","Die Die Die"],"picked":"Envenom","floor":16},{"not_picked":["Dodge and Roll","PiercingWail"],"picked":"Blur","floor":17},{"not_picked":["Underhanded Strike","Flying Knee"],"picked":"Deflect","floor":18},{"not_picked":["Crippling Poison","Skewer+1"],"picked":"Noxious Fumes+1","floor":19},{"not_picked":["Bane","Dodge and Roll"],"picked":"Backflip","floor":21}],"player_experience":292832,"relics_obtained":[{"floor":6,"key":"Pen Nib"},{"floor":9,"key":"Ancient Tea Set"},{"floor":12,"key":"Bag of Marbles"}],"event_choices":[{"damage_healed":0,"gold_gain":0,"player_choice":"Entered Light","damage_taken":14,"max_hp_gain":0,"max_hp_loss":0,"event_name":"Shining Light","floor":3,"gold_loss":0,"cards_upgraded":["Strike_G","Defend_G"]},{"cards_removed":["Strike_G"],"damage_healed":0,"gold_gain":0,"player_choice":"Offered Basic","damage_taken":0,"max_hp_gain":0,"max_hp_loss":0,"event_name":"Bonfire Elementals","floor":20,"gold_loss":0}],"is_beta":false,"boss_relics":[{"not_picked":["Astrolabe","Ring of the Serpent"],"picked":"Tiny House"}],"items_purged_floors":[],"is_endless":false,"potions_floor_spawned":[1,5,14,16],"killed_by":"Sentry and Sphere","ascension_level":7}