{"gold_per_floor":[118,130,130,82,95,120,120,140,191,191,8,8],"floor_reached":12,"playtime":221,"items_purged":[],"score":94,"play_id":"bb426330-9993-4b53-baff-39f99ad8d052","local_time":"20191017130803","is_ascension_mode":true,"campfire_choices":[],"neow_cost":"NONE","seed_source_timestamp":538199770362700,"circlet_count":0,"master_deck":["Strike_B","Strike_B","Strike_B","Defend_B","Defend_B+1","Defend_B+1","Defend_B","Zap","Dualcast","Streamline","Hologram+1","Panache"],"relics":["Cracked Core","NeowsBlessing","Symbiotic Virus","Orichalcum"],"potions_floor_usage":[8],"damage_taken":[{"damage":0,"enemies":"2 Louse","floor":1,"turns":1},{"damage":0,"enemies":"Jaw Worm","floor":2,"turns":1},{"damage":0,"enemies":"Cultist","floor":5,"turns":1},{"damage":34,"enemies":"Gremlin Nob","floor":6,"turns":4},{"damage":12,"enemies":"Lots of Slimes","floor":8,"turns":3},{"damage":15,"enemies":"Gremlin Gang","floor":12,"turns":1}],"seed_played":"2512374271907620301","potions_obtained":[{"floor":1,"key":"Ancient Potion"},{"floor":6,"key":"PowerPotion"}],"is_trial":false,"path_per_floor":["M","M","?","$","M","E","?","M","T","?","$","M"],"character_chosen":"DEFECT","items_purchased":["Hologram","Panache"],"campfire_rested":0,"item_purchase_floors":[4,11],"current_hp_per_floor":[75,75,68,68,68,34,19,7,7,7,7,0],"gold":8,"neow_bonus":"THREE_ENEMY_KILL","is_prod":false,"is_daily":false,"chose_seed":false,"campfire_upgraded":0,"win_rate":0,"timestamp":1571310483,"path_taken":["M","M","?","$","M","E","?","M","T","?","$","?"],"build_version":"2019-07-17","purchased_purges":0,"victory":false,"max_hp_per_floor":[75,75,75,75,75,75,75,75,75,75,75,75],"card_choices":[{"not_picked":["Rip and Tear","Sweeping Beam","Compile Driver"],"picked":"SKIP","floor":1},{"not_picked":["Ball Lightning","Barrage"],"picked":"Streamline","floor":2},{"not_picked":["Hologram","Glacier","Steam Power"],"picked":"SKIP","floor":5},{"not_picked":["Stack","Barrage","Capacitor"],"picked":"SKIP","floor":6},{"not_picked":["Compile Driver","Hologram","Skim"],"picked":"SKIP","floor":8}],"player_experience":377391,"relics_obtained":[{"floor":6,"key":"Symbiotic Virus"},{"floor":9,"key":"Orichalcum"}],"event_choices":[{"cards_removed":["Strike_B"],"damage_healed":0,"gold_gain":0,"player_choice":"Card Removal","damage_taken":7,"max_hp_gain":0,"max_hp_loss":0,"event_name":"Golden Wing","floor":3,"gold_loss":0},{"damage_healed":0,"gold_gain":0,"player_choice":"Entered Light","damage_taken":15,"max_hp_gain":0,"max_hp_loss":0,"event_name":"Shining Light","floor":7,"gold_loss":0,"cards_upgraded":["Defend_B","Defend_B"]},{"damage_healed":0,"gold_gain":0,"player_choice":"Grow","damage_taken":0,"max_hp_gain":0,"max_hp_loss":0,"event_name":"Living Wall","floor":10,"gold_loss":0,"cards_upgraded":["Hologram"]}],"is_beta":false,"boss_relics":[],"items_purged_floors":[],"is_endless":false,"potions_floor_spawned":[1,6],"killed_by":"Gremlin Gang","ascension_level":4}