{"gold_per_floor":[361,371,25,41,60,60,94,94,118,129,129,129,139,152,152,248,248,259,279,279,279,35,68,68,87,87,107,107,67,67,81,81,179,179,193,193,118,138,155,155,155,155,205,219,64,64,82,113,113,113],"floor_reached":51,"playtime":4243,"items_purged":["Coolheaded"],"score":699,"play_id":"9b0db6a6-a61f-40e1-89f7-d05d0c758b3d","local_time":"20191003164058","is_ascension_mode":false,"campfire_choices":[{"data":"Force Field","floor":6,"key":"SMITH"},{"floor":8,"key":"REST"},{"data":"Storm","floor":11,"key":"SMITH"},{"floor":15,"key":"REST"},{"floor":24,"key":"REST"},{"data":"Creative AI","floor":28,"key":"SMITH"},{"floor":32,"key":"REST"},{"data":"Hologram","floor":40,"key":"SMITH"},{"data":"Thunder Strike","floor":42,"key":"SMITH"},{"floor":46,"key":"REST"},{"floor":49,"key":"REST"}],"neow_cost":"PERCENT_DAMAGE","seed_source_timestamp":581558970828700,"circlet_count":0,"master_deck":["Zap","Dualcast","Storm+1","Force Field+1","Glacier","Defragment","Steam+1","Reboot+1","Hologram+1","Creative AI+1","Seek","Genetic Algorithm","Static Discharge","Force Field","Deep Breath","Multi-Cast","Ball Lightning+1","Go for the Eyes","Sunder","Beam Cell","Thunder Strike+1","Tempest","Self Repair","Creative AI","Lockon","Loop","Aggregate","Self Repair","Steam","Turbo+1","Genetic Algorithm+1"],"relics":["Cracked Core","Unceasing Top","Blood Vial","Omamori","War Paint","Lizard Tail","Pantograph","Gremlin Horn","Kunai","Pandora\u0027s Box","Shuriken","Potion Belt","Oddly Smooth Stone","PreservedInsect"],"potions_floor_usage":[16,16,23,33,33,38,44,50],"damage_taken":[{"damage":1,"enemies":"Cultist","floor":1,"turns":3},{"damage":2,"enemies":"2 Louse","floor":2,"turns":3},{"damage":11,"enemies":"Jaw Worm","floor":4,"turns":4},{"damage":8,"enemies":"3 Louse","floor":5,"turns":4},{"damage":12,"enemies":"3 Sentries","floor":7,"turns":12},{"damage":2,"enemies":"Red Slaver","floor":10,"turns":4},{"damage":8,"enemies":"Exordium Thugs","floor":13,"turns":4},{"damage":11,"enemies":"Lots of Slimes","floor":14,"turns":5},{"damage":0,"enemies":"Slime Boss","floor":16,"turns":5},{"damage":15,"enemies":"Spheric Guardian","floor":18,"turns":7},{"damage":12,"enemies":"Shell Parasite","floor":19,"turns":6},{"damage":32,"enemies":"Slavers","floor":23,"turns":9},{"damage":19,"enemies":"Centurion and Healer","floor":25,"turns":6},{"damage":8,"enemies":"Cultist and Chosen","floor":27,"turns":8},{"damage":16,"enemies":"Shelled Parasite and Fungi","floor":31,"turns":7},{"damage":8,"enemies":"Champ","floor":33,"turns":9},{"damage":24,"enemies":"Orb Walker","floor":35,"turns":4},{"damage":12,"enemies":"3 Shapes","floor":38,"turns":3},{"damage":30,"enemies":"3 Darklings","floor":39,"turns":6},{"damage":24,"enemies":"Maw","floor":44,"turns":6},{"damage":48,"enemies":"Sphere and 2 Shapes","floor":47,"turns":6},{"damage":77,"enemies":"Nemesis","floor":48,"turns":11},{"damage":49,"enemies":"Donu and Deca","floor":50,"turns":7}],"seed_played":"1306388991918929638","potions_obtained":[{"floor":1,"key":"SpeedPotion"},{"floor":4,"key":"PowerPotion"},{"floor":7,"key":"AttackPotion"},{"floor":16,"key":"AttackPotion"},{"floor":25,"key":"FocusPotion"},{"floor":27,"key":"Ancient Potion"},{"floor":33,"key":"AttackPotion"},{"floor":38,"key":"SteroidPotion"},{"floor":39,"key":"FocusPotion"}],"is_trial":false,"path_per_floor":["M","M","$","M","M","R","E","R","T","M","R","?","M","M","R","B",null,"M","M","?","?","$","E","R","M","T","M","R","$","$","M","R","B",null,"M","?","$","M","M","R","T","R","T","M","$","R","M","E","R","B",null],"character_chosen":"DEFECT","items_purchased":["Unceasing Top","Glacier","Pantograph","Sunder","Oddly Smooth Stone"],"campfire_rested":6,"item_purchase_floors":[3,3,22,29,45],"current_hp_per_floor":[53,51,51,40,32,32,20,42,42,42,42,35,29,20,42,44,75,60,50,50,50,50,20,42,25,25,19,19,19,19,5,27,46,75,58,58,58,55,41,41,41,41,41,33,33,55,23,37,59,40],"gold":113,"neow_bonus":"TWO_FIFTY_GOLD","is_prod":false,"is_daily":false,"chose_seed":false,"campfire_upgraded":5,"win_rate":0.0,"timestamp":1570113658,"path_taken":["M","M","$","M","M","R","E","R","T","?","R","?","M","M","R","BOSS","M","M","?","?","$","E","R","M","T","?","R","?","$","M","R","BOSS","M","?","$","M","M","R","?","R","T","M","$","R","M","E","R","BOSS"],"build_version":"2019-07-17","purchased_purges":1,"victory":true,"max_hp_per_floor":[75,75,75,75,75,75,75,75,75,75,75,75,75,75,75,75,75,75,75,75,75,75,75,75,75,75,75,75,75,75,75,75,75,75,75,75,75,75,75,75,75,75,75,75,75,75,75,75,75,75],"card_choices":[{"not_picked":["Genetic Algorithm","Redo"],"picked":"Storm","floor":1},{"not_picked":["Cold Snap","Leap"],"picked":"Force Field","floor":2},{"not_picked":["Rebound","Turbo"],"picked":"Defragment","floor":4},{"not_picked":["Skim","Beam Cell"],"picked":"Steam","floor":5},{"not_picked":["Redo","Conserve Battery"],"picked":"Reboot","floor":7},{"not_picked":["Skim","Redo","Sweeping Beam"],"picked":"SKIP","floor":10},{"not_picked":["Double Energy","Barrage"],"picked":"Hologram","floor":13},{"not_picked":["Steam","Sweeping Beam"],"picked":"Creative AI","floor":14},{"not_picked":["Machine Learning","Fission"],"picked":"Seek","floor":16},{"not_picked":["Fusion","Sweeping Beam"],"picked":"Genetic Algorithm","floor":18},{"not_picked":["Darkness","Stack"],"picked":"Static Discharge","floor":19},{"not_picked":["Hello World","Reinforced Body"],"picked":"Multi-Cast","floor":23},{"not_picked":["Turbo","Glacier"],"picked":"Ball Lightning+1","floor":25},{"not_picked":["Stack","Scrape"],"picked":"Go for the Eyes","floor":27},{"not_picked":["Ball Lightning","Genetic Algorithm"],"picked":"Beam Cell","floor":31},{"not_picked":["Core Surge","Meteor Strike"],"picked":"Thunder Strike","floor":33},{"not_picked":["Loop","Barrage"],"picked":"Self Repair","floor":35},{"not_picked":["Stack","Scrape","Blizzard+1"],"picked":"SKIP","floor":38},{"not_picked":["Rebound+1","Skim+1","Conserve Battery"],"picked":"SKIP","floor":39},{"not_picked":["Auto Shields","Cold Snap"],"picked":"Steam","floor":44},{"not_picked":["Heatsinks+1","Stack"],"picked":"Turbo+1","floor":47},{"not_picked":["Fission","Coolheaded+1"],"picked":"Genetic Algorithm+1","floor":48}],"player_experience":157101,"relics_obtained":[{"floor":7,"key":"Blood Vial"},{"floor":9,"key":"Omamori"},{"floor":23,"key":"Gremlin Horn"},{"floor":26,"key":"Kunai"},{"floor":41,"key":"Shuriken"},{"floor":43,"key":"Potion Belt"},{"floor":48,"key":"PreservedInsect"}],"event_choices":[{"damage_healed":0,"gold_gain":0,"player_choice":"Success","damage_taken":7,"relics_obtained":["War Paint"],"max_hp_gain":0,"max_hp_loss":0,"event_name":"Scrap Ooze","floor":12,"gold_loss":0},{"damage_healed":0,"gold_gain":0,"player_choice":"Read","damage_taken":0,"max_hp_gain":0,"max_hp_loss":0,"event_name":"The Library","floor":20,"gold_loss":0,"cards_obtained":["Force Field"]},{"damage_healed":0,"gold_gain":0,"player_choice":"1 cards matched","damage_taken":0,"max_hp_gain":0,"max_hp_loss":0,"event_name":"Match and Keep!","floor":21,"gold_loss":0,"cards_obtained":["Deep Breath"]},{"cards_removed":["Chaos"],"damage_healed":0,"gold_gain":0,"player_choice":"Removed Skill","damage_taken":0,"max_hp_gain":0,"max_hp_loss":0,"event_name":"Falling","floor":36,"gold_loss":0}],"is_beta":false,"boss_relics":[{"not_picked":["Philosopher\u0027s Stone","Sozu"],"picked":"Lizard Tail"},{"not_picked":["Runic Pyramid","Runic Dome"],"picked":"Pandora\u0027s Box"}],"items_purged_floors":[37],"is_endless":false,"potions_floor_spawned":[1,4,7,16,25,27,31,33,38,39],"ascension_level":0}