{"path_per_floor":["M","?","M","M","$","E","R","?","T","R","$","M","M","M","R","B",null,"M","?","M","$","?","?","R","M","T","R","?","?","?","M","R"],"character_chosen":"THE_SILENT","items_purchased":["Jack Of All Trades","Slice","Juzu Bracelet"],"gold_per_floor":[117,117,128,138,33,59,59,59,59,59,8,21,39,53,53,156,156,176,176,190,37,37,37,37,49,49,49,49,49,49,62,62],"floor_reached":33,"campfire_rested":4,"playtime":2257,"current_hp_per_floor":[65,70,64,64,64,27,27,27,27,52,52,42,41,40,65,49,85,53,53,26,26,26,26,26,15,15,40,40,40,40,1,26],"items_purged":[],"gold":62,"play_id":"97a784ab-a85d-41cb-8c88-7fe2b95248c7","is_prod":false,"is_daily":false,"is_ascension_mode":false,"campfire_upgraded":2,"path_taken":["M","?","M","?","$","E","R","?","T","R","$","M","M","M","R","BOSS","M","?","M","$","?","?","R","M","T","R","?","?","?","M","R","BOSS"],"build_version":"2018-01-25-PROD3","purchased_purges":0,"victory":false,"master_deck":["Defend_G","Defend_G","Defend_G","Defend_G","Defend_G","Strike_G","Strike_G","Strike_G","Strike_G","Strike_G","Survivor","Neutralize","Dagger Spray","Infinite Blades+1","Outmaneuver","Jack Of All Trades","Skewer","Slice","Distraction","Backflip","Slice","A Thousand Cuts+1","Prepared","Dash","Parasite","Envenom","Blade Dance","Backflip","Dagger Throw"],"max_hp_per_floor":[70,75,75,75,75,85,85,85,85,85,85,85,85,85,85,85,85,85,85,85,85,85,85,85,85,85,85,85,85,85,85,85],"relics":["Runic Pyramid","Pear","Torii","Question Card","Juzu Bracelet","Blood Vial","Girya"],"card_choices":[{"not_picked":["Choke","Malaise"],"picked":"Dagger Spray"},{"not_picked":["Flechettes","Leg Sweep"],"picked":"Infinite Blades"},{"not_picked":["Caltrops","Corpse Explosion"],"picked":"Outmaneuver"},{"not_picked":["Outmaneuver","All Out Attack"],"picked":"Skewer"},{"not_picked":["Outmaneuver","Bane"],"picked":"Distraction"},{"not_picked":["Deadly Poison","Outmaneuver"],"picked":"Backflip"},{"not_picked":["Bane","Sucker Punch"],"picked":"Slice"},{"not_picked":["Glass Knife","Tools of the Trade"],"picked":"A Thousand Cuts"},{"not_picked":["Backflip","Caltrops","Flying Knee"],"picked":"Prepared"},{"not_picked":["Flying Knee","Deadly Poison","Backflip"],"picked":"Dash"},{"not_picked":["Crippling Poison","Night Terror","Quick Slash"],"picked":"Backflip"},{"not_picked":["Sucker Punch","Eviscerate","Noxious Fumes"],"picked":"Dagger Throw"}],"player_experience":21041,"potions_floor_usage":[16,25],"damage_taken":[{"damage":5,"enemies":"Cultist","floor":1,"turns":6},{"damage":6,"enemies":"Jaw Worm","floor":3,"turns":5},{"damage":0,"enemies":"Small Slimes","floor":4,"turns":4},{"damage":47,"enemies":"3 Sentries","floor":6,"turns":9},{"damage":10,"enemies":"Red Slaver","floor":12,"turns":4},{"damage":1,"enemies":"2 Fungi Beasts","floor":13,"turns":4},{"damage":1,"enemies":"Looter","floor":14,"turns":4},{"damage":16,"enemies":"The Guardian","floor":16,"turns":11},{"damage":32,"enemies":"2 Thieves","floor":18,"turns":4},{"damage":27,"enemies":"Spheric Guardian","floor":20,"turns":7},{"damage":11,"enemies":"Centurion and Healer","floor":25,"turns":8},{"damage":41,"enemies":"Snecko","floor":31,"turns":6},{"damage":51,"enemies":"Collector","floor":33,"turns":6}],"event_choices":[{"event_name":"Big Fish","player_choice":"Donut","floor":2,"damage_taken":0},{"event_name":"Golden Wing","player_choice":"Ignored","floor":8,"damage_taken":0},{"event_name":"The Woman in Blue","player_choice":"Bought 0 Potions","floor":19,"damage_taken":0},{"event_name":"Match and Keep!","player_choice":"2 cards matched","floor":22,"damage_taken":0},{"event_name":"Match and Keep!","player_choice":"2 cards matched","floor":22,"damage_taken":0},{"event_name":"The Library","player_choice":"Read","floor":23,"damage_taken":0},{"event_name":"The Mausoleum","player_choice":"Yes","floor":28,"damage_taken":0},{"event_name":"Addict","player_choice":"Ignored","floor":29,"damage_taken":0},{"event_name":"Beggar","player_choice":"Ignored","floor":30,"damage_taken":0}],"boss_relics":[{"not_picked":["Cursed Key","Philosopher\u0027s Stone"],"picked":"Question Card"}],"potions_floor_spawned":[1,3,6,12,14,18],"seed_played":"8505130339275520789","killed_by":"Collector","ascension_level":0,"is_trial":false}