{"gold_per_floor":[109,123,123,123,141,172,172,185,208,208,218,13,13,45,57,69],"floor_reached":16,"playtime":852,"items_purged":[],"score":121,"play_id":"daa9f46c-e3f8-439e-bc01-d0224fc4a9f5","local_time":"20191011082204","is_ascension_mode":true,"campfire_choices":[{"data":"Dodge and Roll","floor":7,"key":"SMITH"},{"floor":15,"key":"REST"}],"neow_cost":"NONE","seed_source_timestamp":2003669799200,"circlet_count":0,"master_deck":["Strike_G","Strike_G","Strike_G","Strike_G","Defend_G","Defend_G","Defend_G","Defend_G","Defend_G","Survivor+1","Neutralize+1","Poisoned Stab+1","Backstab","Dodge and Roll+1","Poisoned Stab","All Out Attack"],"relics":["Ring of the Snake","Dream Catcher","Anchor","Membership Card","MawBank"],"potions_floor_usage":[16,16,16],"damage_taken":[{"damage":4,"enemies":"Small Slimes","floor":1,"turns":3},{"damage":0,"enemies":"Jaw Worm","floor":2,"turns":5},{"damage":0,"enemies":"Cultist","floor":5,"turns":4},{"damage":24,"enemies":"Lagavulin","floor":6,"turns":8},{"damage":3,"enemies":"Large Slime","floor":8,"turns":7},{"damage":0,"enemies":"Exordium Thugs","floor":11,"turns":6},{"damage":12,"enemies":"3 Sentries","floor":14,"turns":11},{"damage":51,"enemies":"Slime Boss","floor":16,"turns":11}],"seed_played":"5955044514550549617","potions_obtained":[{"floor":1,"key":"FearPotion"},{"floor":2,"key":"SpeedPotion"},{"floor":8,"key":"Poison Potion"},{"floor":10,"key":"EssenceOfSteel"},{"floor":10,"key":"SteroidPotion"}],"is_trial":false,"path_per_floor":["M","M","?","?","M","E","R","M","T","?","M","$","?","E","R","B"],"character_chosen":"THE_SILENT","items_purchased":["Membership Card"],"campfire_rested":1,"item_purchase_floors":[12],"current_hp_per_floor":[66,66,66,66,66,42,42,39,39,39,39,39,39,27,48,0],"gold":69,"neow_bonus":"UPGRADE_CARD","is_prod":false,"is_daily":false,"chose_seed":false,"campfire_upgraded":1,"win_rate":0,"timestamp":1570774924,"path_taken":["M","M","?","?","M","E","R","?","T","?","?","$","?","E","R","BOSS"],"build_version":"2019-07-17","purchased_purges":0,"victory":false,"max_hp_per_floor":[70,70,70,70,70,70,70,70,70,70,70,70,70,70,70,70],"card_choices":[{"not_picked":["Flechettes","Acrobatics","Setup"],"picked":"SKIP","floor":1},{"not_picked":["Riddle With Holes","Heel Hook"],"picked":"Poisoned Stab","floor":2},{"not_picked":["Well Laid Plans","Flying Knee"],"picked":"Backstab","floor":5},{"not_picked":["Blade Dance","Dagger Spray"],"picked":"Dodge and Roll","floor":6},{"not_picked":["Sucker Punch","Terror","Flechettes"],"picked":"SKIP","floor":8},{"not_picked":["Concentrate","Sucker Punch"],"picked":"Poisoned Stab","floor":11},{"not_picked":["Masterful Stab","Doppelganger"],"picked":"All Out Attack","floor":14}],"player_experience":290302,"relics_obtained":[{"floor":6,"key":"Dream Catcher"},{"floor":9,"key":"Anchor"},{"floor":14,"key":"MawBank"}],"event_choices":[{"damage_healed":0,"gold_gain":0,"player_choice":"Grow","damage_taken":0,"max_hp_gain":0,"max_hp_loss":0,"event_name":"Living Wall","floor":3,"gold_loss":0,"cards_upgraded":["Poisoned Stab"]},{"damage_healed":0,"gold_gain":0,"player_choice":"Forge","damage_taken":0,"max_hp_gain":0,"max_hp_loss":0,"event_name":"Accursed Blacksmith","floor":4,"gold_loss":0,"cards_upgraded":["Survivor"]},{"damage_healed":0,"gold_gain":0,"player_choice":"Got Potions","damage_taken":0,"max_hp_gain":0,"max_hp_loss":0,"event_name":"Lab","floor":10,"gold_loss":0},{"cards_removed":["Strike_G"],"damage_healed":0,"gold_gain":0,"player_choice":"Card Removal","damage_taken":0,"max_hp_gain":0,"max_hp_loss":0,"event_name":"Wheel of Change","floor":13,"gold_loss":0}],"is_beta":false,"boss_relics":[],"items_purged_floors":[],"is_endless":false,"potions_floor_spawned":[1,2,8,14],"killed_by":"Slime Boss","ascension_level":2}