{"gold_per_floor":[116,116,40,52,52,83,83,108,108,108,128,128,141,141,141,236,236,248,248,237,247,262,262,262],"floor_reached":24,"playtime":2194,"items_purged":[],"score":227,"play_id":"798b1dd1-69d3-4e8b-affa-ce088d6ae629","local_time":"20181214150521","is_ascension_mode":true,"campfire_choices":[{"floor":7,"key":"REST"},{"floor":10,"key":"REST"},{"floor":15,"key":"REST"},{"floor":23,"key":"REST"}],"neow_cost":"NONE","seed_source_timestamp":147589740792009,"circlet_count":0,"master_deck":["Defend_G","Defend_G","Defend_G","Defend_G","Strike_G","Strike_G","Strike_G","Strike_G","Survivor","Neutralize","Deflect","Underhanded Strike","Adrenaline+1","Deflect","Dagger Spray","Blur","Envenom+1","Poisoned Stab","Corpse Explosion","Finisher","Accuracy+1","PiercingWail","Backflip+1","Poisoned Stab+1"],"relics":["Ring of the Snake","Potion Belt","Ninja Scroll","Frozen Egg 2","Lizard Tail"],"potions_floor_usage":[6,16,16,16,21,24],"damage_taken":[{"damage":6,"enemies":"Cultist","floor":1,"turns":4},{"damage":0,"enemies":"Small Slimes","floor":4,"turns":4},{"damage":31,"enemies":"3 Sentries","floor":6,"turns":14},{"damage":47,"enemies":"Gremlin Nob","floor":8,"turns":6},{"damage":0,"enemies":"2 Louse","floor":11,"turns":3},{"damage":0,"enemies":"Looter","floor":13,"turns":3},{"damage":47,"enemies":"Slime Boss","floor":16,"turns":14},{"damage":45,"enemies":"Spheric Guardian","floor":18,"turns":6},{"damage":12,"enemies":"2 Thieves","floor":20,"turns":4},{"damage":49,"enemies":"Snake Plant","floor":21,"turns":7},{"damage":14,"enemies":"Centurion and Healer","floor":22,"turns":5},{"damage":29,"enemies":"Book of Stabbing","floor":24,"turns":4}],"seed_played":"-4800359058525440856","potions_obtained":[{"floor":0,"key":"SpeedPotion"},{"floor":0,"key":"Swift Potion"},{"floor":0,"key":"Dexterity Potion"},{"floor":1,"key":"Regen Potion"},{"floor":4,"key":"Block Potion"},{"floor":11,"key":"LiquidBronze"},{"floor":13,"key":"Weak Potion"},{"floor":22,"key":"GamblersBrew"}],"is_trial":false,"path_per_floor":["M","?","$","M","?","E","R","E","T","R","M","?","M","?","R","B",null,"M","?","M","M","M","R","E"],"character_chosen":"THE_SILENT","items_purchased":["Adrenaline"],"campfire_rested":4,"item_purchase_floors":[3],"current_hp_per_floor":[64,64,64,64,64,33,54,7,7,28,28,28,28,28,49,2,70,25,25,13,19,5,26,0],"gold":262,"neow_bonus":"THREE_SMALL_POTIONS","is_prod":false,"is_daily":false,"chose_seed":false,"campfire_upgraded":0,"win_rate":0,"timestamp":1544792721,"path_taken":["M","?","$","?","?","E","R","E","T","R","M","?","M","?","R","BOSS","M","?","M","M","M","R","E"],"build_version":"2018-12-13","purchased_purges":0,"victory":false,"max_hp_per_floor":[70,70,70,70,70,70,70,70,70,70,70,70,70,70,70,70,70,70,70,70,70,70,70,70],"card_choices":[{"not_picked":["Quick Slash","Prepared"],"picked":"Deflect","floor":1},{"not_picked":["Bane","Eviscerate"],"picked":"Deflect","floor":4},{"not_picked":["Bane","Outmaneuver"],"picked":"Dagger Spray","floor":6},{"not_picked":["Masterful Stab","Prepared"],"picked":"Blur","floor":8},{"not_picked":["Deflect","Deadly Poison"],"picked":"Envenom+1","floor":11},{"not_picked":["Heel Hook","Dodge and Roll"],"picked":"Poisoned Stab","floor":13},{"not_picked":["Phantasmal Killer","After Image+1"],"picked":"Corpse Explosion","floor":16},{"not_picked":["Flechettes","Masterful Stab"],"picked":"Finisher","floor":18},{"not_picked":["Slice","Dagger Throw"],"picked":"PiercingWail","floor":20},{"not_picked":["Dodge and Roll+1","Flying Knee+1"],"picked":"Backflip+1","floor":21},{"not_picked":["Choke+1","Dodge and Roll+1"],"picked":"Poisoned Stab+1","floor":22}],"player_experience":79590,"relics_obtained":[{"floor":6,"key":"Potion Belt"},{"floor":8,"key":"Ninja Scroll"},{"floor":9,"key":"Frozen Egg 2"}],"event_choices":[{"damage_healed":0,"gold_gain":0,"cards_transformed":["Defend_G"],"player_choice":"Transformed","damage_taken":0,"max_hp_gain":0,"max_hp_loss":0,"event_name":"Transmorgrifier","floor":2,"gold_loss":0,"cards_obtained":["Underhanded Strike"]},{"damage_healed":0,"gold_gain":0,"player_choice":"Leave","damage_taken":0,"max_hp_gain":0,"max_hp_loss":0,"event_name":"The Cleric","floor":5,"gold_loss":0},{"damage_healed":0,"gold_gain":0,"player_choice":"Grow","damage_taken":0,"max_hp_gain":0,"max_hp_loss":0,"event_name":"Living Wall","floor":12,"gold_loss":0,"cards_upgraded":["Adrenaline"]},{"damage_healed":0,"gold_gain":0,"player_choice":"Bought 0 Potions","damage_taken":0,"max_hp_gain":0,"max_hp_loss":0,"event_name":"The Woman in Blue","floor":14,"gold_loss":0},{"damage_healed":0,"gold_gain":0,"cards_transformed":["Strike_G"],"player_choice":"Transformed","damage_taken":0,"max_hp_gain":0,"max_hp_loss":0,"event_name":"Transmorgrifier","floor":19,"gold_loss":0,"cards_obtained":["Accuracy"]}],"is_beta":false,"boss_relics":[{"not_picked":["Fusion Hammer","Velvet Choker"],"picked":"Lizard Tail"}],"items_purged_floors":[],"is_endless":false,"potions_floor_spawned":[1,4,11,13,22],"killed_by":"Book of Stabbing","ascension_level":2}