{"gold_per_floor":[110,125,125,125,137,137,8,18,18,18,28,57,57,89,89,193,193,204,204,221,221],"floor_reached":21,"playtime":2413,"items_purged":[],"score":214,"play_id":"e150171d-56ac-47d9-b90e-fb63cd5a7989","local_time":"20181122224043","is_ascension_mode":false,"campfire_choices":[{"data":"Deflect","floor":6,"key":"SMITH"},{"data":"Well Laid Plans","floor":10,"key":"SMITH"},{"floor":13,"key":"REST"},{"floor":15,"key":"REST"}],"neow_cost":"NONE","seed_source_timestamp":122656189595021,"circlet_count":0,"master_deck":["Defend_G","Defend_G","Defend_G","Defend_G","Defend_G","Strike_G","Strike_G","Strike_G","Strike_G","Strike_G","Survivor","Catalyst+1","Dash","Outmaneuver","Deflect+1","Well Laid Plans+1","Sucker Punch","Finisher","Poisoned Stab","Deflect","Slice","Night Terror","Deadly Poison+1","Crippling Poison","Deflect+1","Deflect"],"relics":["Ring of the Snake","Du-Vu Doll","Prayer Wheel","Kunai","Philosopher\u0027s Stone"],"potions_floor_usage":[16,20,20,20,21,21,21],"damage_taken":[{"damage":0,"enemies":"Small Slimes","floor":1,"turns":3},{"damage":0,"enemies":"Cultist","floor":2,"turns":5},{"damage":0,"enemies":"2 Louse","floor":5,"turns":2},{"damage":0,"enemies":"Looter","floor":8,"turns":4},{"damage":0,"enemies":"Blue Slaver","floor":11,"turns":4},{"damage":23,"enemies":"Lagavulin","floor":12,"turns":7},{"damage":23,"enemies":"3 Sentries","floor":14,"turns":9},{"damage":32,"enemies":"The Guardian","floor":16,"turns":11},{"damage":10,"enemies":"Chosen","floor":18,"turns":7},{"damage":19,"enemies":"Spheric Guardian","floor":20,"turns":5},{"damage":29,"enemies":"Cultist and Chosen","floor":21,"turns":6}],"seed_played":"-8716637135419903286","potions_obtained":[{"floor":2,"key":"Strength Potion"},{"floor":12,"key":"EntropicBrew"},{"floor":14,"key":"FearPotion"},{"floor":16,"key":"Explosive Potion"},{"floor":20,"key":"Fire Potion"}],"is_trial":false,"path_per_floor":["M","M","?","?","M","R","$","M","T","R","M","E","R","E","R","B",null,"M","?","M","M"],"character_chosen":"THE_SILENT","items_purchased":["Well Laid Plans","Sucker Punch"],"campfire_rested":2,"item_purchase_floors":[7,7],"current_hp_per_floor":[70,70,70,70,70,70,70,70,70,70,70,47,68,45,66,34,70,60,47,28,0],"gold":221,"neow_bonus":"TRANSFORM_CARD","is_prod":false,"is_daily":false,"chose_seed":false,"campfire_upgraded":2,"win_rate":0.0,"timestamp":1542919243,"path_taken":["M","M","?","?","M","R","$","M","T","R","?","E","R","E","R","BOSS","M","?","M","M"],"build_version":"2018-11-15","purchased_purges":0,"victory":false,"max_hp_per_floor":[70,70,70,70,70,70,70,70,70,70,70,70,70,70,70,70,70,70,75,75,75],"card_choices":[{"not_picked":["Outmaneuver","Prepared"],"picked":"Dash","floor":1},{"not_picked":["Calculated Gamble","Dagger Throw"],"picked":"Outmaneuver","floor":2},{"not_picked":["Expertise","Infinite Blades"],"picked":"Deflect","floor":5},{"not_picked":["Expertise","Outmaneuver"],"picked":"Finisher","floor":8},{"not_picked":["Quick Slash","Slice"],"picked":"Poisoned Stab","floor":11},{"not_picked":["Endless Agony","Masterful Stab"],"picked":"Deflect","floor":12},{"not_picked":["Outmaneuver","Die Die Die"],"picked":"Slice","floor":14},{"not_picked":["Tools of the Trade","Malaise"],"picked":"Night Terror","floor":16},{"not_picked":["Backstab","Cloak And Dagger"],"picked":"Deadly Poison+1","floor":18},{"not_picked":["Sucker Punch","Cloak And Dagger"],"picked":"Crippling Poison","floor":18},{"not_picked":["Bane","Cloak And Dagger"],"picked":"Deflect+1","floor":20},{"not_picked":["Unload","Backflip"],"picked":"Deflect","floor":20}],"player_experience":57435,"relics_obtained":[{"floor":9,"key":"Du-Vu Doll"},{"floor":12,"key":"Prayer Wheel"},{"floor":14,"key":"Kunai"}],"event_choices":[{"damage_healed":0,"gold_gain":0,"player_choice":"Ignored","damage_taken":0,"max_hp_gain":0,"max_hp_loss":0,"event_name":"Liars Game","floor":3,"gold_loss":0},{"damage_healed":0,"gold_gain":0,"player_choice":"Forge","damage_taken":0,"max_hp_gain":0,"max_hp_loss":0,"event_name":"Accursed Blacksmith","floor":4,"gold_loss":0,"cards_upgraded":["Catalyst"]},{"damage_healed":0,"gold_gain":0,"player_choice":"Shed Blood","damage_taken":18,"max_hp_gain":5,"max_hp_loss":0,"event_name":"Forgotten Altar","floor":19,"gold_loss":0}],"is_beta":false,"boss_relics":[{"not_picked":["Sozu","White Beast Statue"],"picked":"Philosopher\u0027s Stone"}],"items_purged_floors":[],"is_endless":false,"potions_floor_spawned":[2,12,14,16,20],"killed_by":"Cultist and Chosen","ascension_level":0}