{"gold_per_floor":[118,138,155,155,174,174,192,221,221,246,246,281,294,259,259,360,360,374,389,389,389],"floor_reached":21,"playtime":1573,"items_purged":[],"score":210,"play_id":"75770995-63b5-4668-8f52-020a979f99bc","local_time":"20190103003327","is_ascension_mode":true,"campfire_choices":[{"data":"Deadly Poison","floor":6,"key":"SMITH"},{"floor":11,"key":"REST"},{"data":"Catalyst","floor":15,"key":"SMITH"}],"neow_cost":"NONE","seed_source_timestamp":1060320398244314,"circlet_count":0,"master_deck":["Defend_G","Defend_G","Defend_G","Defend_G","Strike_G","Strike_G","Strike_G","Strike_G","Strike_G","Survivor","Neutralize","Flying Knee","Flechettes","Deadly Poison+1","Quick Slash","Deflect","Noxious Fumes","Bullet Time","Catalyst+1","Endless Agony","Adrenaline","Deflect","Die Die Die","Necronomicurse"],"relics":["WristBlade","Odd Mushroom","PreservedInsect","Pen Nib","Letter Opener","Velvet Choker","Necronomicon"],"potions_floor_usage":[5,8,21,21,21],"damage_taken":[{"damage":0,"enemies":"Small Slimes","floor":1,"turns":5},{"damage":1,"enemies":"Cultist","floor":2,"turns":4},{"damage":0,"enemies":"Jaw Worm","floor":3,"turns":4},{"damage":0,"enemies":"Blue Slaver","floor":5,"turns":3},{"damage":4,"enemies":"Looter","floor":7,"turns":3},{"damage":15,"enemies":"The Mushroom Lair","floor":8,"turns":4},{"damage":23,"enemies":"3 Sentries","floor":10,"turns":7},{"damage":9,"enemies":"Lagavulin","floor":12,"turns":5},{"damage":0,"enemies":"Large Slime","floor":13,"turns":4},{"damage":22,"enemies":"The Guardian","floor":16,"turns":8},{"damage":8,"enemies":"3 Byrds","floor":18,"turns":4},{"damage":4,"enemies":"Shell Parasite","floor":19,"turns":5},{"damage":42,"enemies":"Centurion and Healer","floor":21,"turns":6}],"seed_played":"-3164259571543124414","potions_obtained":[{"floor":1,"key":"Block Potion"},{"floor":3,"key":"SteroidPotion"},{"floor":5,"key":"EssenceOfSteel"},{"floor":7,"key":"LiquidBronze"},{"floor":18,"key":"GamblersBrew"}],"is_trial":false,"path_per_floor":["M","M","M","?","M","R","M","?","T","E","R","E","M","?","R","B",null,"M","M","?","M"],"character_chosen":"THE_SILENT","items_purchased":[],"campfire_rested":1,"item_purchase_floors":[],"current_hp_per_floor":[70,69,69,69,69,69,65,50,50,27,48,39,39,56,56,34,70,62,58,42,0],"gold":389,"neow_bonus":"BOSS_RELIC","is_prod":false,"is_daily":false,"chose_seed":false,"campfire_upgraded":2,"win_rate":0,"timestamp":1546468407,"path_taken":["M","M","M","?","M","R","?","?","T","E","R","E","M","?","R","BOSS","M","M","?","M"],"build_version":"2018-12-20","purchased_purges":0,"victory":false,"max_hp_per_floor":[70,70,70,70,70,70,70,70,70,70,70,70,70,70,70,70,70,70,70,70,70],"card_choices":[{"not_picked":["Eviscerate","Reflex"],"picked":"Flying Knee","floor":1},{"not_picked":["Acrobatics","Outmaneuver"],"picked":"Flechettes","floor":2},{"not_picked":["Wraith Form v2","Dagger Spray"],"picked":"Deadly Poison","floor":3},{"not_picked":["Blade Dance","Acrobatics"],"picked":"Quick Slash","floor":5},{"not_picked":["Underhanded Strike","Acrobatics"],"picked":"Deflect","floor":7},{"not_picked":["Blade Dance","Sucker Punch"],"picked":"Noxious Fumes","floor":8},{"not_picked":["Finisher","All Out Attack"],"picked":"Bullet Time","floor":10},{"not_picked":["Riddle With Holes","Dagger Throw"],"picked":"Catalyst","floor":12},{"not_picked":["Footwork","Prepared"],"picked":"Endless Agony","floor":13},{"not_picked":["Bullet Time","After Image"],"picked":"Adrenaline","floor":16},{"not_picked":["Backflip+1","Dagger Throw"],"picked":"Deflect","floor":18},{"not_picked":["Flying Knee+1","Outmaneuver"],"picked":"Die Die Die","floor":19}],"player_experience":90494,"relics_obtained":[{"floor":8,"key":"Odd Mushroom"},{"floor":9,"key":"PreservedInsect"},{"floor":10,"key":"Pen Nib"},{"floor":12,"key":"Letter Opener"},{"floor":20,"key":"Necronomicon"}],"event_choices":[{"cards_removed":["Defend_G"],"damage_healed":0,"gold_gain":0,"player_choice":"Card Removal","damage_taken":0,"max_hp_gain":0,"max_hp_loss":0,"event_name":"Wheel of Change","floor":4,"gold_loss":0},{"damage_healed":0,"gold_gain":0,"player_choice":"Fought Mushrooms","damage_taken":0,"max_hp_gain":0,"max_hp_loss":0,"event_name":"Mushrooms","floor":8,"gold_loss":0},{"damage_healed":17,"gold_gain":0,"player_choice":"Healed","damage_taken":0,"max_hp_gain":0,"max_hp_loss":0,"event_name":"The Cleric","floor":14,"gold_loss":35},{"damage_healed":0,"gold_gain":0,"player_choice":"Obtained Book","damage_taken":16,"max_hp_gain":0,"max_hp_loss":0,"event_name":"Cursed Tome","floor":20,"gold_loss":0}],"is_beta":false,"boss_relics":[{"not_picked":["Ectoplasm","Cursed Key"],"picked":"Velvet Choker"}],"items_purged_floors":[],"is_endless":false,"potions_floor_spawned":[1,3,5,7,18],"killed_by":"Centurion and Healer","ascension_level":2}