{"path_per_floor":["M","?","M","M","T","E","$","M","T","E","R","?","R","M","R","B",null,"M","M","?"],"character_chosen":"THE_SILENT","items_purchased":["Well Laid Plans"],"gold_per_floor":[148,148,167,179,230,256,103,119,173,198,198,373,373,384,384,488,488,504,515,515],"floor_reached":21,"campfire_rested":2,"playtime":1561,"current_hp_per_floor":[60,60,59,59,59,26,26,21,21,18,39,39,39,35,56,53,70,36,27,27],"items_purged":["Strike_G"],"gold":515,"play_id":"c82e6cf7-a82d-44c8-817a-ca8b3e3b5790","is_prod":false,"is_daily":false,"is_ascension_mode":true,"campfire_upgraded":1,"path_taken":["M","?","M","M","?","E","$","M","T","E","R","?","R","M","R","BOSS","M","M","?","M"],"build_version":"2018-02-01-PROD3","purchased_purges":1,"victory":false,"master_deck":["Defend_G","Defend_G","Defend_G","Defend_G+1","Defend_G+1","Strike_G","Strike_G","Strike_G+1","Strike_G+1","Survivor","Neutralize+1","Caltrops","Regret","Dagger Spray","After Image","Well Laid Plans","Dash","Doubt","Prepared","Normality","Pain","Writhe","Prepared+1","Writhe"],"max_hp_per_floor":[70,70,70,70,70,70,70,70,70,70,70,70,70,70,70,70,70,70,70,70],"relics":["Ring of the Snake","Tiny Chest","War Paint","Whetstone","Bottled Flame","Bronze Scales","Happy Flower","Calling Bell","Bag of Preparation","Mercury Hourglass","Bag of Marbles","Sundial"],"card_choices":[{"not_picked":["Flying Knee","Outmaneuver"],"picked":"Caltrops"},{"not_picked":["Acrobatics","Flying Knee"],"picked":"Dagger Spray"},{"not_picked":["Choke","Blade Dance"],"picked":"After Image"},{"not_picked":["Dodge and Roll","Escape Plan"],"picked":"Dash"},{"not_picked":["Finisher","Dagger Throw"],"picked":"Prepared"},{"not_picked":["PiercingWail","Bane"],"picked":"Prepared"}],"player_experience":125946,"potions_floor_usage":[6,10],"damage_taken":[{"damage":10,"enemies":"Small Slimes","floor":1,"turns":4},{"damage":1,"enemies":"Cultist","floor":3,"turns":4},{"damage":0,"enemies":"2 Louse","floor":4,"turns":3},{"damage":33,"enemies":"Lagavulin","floor":6,"turns":7},{"damage":5,"enemies":"Exordium Wildlife","floor":8,"turns":6},{"damage":3,"enemies":"3 Sentries","floor":10,"turns":6},{"damage":4,"enemies":"Large Slime","floor":14,"turns":7},{"damage":3,"enemies":"The Guardian","floor":16,"turns":11},{"damage":34,"enemies":"Chosen","floor":18,"turns":5},{"damage":9,"enemies":"3 Byrds","floor":19,"turns":3},{"damage":28,"enemies":"Cultist and Chosen","floor":21,"turns":3}],"event_choices":[{"event_name":"Big Fish","player_choice":"Box","floor":2,"damage_taken":0},{"event_name":"Liars Game","player_choice":"agreed","floor":12,"damage_taken":0},{"event_name":"The Mausoleum","player_choice":"Yes","floor":20,"damage_taken":0}],"boss_relics":[{"not_picked":["Runic Pyramid","Cursed Key"],"picked":"Calling Bell"}],"potions_floor_spawned":[3,4,6,19],"seed_played":"-7630424258304235056","killed_by":"Cultist and Chosen","ascension_level":4,"is_trial":false}