{"gold_per_floor":[114,134,47,100,162,207,219,246,258,345,6,24,174,201,201,278,278,288,213,233,247,247,247,247],"floor_reached":24,"playtime":811,"items_purged":[],"score":412,"play_id":"bfed7264-41f4-4383-a81f-f70562441772","local_time":"20191019231008","is_ascension_mode":true,"campfire_choices":[{"data":"Zap","floor":7.0,"key":"SMITH"},{"floor":15.0,"key":"REST"},{"floor":23,"key":"REST"}],"neow_cost":"NONE","seed_source_timestamp":532092630150900,"circlet_count":0,"master_deck":["AscendersBane","Strike_B","Strike_B","Strike_B","Defend_B","Defend_B","Defend_B","Defend_B","Zap+1","Dualcast","Static Discharge","Coolheaded","Defragment","Echo Form","Tempest","Capacitor","Self Repair","Reboot","Auto Shields","Storm","Undo+1"],"special_seed":0,"relics":["FrozenCore","NeowsBlessing","MawBank","Turnip","Bottled Tornado","Membership Card","Pear","Regal Pillow"],"potions_floor_usage":[21],"damage_taken":[{"damage":0.0,"enemies":"Cultist","floor":1.0,"turns":1.0},{"damage":0.0,"enemies":"Jaw Worm","floor":2.0,"turns":1.0},{"damage":0.0,"enemies":"Gremlin Nob","floor":6.0,"turns":1.0},{"damage":10.0,"enemies":"Small Slimes","floor":8.0,"turns":4.0},{"damage":3.0,"enemies":"2 Fungi Beasts","floor":12.0,"turns":3.0},{"damage":5.0,"enemies":"Lagavulin","floor":14.0,"turns":7.0},{"damage":50.0,"enemies":"Hexaghost","floor":16.0,"turns":10.0},{"damage":41.0,"enemies":"3 Byrds","floor":18.0,"turns":5.0},{"damage":2,"enemies":"Spheric Guardian","floor":20,"turns":9},{"damage":36,"enemies":"Cultist and Chosen","floor":21,"turns":6},{"damage":18,"enemies":"Centurion and Healer","floor":24,"turns":9}],"seed_played":"-6690161532330643520","potions_obtained":[{"floor":1.0,"key":"Ancient Potion"},{"floor":2.0,"key":"LiquidMemories"},{"floor":14.0,"key":"SpeedPotion"},{"floor":18.0,"key":"PowerPotion"}],"is_trial":false,"path_per_floor":["M","M","$","T","?","E","R","M","T","?","$","M","?","E","R","B",null,"M","?","M","M","?","R","M"],"character_chosen":"DEFECT","items_purchased":["Defragment","Membership Card","Capacitor","Pear"],"campfire_rested":2,"item_purchase_floors":[3,11,11,11],"current_hp_per_floor":[64,64,64,64,64,64,64,54,54,43,53,50,50,45,81,45,72,38,38,43,14,14,53,35],"gold":247,"neow_bonus":"THREE_ENEMY_KILL","is_prod":false,"is_daily":false,"chose_seed":false,"campfire_upgraded":1,"win_rate":0,"timestamp":1571544608,"path_taken":["M","?","$","?","?","E","R","?","T","?","$","M","?","E","R","BOSS","M","?","M","M","?","R","?"],"build_version":"2019-10-18","purchased_purges":0,"victory":false,"max_hp_per_floor":[71,71,71,71,71,71,71,71,71,71,81,81,81,81,81,81,81,81,81,81,81,81,81,81],"card_choices":[{"not_picked":["Compile Driver","Self Repair"],"picked":"Static Discharge","floor":1.0},{"not_picked":["Go for the Eyes","Beam Cell"],"picked":"Coolheaded","floor":2.0},{"not_picked":["Lockon","Loop"],"picked":"Echo Form","floor":6.0},{"not_picked":["Coolheaded","Barrage"],"picked":"Tempest","floor":8.0},{"not_picked":["Turbo","Barrage","Streamline"],"picked":"SKIP","floor":12.0},{"not_picked":["Compile Driver","Turbo"],"picked":"Self Repair","floor":14.0},{"not_picked":["Echo Form","Meteor Strike"],"picked":"Reboot","floor":16.0},{"not_picked":["Hologram","Fusion"],"picked":"Auto Shields","floor":18.0},{"not_picked":["FTL","Gash"],"picked":"Storm","floor":20},{"not_picked":["Darkness","Ball Lightning"],"picked":"Undo+1","floor":21}],"player_experience":1430800,"relics_obtained":[{"floor":4.0,"key":"MawBank"},{"floor":6.0,"key":"Turnip"},{"floor":9.0,"key":"Bottled Tornado"},{"floor":14.0,"key":"Regal Pillow"}],"event_choices":[{"damage_healed":0.0,"max_hp_gain":0.0,"max_hp_loss":0.0,"gold_gain":50.0,"event_name":"Golden Shrine","player_choice":"Pray","floor":5.0,"gold_loss":0.0,"damage_taken":0.0},{"damage_healed":0.0,"max_hp_gain":0.0,"max_hp_loss":0.0,"gold_gain":75.0,"event_name":"World of Goop","player_choice":"Gather Gold","floor":10.0,"gold_loss":0.0,"damage_taken":11.0},{"damage_healed":0.0,"max_hp_gain":0.0,"max_hp_loss":0.0,"gold_gain":150.0,"event_name":"Liars Game","player_choice":"AGREE","floor":13.0,"gold_loss":0.0,"damage_taken":0.0,"cards_obtained":["Doubt"]},{"cards_removed":["Doubt"],"damage_healed":0.0,"max_hp_gain":0.0,"max_hp_loss":0.0,"gold_gain":0.0,"event_name":"Beggar","player_choice":"Gave Gold","floor":19.0,"gold_loss":75.0,"damage_taken":0.0},{"cards_removed":["Strike_B"],"damage_healed":0,"gold_gain":0,"player_choice":"Purged","damage_taken":0,"max_hp_gain":0,"max_hp_loss":0,"event_name":"Purifier","floor":22,"gold_loss":0}],"is_beta":true,"boss_relics":[{"not_picked":["Fusion Hammer","Runic Dome"],"picked":"FrozenCore"}],"items_purged_floors":[],"is_endless":false,"potions_floor_spawned":[1,2,14,18,20],"killed_by":"Centurion and Healer","ascension_level":16}