{"gold_per_floor":[111,111,122,135,153,183,183,211,211,228,245,258,274,164,164,266,266,282,197,208,37,47,47,47,47,47,47,62,78,96,129,129,231,231,244,289,24,24,24,24,43,54,54,54,54,73,73],"floor_reached":47,"playtime":2718,"items_purged":["Strike_B","Defend_B","Defend_B"],"score":578,"play_id":"78ff939b-3283-41f2-a4f8-f1afbf150a10","local_time":"20191019161243","is_ascension_mode":true,"campfire_choices":[{"floor":7,"key":"REST"},{"floor":15,"key":"REST"},{"data":"Hologram","floor":23,"key":"SMITH"},{"floor":32,"key":"REST"},{"data":"Gash","floor":40,"key":"SMITH"},{"data":"Scrape","floor":45,"key":"SMITH"}],"neow_cost":"NONE","seed_source_timestamp":719581698344600,"circlet_count":0,"master_deck":["Strike_B","Strike_B","Defend_B","Defend_B","Zap+1","Dualcast","Go for the Eyes","BootSequence","Go for the Eyes","Gash","Beam Cell","All For One","Hologram+1","FTL","Gash","Leap","Scrape+1","All For One","Conserve Battery","Steam","Gash+1","Steam","FTL","Self Repair","Beam Cell","Leap","Hologram+1","Redo+1","Streamline","Seek","FTL+1","Streamline+1","All For One","Dramatic Entrance","Redo+1"],"relics":["Cracked Core","PreservedInsect","Lantern","Orrery","Gambling Chip","MutagenicStrength","Cables","Mummified Hand","Nunchaku","Molten Egg 2"],"potions_floor_usage":[8,8,28,33,33,36,46,46,47,47],"damage_taken":[{"damage":8,"enemies":"Jaw Worm","floor":1,"turns":4},{"damage":0,"enemies":"Cultist","floor":3,"turns":3},{"damage":1,"enemies":"Small Slimes","floor":4,"turns":3},{"damage":0,"enemies":"Exordium Wildlife","floor":5,"turns":3},{"damage":42,"enemies":"Lagavulin","floor":6,"turns":8},{"damage":4,"enemies":"3 Sentries","floor":8,"turns":5},{"damage":0,"enemies":"3 Louse","floor":10,"turns":2},{"damage":0,"enemies":"Large Slime","floor":11,"turns":4},{"damage":0,"enemies":"2 Fungi Beasts","floor":12,"turns":2},{"damage":3,"enemies":"Exordium Thugs","floor":13,"turns":4},{"damage":34,"enemies":"The Guardian","floor":16,"turns":7},{"damage":0,"enemies":"Shell Parasite","floor":18,"turns":4},{"damage":0,"enemies":"3 Byrds","floor":20,"turns":3},{"damage":9,"enemies":"Snake Plant","floor":22,"turns":3},{"damage":0,"enemies":"Cultist and Chosen","floor":28,"turns":3},{"damage":3,"enemies":"Centurion and Healer","floor":29,"turns":4},{"damage":5,"enemies":"Sentry and Sphere","floor":30,"turns":4},{"damage":36,"enemies":"Book of Stabbing","floor":31,"turns":5},{"damage":14,"enemies":"Champ","floor":33,"turns":7},{"damage":0,"enemies":"Orb Walker","floor":35,"turns":2},{"damage":12,"enemies":"2 Orb Walkers","floor":36,"turns":4},{"damage":23,"enemies":"3 Darklings","floor":41,"turns":4},{"damage":3,"enemies":"4 Shapes","floor":42,"turns":4},{"damage":24,"enemies":"Sphere and 2 Shapes","floor":46,"turns":3},{"damage":34,"enemies":"Transient","floor":47,"turns":5}],"seed_played":"3253088407796952988","potions_obtained":[{"floor":1,"key":"Regen Potion"},{"floor":3,"key":"SkillPotion"},{"floor":6,"key":"Fire Potion"},{"floor":12,"key":"GamblersBrew"},{"floor":20,"key":"Regen Potion"},{"floor":30,"key":"FearPotion"},{"floor":31,"key":"Energy Potion"},{"floor":33,"key":"GamblersBrew"},{"floor":35,"key":"PowerPotion"},{"floor":41,"key":"FearPotion"},{"floor":42,"key":"SteroidPotion"},{"floor":46,"key":"SkillPotion"}],"is_trial":false,"path_per_floor":["M","?","M","M","M","E","R","E","T","M","M","M","M","$","R","B",null,"M","?","M","$","M","R","?","?","T","$","M","M","M","E","R","B",null,"M","?","$","?","$","R","M","M","T","?","R","M","M"],"character_chosen":"DEFECT","items_purchased":["Scrape","FTL","All For One"],"campfire_rested":3,"item_purchase_floors":[14,21,37],"current_hp_per_floor":[67,67,67,66,66,24,46,56,56,56,56,56,53,53,75,41,75,75,75,75,75,66,66,66,66,66,66,75,75,70,41,63,56,75,75,70,70,70,70,70,47,51,51,51,51,27,0],"gold":73,"neow_bonus":"UPGRADE_CARD","is_prod":false,"is_daily":false,"chose_seed":false,"campfire_upgraded":3,"win_rate":0,"timestamp":1571494363,"path_taken":["M","?","M","M","M","E","R","E","T","M","M","M","?","$","R","BOSS","M","?","M","$","M","R","?","?","T","$","M","M","?","E","R","BOSS","M","?","$","?","$","R","M","M","T","?","R","M","M"],"build_version":"2019-07-17","purchased_purges":3,"victory":false,"max_hp_per_floor":[75,75,75,75,75,75,75,75,75,75,75,75,75,75,75,75,75,75,75,75,75,75,75,75,75,75,75,75,75,75,75,75,75,75,75,75,75,75,75,75,75,75,75,75,75,75,75],"card_choices":[{"not_picked":["Auto Shields","Hello World"],"picked":"Go for the Eyes","floor":1},{"not_picked":["Stack","Force Field"],"picked":"BootSequence","floor":3},{"not_picked":["Glacier","Coolheaded"],"picked":"Go for the Eyes","floor":4},{"not_picked":["Capacitor","Reprogram"],"picked":"Gash","floor":5},{"not_picked":["Compile Driver","Coolheaded"],"picked":"Beam Cell","floor":6},{"not_picked":["Self Repair","Loop"],"picked":"All For One","floor":8},{"not_picked":["Beam Cell","Consume"],"picked":"Hologram","floor":10},{"not_picked":["Steam","Barrage"],"picked":"FTL","floor":11},{"not_picked":["Beam Cell","Ball Lightning"],"picked":"Gash","floor":12},{"not_picked":["FTL","Redo"],"picked":"Leap","floor":13},{"not_picked":["Core Surge","Reboot"],"picked":"All For One","floor":16},{"not_picked":["Blizzard","White Noise"],"picked":"Conserve Battery","floor":17},{"not_picked":["Fusion","Compile Driver"],"picked":"Steam","floor":17},{"not_picked":["Reinforced Body","Skim"],"picked":"Gash","floor":17},{"not_picked":["Coolheaded","Force Field"],"picked":"Steam","floor":17},{"not_picked":["Rebound+1","Melter"],"picked":"Leap","floor":18},{"not_picked":["Hello World+1","Turbo","Rebound"],"picked":"SKIP","floor":20},{"not_picked":["Static Discharge+1","Force Field"],"picked":"Self Repair","floor":22},{"not_picked":["Cold Snap","Amplify"],"picked":"Leap","floor":28},{"not_picked":["Capacitor","Gash"],"picked":"Hologram+1","floor":29},{"not_picked":["Sweeping Beam+1","Rebound"],"picked":"Redo+1","floor":30},{"not_picked":["Compile Driver","Cold Snap"],"picked":"Streamline","floor":31},{"not_picked":["Fission","Multi-Cast"],"picked":"Seek","floor":33},{"not_picked":["Rip and Tear","Stack"],"picked":"FTL+1","floor":35},{"not_picked":["Coolheaded+1","Barrage+1"],"picked":"Streamline+1","floor":36},{"not_picked":["Mind Blast","Forethought"],"picked":"Dramatic Entrance","floor":38},{"not_picked":["Coolheaded+1","Ball Lightning","Heatsinks"],"picked":"SKIP","floor":41},{"not_picked":["Stack","Barrage+1"],"picked":"Redo+1","floor":42},{"not_picked":["Redo+1","Skim","Sweeping Beam+1"],"picked":"SKIP","floor":46}],"player_experience":389474,"relics_obtained":[{"floor":6,"key":"PreservedInsect"},{"floor":8,"key":"Lantern"},{"floor":26,"key":"Cables"},{"floor":31,"key":"Mummified Hand"},{"floor":36,"key":"Nunchaku"},{"floor":43,"key":"Molten Egg 2"}],"event_choices":[{"cards_removed":["Strike_B"],"damage_healed":0,"gold_gain":0,"player_choice":"Purged","damage_taken":0,"max_hp_gain":0,"max_hp_loss":0,"event_name":"Purifier","floor":2,"gold_loss":0},{"damage_healed":0,"gold_gain":0,"player_choice":"Obtained Relic","damage_taken":0,"relics_obtained":["Gambling Chip"],"max_hp_gain":0,"max_hp_loss":0,"event_name":"Addict","floor":19,"gold_loss":85},{"damage_healed":0,"gold_gain":0,"player_choice":"Read","damage_taken":0,"max_hp_gain":0,"max_hp_loss":0,"event_name":"The Library","floor":24,"gold_loss":0,"cards_obtained":["Beam Cell"]},{"damage_healed":0,"gold_gain":0,"player_choice":"Inject Mutagens","damage_taken":0,"relics_obtained":["MutagenicStrength"],"max_hp_gain":0,"max_hp_loss":0,"event_name":"Drug Dealer","floor":25,"gold_loss":0},{"damage_healed":0,"gold_gain":0,"player_choice":"Fight","damage_taken":0,"max_hp_gain":0,"max_hp_loss":0,"event_name":"Mysterious Sphere","floor":36,"gold_loss":0},{"damage_healed":0,"gold_gain":0,"player_choice":"Memory 1","damage_taken":0,"max_hp_gain":0,"max_hp_loss":0,"event_name":"SensoryStone","floor":38,"gold_loss":0},{"cards_removed":["Leap"],"damage_healed":0,"gold_gain":0,"player_choice":"Removed Skill","damage_taken":0,"max_hp_gain":0,"max_hp_loss":0,"event_name":"Falling","floor":44,"gold_loss":0}],"is_beta":false,"boss_relics":[{"not_picked":["Philosopher\u0027s Stone","FrozenCore"],"picked":"Orrery"},{"not_picked":["Coffee Dripper","Fusion Hammer","Runic Dome"]}],"items_purged_floors":[14,21,37],"is_endless":false,"potions_floor_spawned":[1,3,6,12,20,30,31,33,35,41,42,46],"killed_by":"Transient","ascension_level":4}