{"gold_per_floor":[116,135,154,154,173,204,204,232,256,256,282,282,315,334,334,430,430,447,457,471,484,495,495],"floor_reached":23,"playtime":1789,"items_purged":[],"score":305,"play_id":"8b223218-abc4-41e0-99e2-ad3888384d11","local_time":"20190213223028","is_ascension_mode":true,"campfire_choices":[{"data":"Footwork","floor":10,"key":"SMITH"},{"data":"Poisoned Stab","floor":12,"key":"SMITH"},{"floor":15,"key":"REST"}],"neow_cost":"NONE","seed_source_timestamp":2678853374156292,"circlet_count":0,"master_deck":["Defend_G","Defend_G","Defend_G","Defend_G","Strike_G","Strike_G","Strike_G","Strike_G","Survivor+1","Neutralize","Endless Agony","Footwork+1","Quick Slash","Backflip+1","Poisoned Stab+1","Predator","Leg Sweep","Poisoned Stab","Night Terror","Blur+1","Well Laid Plans","PiercingWail","Concentrate","Bouncing Flask+1"],"relics":["Ring of the Snake","War Paint","Juzu Bracelet","Smiling Mask","Bag of Preparation","Art of War","Empty Cage"],"potions_floor_usage":[1,8,16,21,21],"damage_taken":[{"damage":1,"enemies":"Cultist","floor":1,"turns":5},{"damage":3,"enemies":"Jaw Worm","floor":2,"turns":3},{"damage":0,"enemies":"2 Louse","floor":3,"turns":3},{"damage":2,"enemies":"Blue Slaver","floor":5,"turns":4},{"damage":22,"enemies":"3 Sentries","floor":6,"turns":13},{"damage":5,"enemies":"Gremlin Nob","floor":8,"turns":4},{"damage":9,"enemies":"Lagavulin","floor":13,"turns":6},{"damage":0,"enemies":"2 Fungi Beasts","floor":14,"turns":2},{"damage":30,"enemies":"Hexaghost","floor":16,"turns":15},{"damage":6,"enemies":"3 Byrds","floor":18,"turns":6},{"damage":0,"enemies":"Shell Parasite","floor":19,"turns":10},{"damage":6,"enemies":"Snake Plant","floor":20,"turns":6},{"damage":18,"enemies":"Snecko","floor":21,"turns":8},{"damage":34,"enemies":"Cultist and Chosen","floor":22,"turns":10},{"damage":16,"enemies":"Book of Stabbing","floor":23,"turns":3}],"seed_played":"3471649800533076417","potions_obtained":[{"floor":1,"key":"Fruit Juice"},{"floor":2,"key":"Fire Potion"},{"floor":3,"key":"GhostInAJar"},{"floor":6,"key":"GhostInAJar"},{"floor":14,"key":"Weak Potion"},{"floor":16,"key":"Block Potion"},{"floor":20,"key":"Energy Potion"},{"floor":22,"key":"Poison Potion"}],"is_trial":false,"path_per_floor":["M","M","M","?","M","E","?","E","T","R","T","R","E","M","R","B",null,"M","M","M","M","M","E"],"character_chosen":"THE_SILENT","items_purchased":[],"campfire_rested":1,"item_purchase_floors":[],"current_hp_per_floor":[74,71,71,76,74,52,52,47,47,47,47,47,38,38,64,34,74,68,68,62,44,10,0],"gold":495,"neow_bonus":"TEN_PERCENT_HP_BONUS","is_prod":false,"is_daily":false,"chose_seed":false,"campfire_upgraded":2,"win_rate":0,"timestamp":1550089828,"path_taken":["M","?","M","?","M","E","?","E","T","R","?","R","E","M","R","BOSS","M","M","M","M","M","E"],"build_version":"2019-01-23","purchased_purges":0,"victory":false,"max_hp_per_floor":[82,82,82,87,87,87,87,87,87,87,87,87,87,87,87,87,87,87,87,87,87,87,87],"card_choices":[{"not_picked":["Reflex","Tactician"],"picked":"Endless Agony","floor":1},{"not_picked":["Expertise","Bane"],"picked":"Footwork","floor":2},{"not_picked":["PiercingWail","Outmaneuver"],"picked":"Quick Slash","floor":3},{"not_picked":["Acrobatics","Outmaneuver"],"picked":"Backflip","floor":5},{"not_picked":["Prepared","Setup"],"picked":"Poisoned Stab","floor":6},{"not_picked":["Reflex","Bane"],"picked":"Predator","floor":8},{"not_picked":["Choke","After Image"],"picked":"Leg Sweep","floor":13},{"not_picked":["Masterful Stab","Bane"],"picked":"Poisoned Stab","floor":14},{"not_picked":["Die Die Die","Doppelganger"],"picked":"Night Terror","floor":16},{"not_picked":["Deflect","Blade Dance"],"picked":"Blur+1","floor":18},{"not_picked":["Calculated Gamble","Blade Dance"],"picked":"Well Laid Plans","floor":19},{"not_picked":["Choke","Backflip"],"picked":"PiercingWail","floor":20},{"not_picked":["Accuracy","Acrobatics+1"],"picked":"Concentrate","floor":21},{"not_picked":["Dodge and Roll","Reflex"],"picked":"Bouncing Flask+1","floor":22}],"player_experience":212987,"relics_obtained":[{"floor":6,"key":"War Paint"},{"floor":8,"key":"Juzu Bracelet"},{"floor":9,"key":"Smiling Mask"},{"floor":11,"key":"Bag of Preparation"},{"floor":13,"key":"Art of War"}],"event_choices":[{"damage_healed":0,"gold_gain":0,"player_choice":"Donut","damage_taken":0,"max_hp_gain":5,"max_hp_loss":0,"event_name":"Big Fish","floor":4,"gold_loss":0},{"damage_healed":0,"gold_gain":0,"player_choice":"Ignored","damage_taken":0,"max_hp_gain":0,"max_hp_loss":0,"event_name":"Liars Game","floor":7,"gold_loss":0}],"is_beta":false,"boss_relics":[{"not_picked":["Ectoplasm","Sozu"],"picked":"Empty Cage"}],"items_purged_floors":[],"is_endless":false,"potions_floor_spawned":[1,2,3,6,14,16,20,22],"killed_by":"Book of Stabbing","ascension_level":6}