{"gold_per_floor":[119,132,146,157,232,232,257,257,257,289,31,63,73,73,73,169,169,186,186,40,55,55,86,86,119,119,151,167,167,8,107,107,208,208,218,318,329,329,329,377,396,396],"floor_reached":42,"playtime":4872,"items_purged":["Expertise"],"score":572,"play_id":"4347c76b-0d52-43a6-ab6f-976b2e766911","local_time":"20191011115739","is_ascension_mode":true,"campfire_choices":[{"data":"Well Laid Plans","floor":6,"key":"SMITH"},{"floor":8,"key":"REST"},{"floor":15,"key":"REST"},{"floor":24,"key":"REST"},{"data":"Catalyst","floor":29,"key":"SMITH"},{"floor":32,"key":"REST"}],"neow_cost":"NONE","seed_source_timestamp":10922459383500,"circlet_count":0,"master_deck":["Survivor","Neutralize","Backstab","Prepared","Backstab","Well Laid Plans+1","Quick Slash+1","Corpse Explosion","Venomology","Reflex","Bouncing Flask","Reflex","Catalyst+1","Infinite Blades","Burst","Finisher+1","Escape Plan","Backflip+1","Madness+1","Corpse Explosion+1","Escape Plan+1","Prepared+1","Backflip+1","Accuracy+1","Acrobatics+1","Blur+1","Cloak And Dagger+1","Deflect+1"],"relics":["Ring of the Snake","Molten Egg 2","Dead Branch","Tough Bandages","Kunai","Ancient Tea Set","Pandora\u0027s Box","Juzu Bracelet","Happy Flower","Enchiridion","Singing Bowl","Shuriken","Toxic Egg 2","Du-Vu Doll","Orrery","Ginger","Nunchaku"],"potions_floor_usage":[13,23,27,27,27,28,36,37,40,42],"damage_taken":[{"damage":0,"enemies":"Cultist","floor":1,"turns":5},{"damage":0,"enemies":"Small Slimes","floor":2,"turns":4},{"damage":0,"enemies":"2 Louse","floor":3,"turns":2},{"damage":2,"enemies":"Lots of Slimes","floor":4,"turns":5},{"damage":49,"enemies":"Gremlin Nob","floor":7,"turns":5},{"damage":16,"enemies":"Lagavulin","floor":10,"turns":6},{"damage":6,"enemies":"Gremlin Nob","floor":12,"turns":4},{"damage":0,"enemies":"3 Louse","floor":13,"turns":2},{"damage":22,"enemies":"Slime Boss","floor":16,"turns":11},{"damage":12,"enemies":"Chosen","floor":18,"turns":3},{"damage":6,"enemies":"3 Byrds","floor":21,"turns":2},{"damage":11,"enemies":"Slavers","floor":23,"turns":3},{"damage":28,"enemies":"Gremlin Leader","floor":25,"turns":4},{"damage":10,"enemies":"Book of Stabbing","floor":27,"turns":5},{"damage":4,"enemies":"Snake Plant","floor":28,"turns":3},{"damage":18,"enemies":"Automaton","floor":33,"turns":5},{"damage":15,"enemies":"3 Shapes","floor":35,"turns":4},{"damage":21,"enemies":"Mind Bloom Boss Battle","floor":36,"turns":4},{"damage":0,"enemies":"Orb Walker","floor":37,"turns":3},{"damage":40,"enemies":"2 Orb Walkers","floor":40,"turns":4},{"damage":2,"enemies":"Maw","floor":41,"turns":6},{"damage":21,"enemies":"Jaw Worm Horde","floor":42,"turns":1}],"seed_played":"3581696802265645916","potions_obtained":[{"floor":3,"key":"Ancient Potion"},{"floor":7,"key":"Weak Potion"},{"floor":10,"key":"PowerPotion"},{"floor":13,"key":"GamblersBrew"},{"floor":23,"key":"SpeedPotion"},{"floor":27,"key":"Strength Potion"},{"floor":41,"key":"Regen Potion"}],"is_trial":false,"path_per_floor":["M","M","M","M","?","R","E","R","T","E","$","E","M","?","R","B",null,"M","?","$","M","?","E","R","E","T","E","M","R","$","?","R","B",null,"M","?","M","?","?","?","M","M"],"character_chosen":"THE_SILENT","items_purchased":["Kunai","Happy Flower","Madness+1"],"campfire_rested":4,"item_purchase_floors":[11,20,30],"current_hp_per_floor":[77,77,77,75,68,68,19,42,42,26,26,20,20,45,68,46,77,65,65,65,59,43,34,57,31,31,35,31,31,31,31,55,37,87,72,51,56,56,56,16,14,0],"gold":396,"neow_bonus":"TEN_PERCENT_HP_BONUS","is_prod":false,"is_daily":false,"chose_seed":false,"campfire_upgraded":2,"win_rate":0,"timestamp":1570787859,"path_taken":["M","M","M","M","?","R","E","R","T","E","$","E","?","?","R","BOSS","M","?","$","M","?","E","R","E","T","E","M","R","$","?","R","BOSS","M","?","M","?","?","?","M","M"],"build_version":"2019-07-17","purchased_purges":1,"victory":false,"max_hp_per_floor":[77,77,77,77,77,77,77,77,77,77,77,77,77,77,77,77,77,77,77,77,77,77,79,79,81,81,83,83,83,83,83,83,83,87,87,87,87,87,87,87,87,87],"card_choices":[{"not_picked":["Dagger Throw","Bane"],"picked":"Backstab","floor":1},{"not_picked":["PiercingWail","Deadly Poison"],"picked":"Prepared","floor":2},{"not_picked":["Blur","Sucker Punch"],"picked":"Backstab","floor":3},{"not_picked":["Cloak And Dagger","Dagger Spray"],"picked":"Well Laid Plans","floor":4},{"not_picked":["Calculated Gamble","Poisoned Stab","Outmaneuver"],"picked":"SKIP","floor":7},{"not_picked":["Storm of Steel","Tactician"],"picked":"Quick Slash+1","floor":10},{"not_picked":["Terror","Infinite Blades","Expertise"],"picked":"SKIP","floor":12},{"not_picked":["Blade Dance","Deadly Poison"],"picked":"Quick Slash+1","floor":13},{"not_picked":["Storm of Steel","Wraith Form v2"],"picked":"Corpse Explosion","floor":16},{"not_picked":["Finisher+1","Underhanded Strike+1","Dagger Throw+1"],"picked":"SKIP","floor":18},{"not_picked":["Dodge and Roll+1","Slice+1"],"picked":"Escape Plan","floor":21},{"not_picked":["PiercingWail","Blur","Setup"],"picked":"Singing Bowl","floor":23},{"not_picked":["Flying Knee+1","Crippling Poison","Predator+1"],"picked":"Singing Bowl","floor":25},{"not_picked":["Dodge and Roll+1","Wraith Form v2","Dagger Throw+1"],"picked":"Singing Bowl","floor":27},{"not_picked":["Flying Knee+1","Underhanded Strike+1"],"picked":"Backflip+1","floor":28},{"not_picked":["Storm of Steel+1","Die Die Die+1"],"picked":"Corpse Explosion+1","floor":33},{"not_picked":["Prepared+1","Doppelganger+1"],"picked":"Escape Plan+1","floor":34},{"not_picked":["Dash+1","Dodge and Roll+1"],"picked":"Prepared+1","floor":34},{"not_picked":["Eviscerate+1","Setup+1"],"picked":"Backflip+1","floor":34},{"not_picked":["Tactician+1","Choke+1","Flying Knee+1"],"picked":"Singing Bowl","floor":34},{"not_picked":["Masterful Stab+1","Poisoned Stab+1","Bane+1"],"picked":"Singing Bowl","floor":34},{"not_picked":["Poisoned Stab+1","Dash+1"],"picked":"Accuracy","floor":35},{"not_picked":["Well Laid Plans","Infinite Blades+1"],"picked":"Acrobatics+1","floor":36},{"not_picked":["PiercingWail+1","Bane+1"],"picked":"Blur+1","floor":37},{"not_picked":["Well Laid Plans","Leg Sweep+1"],"picked":"Cloak And Dagger+1","floor":40},{"not_picked":["Eviscerate+1","Bane+1"],"picked":"Deflect+1","floor":41}],"player_experience":298631,"relics_obtained":[{"floor":7,"key":"Molten Egg 2"},{"floor":9,"key":"Dead Branch"},{"floor":10,"key":"Tough Bandages"},{"floor":12,"key":"Ancient Tea Set"},{"floor":22,"key":"Enchiridion"},{"floor":23,"key":"Singing Bowl"},{"floor":25,"key":"Shuriken"},{"floor":26,"key":"Toxic Egg 2"},{"floor":27,"key":"Du-Vu Doll"},{"floor":36,"key":"Ginger"},{"floor":40,"key":"Nunchaku"}],"event_choices":[{"damage_healed":0,"gold_gain":75,"player_choice":"Touch","damage_taken":7,"max_hp_gain":0,"max_hp_loss":0,"event_name":"FaceTrader","floor":5,"gold_loss":0},{"damage_healed":25,"gold_gain":0,"player_choice":"Banana","damage_taken":0,"max_hp_gain":0,"max_hp_loss":0,"event_name":"Big Fish","floor":14,"gold_loss":0},{"cards_removed":["Expertise"],"damage_healed":0,"gold_gain":0,"player_choice":"Gave Card","damage_taken":0,"relics_obtained":["Juzu Bracelet"],"max_hp_gain":0,"max_hp_loss":0,"event_name":"WeMeetAgain","floor":19,"gold_loss":0},{"damage_healed":0,"gold_gain":0,"player_choice":"Obtained Book","damage_taken":16,"max_hp_gain":0,"max_hp_loss":0,"event_name":"Cursed Tome","floor":22,"gold_loss":0},{"damage_healed":0,"gold_gain":99,"player_choice":"Stole From Cult","damage_taken":0,"max_hp_gain":0,"max_hp_loss":0,"event_name":"Nest","floor":31,"gold_loss":0},{"damage_healed":0,"gold_gain":0,"player_choice":"Fight","damage_taken":0,"max_hp_gain":0,"max_hp_loss":0,"event_name":"MindBloom","floor":36,"gold_loss":0},{"damage_healed":0,"gold_gain":0,"player_choice":"Forge","damage_taken":0,"max_hp_gain":0,"max_hp_loss":0,"event_name":"Accursed Blacksmith","floor":38,"gold_loss":0,"cards_upgraded":["Accuracy"]},{"cards_removed":["Quick Slash"],"damage_healed":0,"gold_gain":0,"player_choice":"Removed Attack","damage_taken":0,"max_hp_gain":0,"max_hp_loss":0,"event_name":"Falling","floor":39,"gold_loss":0},{"damage_healed":0,"gold_gain":0,"player_choice":"Fight","damage_taken":0,"max_hp_gain":0,"max_hp_loss":0,"event_name":"Mysterious Sphere","floor":40,"gold_loss":0}],"is_beta":false,"boss_relics":[{"not_picked":["HoveringKite","Cursed Key"],"picked":"Pandora\u0027s Box"},{"not_picked":["Black Star","Coffee Dripper"],"picked":"Orrery"}],"items_purged_floors":[30],"is_endless":false,"potions_floor_spawned":[3,7,10,13,21,23,27,35,41],"killed_by":"Jaw Worm Horde","ascension_level":2}