{"gold_per_floor":[109,109,34,53,53,53,80,80,80,80,96,171,205,220,220,220],"floor_reached":16,"playtime":193,"items_purged":["Strike_R"],"score":266,"play_id":"ed63c8b9-ea76-499d-9930-cdeb51d8bcdf","local_time":"20191003151112","is_ascension_mode":true,"campfire_choices":[{"data":"Pommel Strike","floor":6,"key":"SMITH"},{"data":"Evolve","floor":8,"key":"SMITH"},{"floor":10,"key":"RECALL"},{"data":"Battle Trance","floor":15,"key":"SMITH"}],"neow_cost":"NONE","seed_source_timestamp":947230448826301,"circlet_count":0,"master_deck":["AscendersBane","Strike_R","Strike_R","Strike_R","Defend_R","Defend_R","Defend_R","Defend_R","Bash","Pommel Strike+1","Evolve+1","Battle Trance+1"],"relics":["Burning Blood","NeowsBlessing","StrikeDummy","Juzu Bracelet","Omamori"],"potions_floor_usage":[13,13],"damage_taken":[{"damage":0,"enemies":"Jaw Worm","floor":1,"turns":1},{"damage":0,"enemies":"Small Slimes","floor":4,"turns":1},{"damage":0,"enemies":"3 Sentries","floor":7,"turns":2},{"damage":2,"enemies":"2 Louse","floor":11,"turns":2},{"damage":25,"enemies":"Lagavulin","floor":13,"turns":5},{"damage":8,"enemies":"Blue Slaver","floor":14,"turns":2},{"damage":0,"enemies":"The Guardian","floor":16,"turns":2}],"seed_played":"8254440019017764557","potions_obtained":[{"floor":4,"key":"SkillPotion"},{"floor":7,"key":"Weak Potion"},{"floor":13,"key":"ElixirPotion"}],"is_trial":false,"path_per_floor":["M","?","$","M","?","R","E","R","T","R","M","?","E","M","R","B"],"character_chosen":"IRONCLAD","items_purchased":[],"campfire_rested":0,"item_purchase_floors":[],"current_hp_per_floor":[74,79,79,80,80,80,80,80,80,80,80,69,50,48,48,48],"gold":220,"neow_bonus":"THREE_ENEMY_KILL","is_prod":false,"is_daily":false,"chose_seed":false,"campfire_upgraded":3,"win_rate":0,"timestamp":1570086672,"path_taken":["M","?","$","M","?","R","E","R","T","R","M","?","E","M","R","BOSS"],"build_version":"2019-10-02","purchased_purges":1,"victory":false,"max_hp_per_floor":[75,80,80,80,80,80,80,80,80,80,80,80,80,80,80,80],"card_choices":[{"not_picked":["Wild Strike","Combust","Headbutt"],"picked":"SKIP","floor":1},{"not_picked":["Thunderclap","Rage","Sword Boomerang"],"picked":"SKIP","floor":4},{"not_picked":["Flex","Sever Soul"],"picked":"Evolve","floor":7},{"not_picked":["Clash","Pommel Strike"],"picked":"Battle Trance","floor":11},{"not_picked":["Reaper","Rage","Combust"],"picked":"SKIP","floor":13},{"not_picked":["Clash","Sever Soul","Sword Boomerang"],"picked":"SKIP","floor":14}],"player_experience":1053970,"relics_obtained":[{"floor":7,"key":"StrikeDummy"},{"floor":9,"key":"Juzu Bracelet"},{"floor":13,"key":"Omamori"}],"event_choices":[{"damage_healed":0,"gold_gain":0,"player_choice":"Donut","damage_taken":0,"max_hp_gain":5,"max_hp_loss":0,"event_name":"Big Fish","floor":2,"gold_loss":0},{"damage_healed":0,"gold_gain":0,"cards_transformed":["Strike_R"],"player_choice":"Change","damage_taken":0,"max_hp_gain":0,"max_hp_loss":0,"event_name":"Living Wall","floor":5,"gold_loss":0,"cards_obtained":["Pommel Strike"]},{"damage_healed":0,"gold_gain":75,"player_choice":"Gather Gold","damage_taken":11,"max_hp_gain":0,"max_hp_loss":0,"event_name":"World of Goop","floor":12,"gold_loss":0}],"is_beta":true,"boss_relics":[],"items_purged_floors":[3],"is_endless":false,"potions_floor_spawned":[4,7,13],"killed_by":"The Guardian","ascension_level":20}