{"gold_per_floor":[113,132,149,160,160,192,117,144,144,144,155,170,199,218,218,318,318,331,331,346,363,363,363,397,397,424,456,469,480,395,395,395,493,493,503,603,603,603,503,503,129,129,129,129,14,49,63,0,0,0],"floor_reached":51,"playtime":2827,"items_purged":["Strike_B","Pain","Normality"],"score":1031,"play_id":"cac596b6-8946-4f8e-b317-e159ae653807","local_time":"20191008213546","is_ascension_mode":true,"campfire_choices":[{"data":"Cold Snap","floor":10,"key":"SMITH"},{"floor":15,"key":"REST"},{"data":"White Noise","floor":23,"key":"SMITH"},{"data":"Leap","floor":25,"key":"SMITH"},{"data":"Zap","floor":32,"key":"SMITH"},{"data":"Machine Learning","floor":40,"key":"SMITH"},{"data":"Sweeping Beam","floor":42,"key":"SMITH"},{"data":"Defend_B","floor":44,"key":"SMITH"},{"data":"Loop","floor":49,"key":"SMITH"}],"neow_cost":"NONE","seed_source_timestamp":332922302562200,"circlet_count":0,"master_deck":["Defend_B","Defend_B","Defend_B","Defend_B+1","Zap+1","Dualcast","Cold Snap+1","Sweeping Beam+1","Leap+1","Streamline+1","Machine Learning+1","White Noise+1","Double Energy+1","Glacier+1","Rip and Tear+1","Beam Cell+1","Hyperbeam+1","Glacier+1","Hologram+1","Bite+1","Bite+1","Bite+1","Bite+1","Leap+1","Heatsinks+1","Fusion+1","Leap+1","Creative AI","Writhe","Coolheaded+1","Seek+1","Auto Shields+1","Chaos+1","Echo Form","Loop+1"],"relics":["Cracked Core","Ice Cream","Sundial","Toxic Egg 2","Molten Egg 2","Philosopher\u0027s Stone","Mango","Blood Vial","Du-Vu Doll","Pear","Calling Bell","Vajra","Meat on the Bone","Pocketwatch","WingedGreaves","Letter Opener","Kunai","Bronze Scales","Red Mask"],"potions_floor_usage":[6,13,13,16,16,16,16,35,50],"damage_taken":[{"damage":1,"enemies":"Cultist","floor":1,"turns":4},{"damage":3,"enemies":"2 Louse","floor":2,"turns":3},{"damage":0,"enemies":"Jaw Worm","floor":3,"turns":4},{"damage":3,"enemies":"Red Slaver","floor":4,"turns":4},{"damage":3,"enemies":"Lagavulin","floor":6,"turns":7},{"damage":23,"enemies":"3 Sentries","floor":8,"turns":7},{"damage":11,"enemies":"Exordium Thugs","floor":11,"turns":3},{"damage":7,"enemies":"2 Fungi Beasts","floor":12,"turns":3},{"damage":0,"enemies":"Gremlin Nob","floor":13,"turns":3},{"damage":7,"enemies":"3 Louse","floor":14,"turns":4},{"damage":12,"enemies":"Hexaghost","floor":16,"turns":7},{"damage":6,"enemies":"2 Thieves","floor":18,"turns":3},{"damage":2,"enemies":"Shell Parasite","floor":20,"turns":5},{"damage":16,"enemies":"Snecko","floor":21,"turns":5},{"damage":21,"enemies":"Book of Stabbing","floor":24,"turns":4},{"damage":16,"enemies":"Gremlin Leader","floor":27,"turns":6},{"damage":1,"enemies":"Centurion and Healer","floor":28,"turns":3},{"damage":9,"enemies":"Snake Plant","floor":29,"turns":4},{"damage":15,"enemies":"Champ","floor":33,"turns":14},{"damage":43,"enemies":"3 Darklings","floor":35,"turns":6},{"damage":4,"enemies":"Mind Bloom Boss Battle","floor":36,"turns":5},{"damage":46,"enemies":"Reptomancer","floor":46,"turns":8},{"damage":0,"enemies":"3 Shapes","floor":47,"turns":2},{"damage":41,"enemies":"Donu and Deca","floor":50,"turns":9}],"seed_played":"6368097634524839173","potions_obtained":[{"floor":0,"key":"Weak Potion"},{"floor":0,"key":"EntropicBrew"},{"floor":0,"key":"Strength Potion"},{"floor":8,"key":"Fire Potion"},{"floor":12,"key":"FocusPotion"},{"floor":13,"key":"SteroidPotion"},{"floor":14,"key":"EssenceOfSteel"},{"floor":18,"key":"SpeedPotion"},{"floor":46,"key":"GamblersBrew"}],"is_trial":false,"path_per_floor":["M","M","M","M","?","E","$","E","T","R","M","M","E","M","R","B",null,"M","?","M","M","?","R","E","R","T","E","M","M","?","?","R","B",null,"M","?","?","?","$","R","$","R","T","R","$","E","M","?","R","B",null],"character_chosen":"DEFECT","items_purchased":["Letter Opener","Auto Shields+1","Chaos+1"],"campfire_rested":1,"item_purchase_floors":[41,45,45],"current_hp_per_floor":[67,64,64,61,61,58,58,35,35,35,24,17,17,10,32,20,61,55,55,53,37,37,37,45,45,45,52,59,60,70,56,56,81,81,51,67,67,67,67,67,67,67,67,67,67,47,55,55,55,40],"gold":0,"neow_bonus":"THREE_SMALL_POTIONS","is_prod":false,"is_daily":false,"chose_seed":false,"campfire_upgraded":8,"win_rate":0,"timestamp":1570563346,"path_taken":["M","M","M","?","?","E","?","E","T","R","M","M","E","M","R","BOSS","M","?","?","M","?","R","E","R","T","E","M","M","?","?","R","BOSS","M","?","?","?","?","R","$","R","T","R","$","E","?","?","R","BOSS"],"build_version":"2019-07-17","purchased_purges":3,"victory":true,"max_hp_per_floor":[75,75,75,75,75,75,75,75,75,75,75,75,75,75,75,75,75,75,75,75,75,52,52,66,66,66,66,66,66,76,81,81,81,81,81,81,77,77,77,77,77,77,77,77,77,77,77,77,77,77],"card_choices":[{"not_picked":["Hologram","Storm"],"picked":"Cold Snap","floor":1},{"not_picked":["Melter","Gash"],"picked":"Sweeping Beam","floor":2},{"not_picked":["Genetic Algorithm","FTL"],"picked":"Leap","floor":3},{"not_picked":["Barrage","Redo"],"picked":"Streamline","floor":4},{"not_picked":["Sweeping Beam","Compile Driver"],"picked":"Machine Learning","floor":6},{"not_picked":["Force Field","Doom and Gloom"],"picked":"White Noise","floor":8},{"not_picked":["Go for the Eyes","Streamline"],"picked":"Double Energy+1","floor":11},{"not_picked":["Tempest+1","Go for the Eyes"],"picked":"Glacier+1","floor":12},{"not_picked":["Gash","Go for the Eyes"],"picked":"Rip and Tear","floor":13},{"not_picked":["Compile Driver+1","Redo+1"],"picked":"Beam Cell+1","floor":14},{"not_picked":["Amplify+1","All For One+1"],"picked":"Hyperbeam+1","floor":16},{"not_picked":["Turbo+1","Redo+1","Beam Cell+1"],"picked":"SKIP","floor":18},{"not_picked":["Stack+1","Heatsinks"],"picked":"Hologram+1","floor":20},{"not_picked":["Machine Learning","Beam Cell+1","Hologram+1"],"picked":"SKIP","floor":21},{"not_picked":["Redo+1","Ball Lightning+1"],"picked":"Leap+1","floor":24},{"not_picked":["Self Repair+1","Undo+1"],"picked":"Heatsinks+1","floor":27},{"not_picked":["Compile Driver+1","Barrage+1"],"picked":"Fusion+1","floor":28},{"not_picked":["Go for the Eyes+1","Turbo+1"],"picked":"Leap+1","floor":29},{"not_picked":["Electrodynamics","Biased Cognition"],"picked":"Creative AI","floor":33},{"not_picked":["Barrage+1","Steam+1"],"picked":"Coolheaded+1","floor":35},{"not_picked":["Gash+1","Sweeping Beam+1"],"picked":"Seek+1","floor":36},{"not_picked":["Scrape+1","Rebound+1"],"picked":"Echo Form","floor":46},{"not_picked":["Undo+1","Rebound+1"],"picked":"Loop","floor":47}],"player_experience":381465,"relics_obtained":[{"floor":6,"key":"Ice Cream"},{"floor":8,"key":"Sundial"},{"floor":9,"key":"Toxic Egg 2"},{"floor":13,"key":"Molten Egg 2"},{"floor":24,"key":"Mango"},{"floor":26,"key":"Blood Vial"},{"floor":27,"key":"Du-Vu Doll"},{"floor":34,"key":"Vajra"},{"floor":34,"key":"Meat on the Bone"},{"floor":34,"key":"Pocketwatch"},{"floor":36,"key":"WingedGreaves"},{"floor":43,"key":"Kunai"},{"floor":46,"key":"Bronze Scales"}],"event_choices":[{"damage_healed":0,"gold_gain":0,"player_choice":"Upgraded","damage_taken":0,"max_hp_gain":0,"max_hp_loss":0,"event_name":"Upgrade Shrine","floor":5,"gold_loss":0,"cards_upgraded":["Streamline"]},{"damage_healed":0,"gold_gain":0,"player_choice":"Copied","damage_taken":0,"max_hp_gain":0,"max_hp_loss":0,"event_name":"Duplicator","floor":19,"gold_loss":0,"cards_obtained":["Glacier"]},{"damage_healed":0,"gold_gain":0,"player_choice":"Became a vampire","damage_taken":0,"max_hp_gain":0,"max_hp_loss":23,"event_name":"Vampires","floor":22,"gold_loss":0,"cards_obtained":["Bite","Bite","Bite","Bite","Bite"]},{"damage_healed":0,"gold_gain":0,"player_choice":"Obtained Relic","damage_taken":0,"relics_obtained":["Pear"],"max_hp_gain":0,"max_hp_loss":0,"event_name":"Addict","floor":30,"gold_loss":85},{"damage_healed":0,"gold_gain":0,"player_choice":"Shed Blood","damage_taken":19,"max_hp_gain":5,"max_hp_loss":0,"event_name":"Forgotten Altar","floor":31,"gold_loss":0},{"damage_healed":0,"gold_gain":0,"player_choice":"Fight","damage_taken":0,"max_hp_gain":0,"max_hp_loss":0,"event_name":"MindBloom","floor":36,"gold_loss":0},{"damage_healed":0,"gold_gain":0,"player_choice":"Max HP","damage_taken":0,"max_hp_gain":0,"max_hp_loss":4,"event_name":"Winding Halls","floor":37,"gold_loss":0},{"cards_removed":["Bite"],"damage_healed":0,"gold_gain":0,"player_choice":"Removed Attack","damage_taken":0,"max_hp_gain":0,"max_hp_loss":0,"event_name":"Falling","floor":38,"gold_loss":0},{"damage_healed":0,"gold_gain":0,"player_choice":"Paid","damage_taken":0,"relics_obtained":["Red Mask"],"max_hp_gain":0,"max_hp_loss":0,"event_name":"Tomb of Lord Red Mask","floor":48,"gold_loss":63}],"is_beta":false,"boss_relics":[{"not_picked":["Tiny House","Cursed Key"],"picked":"Philosopher\u0027s Stone"},{"not_picked":["Orrery","Runic Dome"],"picked":"Calling Bell"}],"items_purged_floors":[7,39,41],"is_endless":false,"potions_floor_spawned":[1,8,11,12,13,14,18,21,24,33,46,47],"ascension_level":7}