{"gold_per_floor":[115,125,125,135,151,181,54,89,115,115,142,94,94,104,104,201,201,213,228,238,5,22,53,53,83,83,83,83,83,113,131,131,131],"floor_reached":33,"playtime":1432,"items_purged":["Strike_B"],"score":471,"play_id":"6d2ccb14-86bc-43b0-b8aa-88925a8de142","local_time":"20191013191731","is_ascension_mode":true,"campfire_choices":[{"floor":10,"key":"REST"},{"data":"Doom and Gloom","floor":13,"key":"SMITH"},{"data":"Zap","floor":15,"key":"SMITH"},{"data":"Defragment","floor":24,"key":"SMITH"},{"data":"Rainbow","floor":27,"key":"SMITH"},{"data":"FTL","floor":32,"key":"SMITH"}],"neow_cost":"NONE","seed_source_timestamp":173058463652500,"circlet_count":0,"master_deck":["Strike_B","Strike_B","Strike_B","Defend_B+1","Defend_B","Defend_B","Defend_B+1","Zap+1","Dualcast","Reinforced Body","Skim","Coolheaded","Static Discharge","Echo Form","Leap","Doom and Gloom+1","Cold Snap","BootSequence","Core Surge","Hello World","Redo","FTL+1","Defragment+1","Rainbow+1","Electrodynamics","Decay","Multi-Cast","Beam Cell"],"relics":["Cracked Core","NeowsBlessing","Incense Burner","Art of War","Ancient Tea Set","Happy Flower","Unceasing Top","Coffee Dripper","DataDisk","War Paint","Ginger","Symbiotic Virus","Orichalcum"],"potions_floor_usage":[16,23,23],"damage_taken":[{"damage":0,"enemies":"Jaw Worm","floor":1,"turns":1},{"damage":0,"enemies":"Cultist","floor":2,"turns":1},{"damage":0,"enemies":"Small Slimes","floor":4,"turns":1},{"damage":4,"enemies":"Looter","floor":5,"turns":4},{"damage":18,"enemies":"3 Sentries","floor":6,"turns":9},{"damage":45,"enemies":"Gremlin Nob","floor":8,"turns":5},{"damage":3,"enemies":"Lagavulin","floor":11,"turns":6},{"damage":0,"enemies":"Blue Slaver","floor":14,"turns":3},{"damage":3,"enemies":"Slime Boss","floor":16,"turns":8},{"damage":0,"enemies":"Chosen","floor":18,"turns":4},{"damage":0,"enemies":"3 Byrds","floor":19,"turns":5},{"damage":1,"enemies":"Cultist and Chosen","floor":20,"turns":5},{"damage":10,"enemies":"Centurion and Healer","floor":22,"turns":5},{"damage":18,"enemies":"Gremlin Leader","floor":23,"turns":6},{"damage":10,"enemies":"Book of Stabbing","floor":25,"turns":6},{"damage":6,"enemies":"Slavers","floor":30,"turns":4},{"damage":0,"enemies":"Shelled Parasite and Fungi","floor":31,"turns":4},{"damage":16,"enemies":"Automaton","floor":33,"turns":4}],"seed_played":"-3283049120428550318","potions_obtained":[{"floor":1,"key":"FairyPotion"},{"floor":2,"key":"Ancient Potion"},{"floor":8,"key":"SkillPotion"},{"floor":16,"key":"Explosive Potion"},{"floor":18,"key":"LiquidBronze"},{"floor":23,"key":"SteroidPotion"},{"floor":25,"key":"FearPotion"}],"is_trial":false,"path_per_floor":["M","M","?","M","M","E","$","E","T","R","E","?","R","M","R","B",null,"M","M","M","$","M","E","R","E","T","R","?","$","E","M","R","B"],"character_chosen":"DEFECT","items_purchased":["Leap","DataDisk","Defragment"],"campfire_rested":1,"item_purchase_floors":[7,21,21],"current_hp_per_floor":[68,68,68,68,64,46,46,1,1,23,20,20,20,20,20,17,61,61,61,60,60,50,32,32,22,22,22,22,22,16,16,16,0],"gold":131,"neow_bonus":"THREE_ENEMY_KILL","is_prod":false,"is_daily":false,"chose_seed":false,"campfire_upgraded":5,"win_rate":0,"timestamp":1570987051,"path_taken":["M","M","?","?","M","E","$","E","T","R","E","?","R","M","R","BOSS","M","M","M","$","M","E","R","E","T","R","?","$","E","M","R","BOSS"],"build_version":"2019-07-17","purchased_purges":1,"victory":false,"max_hp_per_floor":[75,75,75,75,75,75,75,75,75,75,75,75,75,75,75,75,75,75,75,75,75,75,75,75,75,75,75,75,75,75,75,75,75],"card_choices":[{"not_picked":["Consume","Static Discharge"],"picked":"Reinforced Body","floor":1},{"not_picked":["Storm","Stack"],"picked":"Skim","floor":2},{"not_picked":["Fusion","Tempest"],"picked":"Coolheaded","floor":4},{"not_picked":["Stack","Darkness"],"picked":"Static Discharge","floor":5},{"not_picked":["Barrage","Undo"],"picked":"Echo Form","floor":6},{"not_picked":["Meteor Strike","Aggregate"],"picked":"Doom and Gloom","floor":8},{"not_picked":["Rebound","Static Discharge"],"picked":"Cold Snap","floor":11},{"not_picked":["Coolheaded","Turbo"],"picked":"BootSequence","floor":14},{"not_picked":["Fission","All For One"],"picked":"Core Surge","floor":16},{"not_picked":["Hologram","Stack"],"picked":"Hello World","floor":18},{"not_picked":["Reprogram","Cold Snap"],"picked":"Redo","floor":19},{"not_picked":["Rip and Tear","Force Field"],"picked":"FTL","floor":20},{"not_picked":["Steam","FTL","Compile Driver"],"picked":"SKIP","floor":22},{"not_picked":["Coolheaded","Sweeping Beam+1"],"picked":"Rainbow","floor":23},{"not_picked":["Stack","Defragment"],"picked":"Electrodynamics","floor":25},{"not_picked":["Static Discharge","White Noise"],"picked":"Multi-Cast","floor":30},{"not_picked":["Recycle","Ball Lightning"],"picked":"Beam Cell","floor":31}],"player_experience":412053,"relics_obtained":[{"floor":6,"key":"Art of War"},{"floor":8,"key":"Ancient Tea Set"},{"floor":9,"key":"Happy Flower"},{"floor":11,"key":"Unceasing Top"},{"floor":23,"key":"War Paint"},{"floor":25,"key":"Ginger"},{"floor":26,"key":"Symbiotic Virus"},{"floor":30,"key":"Orichalcum"}],"event_choices":[{"damage_healed":0,"gold_gain":0,"player_choice":"Gave Potion","damage_taken":0,"relics_obtained":["Incense Burner"],"max_hp_gain":0,"max_hp_loss":0,"event_name":"WeMeetAgain","floor":3,"gold_loss":0},{"damage_healed":0,"gold_gain":0,"player_choice":"Left Gold","damage_taken":0,"max_hp_gain":0,"max_hp_loss":0,"event_name":"World of Goop","floor":12,"gold_loss":48},{"damage_healed":0,"gold_gain":0,"player_choice":"Smashed Altar","damage_taken":0,"max_hp_gain":0,"max_hp_loss":0,"event_name":"Forgotten Altar","floor":28,"gold_loss":0,"cards_obtained":["Decay"]}],"is_beta":false,"boss_relics":[{"not_picked":["Pandora\u0027s Box","Runic Pyramid"],"picked":"Coffee Dripper"}],"items_purged_floors":[7],"is_endless":false,"potions_floor_spawned":[1,2,8,16,18,19,23,25,31],"killed_by":"Automaton","ascension_level":9}