{"gold_per_floor":[112,52,71,85,96,96,107,107,156,156,173,173,192,212,212,313,313,331,331,331,341,28,62,62,62,88,104,104,104,114,124,124,225,225,239,250,250,269,282,282,38,57,57,57,74,74,85,104,104,104],"floor_reached":51,"playtime":2818,"items_purged":["Strike_G+1"],"score":667,"play_id":"1edeebf2-33fc-4daf-a862-3ea0e728507d","local_time":"20190930144933","is_ascension_mode":false,"campfire_choices":[{"data":"Deadly Poison","floor":6,"key":"SMITH"},{"data":"Infinite Blades","floor":8,"key":"SMITH"},{"data":"Escape Plan","floor":10,"key":"SMITH"},{"data":"Infinite Blades","floor":12,"key":"SMITH"},{"floor":15,"key":"REST"},{"floor":25,"key":"REST"},{"floor":29,"key":"REST"},{"floor":32,"key":"REST"},{"data":"Noxious Fumes","floor":40,"key":"SMITH"},{"floor":44,"key":"REST"},{"floor":46,"key":"REST"},{"floor":49,"key":"REST"}],"neow_cost":"NONE","seed_source_timestamp":317092405941700,"circlet_count":0,"master_deck":["Strike_G+1","Strike_G+1","Strike_G+1","Strike_G+1","Defend_G+1","Defend_G+1","Defend_G+1","Defend_G+1","Defend_G+1","Survivor","Neutralize","Escape Plan+1","Deadly Poison+1","Backstab+1","Infinite Blades+1","Infinite Blades+1","Accuracy","Unload+1","Accuracy","Noxious Fumes+1","Bane+1","Backstab+1","Bouncing Flask+1","Accuracy+1","A Thousand Cuts","Backflip+1","Parasite","Cloak And Dagger+1","Blade Dance+1"],"relics":["Ring of the Snake","Molten Egg 2","Lantern","Toxic Egg 2","Blood Vial","Snake Skull","Enchiridion","Busted Crown","Shuriken","Ornamental Fan"],"potions_floor_usage":[16,16,23,31,33,33,45,50,50],"damage_taken":[{"damage":4,"enemies":"2 Louse","floor":1,"turns":3},{"damage":1,"enemies":"Cultist","floor":3,"turns":4},{"damage":2,"enemies":"Jaw Worm","floor":4,"turns":4},{"damage":4,"enemies":"3 Louse","floor":5,"turns":4},{"damage":2,"enemies":"Large Slime","floor":7,"turns":5},{"damage":4,"enemies":"Blue Slaver","floor":11,"turns":3},{"damage":0,"enemies":"3 Louse","floor":13,"turns":4},{"damage":11,"enemies":"Lots of Slimes","floor":14,"turns":3},{"damage":11,"enemies":"Slime Boss","floor":16,"turns":11},{"damage":9,"enemies":"Shell Parasite","floor":18,"turns":5},{"damage":8,"enemies":"3 Byrds","floor":21,"turns":5},{"damage":33,"enemies":"Book of Stabbing","floor":23,"turns":5},{"damage":2,"enemies":"Cultist and Chosen","floor":27,"turns":4},{"damage":0,"enemies":"Snake Plant","floor":30,"turns":4},{"damage":29,"enemies":"Centurion and Healer","floor":31,"turns":4},{"damage":49,"enemies":"Champ","floor":33,"turns":8},{"damage":7,"enemies":"3 Shapes","floor":35,"turns":3},{"damage":2,"enemies":"Orb Walker","floor":36,"turns":2},{"damage":8,"enemies":"3 Darklings","floor":38,"turns":4},{"damage":16,"enemies":"Writhing Mass","floor":39,"turns":5},{"damage":19,"enemies":"4 Shapes","floor":42,"turns":3},{"damage":38,"enemies":"Spire Growth","floor":45,"turns":4},{"damage":3,"enemies":"Sphere and 2 Shapes","floor":47,"turns":5},{"damage":15,"enemies":"3 Darklings","floor":48,"turns":3},{"damage":48,"enemies":"Donu and Deca","floor":50,"turns":7}],"seed_played":"-2740573900756091162","potions_obtained":[{"floor":5,"key":"Block Potion"},{"floor":7,"key":"Fire Potion"},{"floor":11,"key":"EssenceOfSteel"},{"floor":16,"key":"Fruit Juice"},{"floor":23,"key":"Ancient Potion"},{"floor":30,"key":"Weak Potion"},{"floor":31,"key":"AttackPotion"},{"floor":33,"key":"Ancient Potion"},{"floor":35,"key":"GamblersBrew"},{"floor":39,"key":"PowerPotion"},{"floor":42,"key":"AttackPotion"},{"floor":48,"key":"SpeedPotion"}],"is_trial":false,"path_per_floor":["M","?","M","M","M","R","M","R","T","R","M","R","M","M","R","B",null,"M","?","?","M","$","E","?","R","T","M","?","R","M","M","R","B",null,"M","M","?","M","M","R","$","M","T","R","M","R","M","M","R","B",null],"character_chosen":"THE_SILENT","items_purchased":["Toxic Egg 2","Shuriken"],"campfire_rested":7,"item_purchase_floors":[22,41],"current_hp_per_floor":[73,73,72,70,66,66,64,64,64,64,60,60,60,49,72,61,77,68,68,68,60,60,32,16,42,42,42,26,52,54,27,53,6,87,80,80,80,74,60,60,60,43,43,69,33,59,58,45,71,25],"gold":104,"neow_bonus":"TEN_PERCENT_HP_BONUS","is_prod":false,"is_daily":false,"chose_seed":false,"campfire_upgraded":5,"win_rate":0.0,"timestamp":1569847773,"path_taken":["M","?","M","M","M","R","?","R","T","R","M","R","?","M","R","BOSS","M","?","?","M","$","E","?","R","T","M","?","R","?","M","R","BOSS","M","M","?","M","M","R","$","M","T","R","M","R","?","?","R","BOSS"],"build_version":"2019-07-17","purchased_purges":1,"victory":true,"max_hp_per_floor":[77,77,77,77,77,77,77,77,77,77,77,77,77,77,77,77,77,77,77,77,77,77,82,87,87,87,87,87,87,87,87,87,87,87,87,87,87,87,87,87,87,87,87,87,87,87,87,87,87,87],"card_choices":[{"not_picked":["Dagger Spray","Poisoned Stab"],"picked":"Escape Plan","floor":1},{"not_picked":["Heel Hook+1","Outmaneuver","Flechettes+1"],"picked":"SKIP","floor":3},{"not_picked":["Endless Agony+1","Dagger Spray+1"],"picked":"Deadly Poison","floor":4},{"not_picked":["Dagger Spray+1","Escape Plan"],"picked":"Backstab+1","floor":5},{"not_picked":["Catalyst","Deflect"],"picked":"Infinite Blades","floor":7},{"not_picked":["Dodge and Roll","Masterful Stab+1"],"picked":"Infinite Blades","floor":11},{"not_picked":["Footwork","Finisher+1"],"picked":"Accuracy","floor":13},{"not_picked":["Expertise","Dodge and Roll","Riddle With Holes+1"],"picked":"SKIP","floor":14},{"not_picked":["Malaise","Die Die Die+1"],"picked":"Unload+1","floor":16},{"not_picked":["Underhanded Strike+1","Prepared"],"picked":"Accuracy","floor":18},{"not_picked":["Terror+1","Tactician"],"picked":"Bane+1","floor":21},{"not_picked":["Crippling Poison+1","Predator+1"],"picked":"Backstab+1","floor":23},{"not_picked":["Calculated Gamble+1","Infinite Blades"],"picked":"Bouncing Flask+1","floor":27},{"not_picked":["Backflip+1","Dash+1"],"picked":"Accuracy+1","floor":30},{"not_picked":["Dagger Throw+1","Well Laid Plans","Expertise+1"],"picked":"SKIP","floor":31},{"not_picked":["Glass Knife+1","After Image"],"picked":"A Thousand Cuts","floor":33},{"not_picked":["Choke+1"],"picked":"SKIP","floor":35},{"not_picked":[],"picked":"Backflip+1","floor":36},{"not_picked":["Dagger Spray+1"],"picked":"SKIP","floor":38},{"not_picked":["Eviscerate+1"],"picked":"SKIP","floor":39},{"not_picked":[],"picked":"Cloak And Dagger+1","floor":42},{"not_picked":["Bane+1"],"picked":"SKIP","floor":45},{"not_picked":["Distraction+1"],"picked":"SKIP","floor":47},{"not_picked":[],"picked":"Blade Dance+1","floor":48}],"player_experience":89331,"relics_obtained":[{"floor":9,"key":"Lantern"},{"floor":23,"key":"Blood Vial"},{"floor":26,"key":"Snake Skull"},{"floor":28,"key":"Enchiridion"},{"floor":43,"key":"Ornamental Fan"}],"event_choices":[{"damage_healed":0,"gold_gain":0,"player_choice":"Paid Gold","damage_taken":0,"relics_obtained":["Molten Egg 2"],"max_hp_gain":0,"max_hp_loss":0,"event_name":"WeMeetAgain","floor":2,"gold_loss":60},{"damage_healed":0,"gold_gain":0,"player_choice":"Simplicity","damage_taken":0,"max_hp_gain":0,"max_hp_loss":0,"event_name":"Back to Basics","floor":19,"gold_loss":0,"cards_upgraded":["Strike_G","Strike_G","Strike_G","Strike_G","Strike_G","Defend_G","Defend_G","Defend_G","Defend_G","Defend_G"]},{"damage_healed":0,"gold_gain":0,"player_choice":"Read","damage_taken":0,"max_hp_gain":0,"max_hp_loss":0,"event_name":"The Library","floor":20,"gold_loss":0,"cards_obtained":["Noxious Fumes"]},{"damage_healed":0,"gold_gain":0,"player_choice":"Shed Blood","damage_taken":21,"max_hp_gain":5,"max_hp_loss":0,"event_name":"Forgotten Altar","floor":24,"gold_loss":0},{"damage_healed":0,"gold_gain":0,"player_choice":"Obtained Book","damage_taken":16,"max_hp_gain":0,"max_hp_loss":0,"event_name":"Cursed Tome","floor":28,"gold_loss":0},{"damage_healed":0,"gold_gain":0,"player_choice":"Ignored","damage_taken":0,"max_hp_gain":0,"max_hp_loss":0,"event_name":"Transmorgrifier","floor":37,"gold_loss":0}],"is_beta":false,"boss_relics":[{"not_picked":["Ring of the Serpent","Calling Bell","Coffee Dripper"]},{"not_picked":["Snecko Eye","Black Star"],"picked":"Busted Crown"}],"items_purged_floors":[22],"is_endless":false,"potions_floor_spawned":[5,7,11,14,16,23,30,31,33,35,39,42,48],"ascension_level":0}