{"path_per_floor":["M","M","?","?","?","E","?","R","T","T","E","R","M","E","R"],"character_chosen":"THE_SILENT","items_purchased":[],"gold_per_floor":[116,136,311,386,386,411,411,411,461,485,513,513,533,565,565,565],"floor_reached":16,"campfire_rested":2,"playtime":554,"current_hp_per_floor":[63,63,63,52,52,52,52,52,52,52,32,53,53,35,56,0],"items_purged":[],"gold":565,"score":197,"play_id":"b376c661-c8e8-4e4a-9c27-d13236adb515","local_time":"20180503024910","is_prod":false,"is_daily":false,"chose_seed":false,"is_ascension_mode":true,"campfire_upgraded":1,"timestamp":1525340950,"path_taken":["M","M","?","?","?","E","?","R","T","?","E","R","?","E","R","BOSS"],"build_version":"2018-04-28v2","seed_source_timestamp":1781495424067849,"purchased_purges":0,"victory":false,"master_deck":["Defend_G","Defend_G","Defend_G","Defend_G","Defend_G","Strike_G","Strike_G","Strike_G","Strike_G+1","Survivor","Neutralize+1","Backflip","Infinite Blades+1","Tools of the Trade","Caltrops","Setup"],"max_hp_per_floor":[70,70,70,70,70,70,70,70,70,70,70,70,70,70,70,70],"relics":["Ring of the Snake","NeowsBlessing","Gremlin Horn","Pen Nib","Whetstone","Anchor","Bag of Preparation"],"card_choices":[{"not_picked":["All Out Attack","Masterful Stab"],"picked":"Backflip","floor":1},{"not_picked":["Finisher","Quick Slash"],"picked":"Infinite Blades","floor":2},{"not_picked":["Finisher","Prepared"],"picked":"Tools of the Trade","floor":6},{"not_picked":["Dash","Outmaneuver"],"picked":"Caltrops","floor":13},{"not_picked":["PiercingWail","Bouncing Flask"],"picked":"Setup","floor":14}],"player_experience":180464,"potions_floor_usage":[11,14,16],"damage_taken":[{"damage":0,"enemies":"2 Louse","floor":1,"turns":1},{"damage":0,"enemies":"Jaw Worm","floor":2,"turns":1},{"damage":0,"enemies":"3 Sentries","floor":6,"turns":2},{"damage":20,"enemies":"Gremlin Nob","floor":11,"turns":4},{"damage":0,"enemies":"Small Slimes","floor":13,"turns":4},{"damage":18,"enemies":"3 Sentries","floor":14,"turns":8},{"damage":56,"enemies":"Slime Boss","floor":16,"turns":9}],"event_choices":[{"event_name":"Liars Game","player_choice":"agreed","floor":3,"damage_taken":0},{"event_name":"World of Goop","player_choice":"Gather Gold","floor":4,"damage_taken":0},{"event_name":"Living Wall","player_choice":"Forget","floor":5,"damage_taken":0},{"event_name":"Purifier","player_choice":"One Purge","floor":7,"damage_taken":0}],"boss_relics":[],"potions_floor_spawned":[6,11,14],"seed_played":"-1765033233799433017","killed_by":"Slime Boss","ascension_level":8,"is_trial":false}