{"gold_per_floor":[111,111,127,142,152,152,182,182,205,222,247,263,263,276,276,399,399,413,433,451,470,470,470,501,501,501,526,539,539,34,34,34,162,162,175,189,189,147,480,480,480,500,500,500,518,545,557,25,25,25],"floor_reached":51,"playtime":3085,"items_purged":["A Thousand Cuts"],"score":798,"play_id":"3dc18837-9958-4030-924b-601b32fbb7fc","local_time":"20190129001125","is_ascension_mode":true,"campfire_choices":[{"data":"Bouncing Flask","floor":6,"key":"SMITH"},{"data":"Deflect","floor":8,"key":"SMITH"},{"floor":15,"key":"REST"},{"data":"Catalyst","floor":23,"key":"SMITH"},{"floor":25,"key":"REST"},{"floor":29,"key":"REST"},{"data":"Chrysalis","floor":32,"key":"SMITH"},{"data":"Crippling Poison","floor":40,"key":"SMITH"},{"data":"Well Laid Plans","floor":44,"key":"SMITH"},{"floor":47,"key":"REST"},{"data":"Crippling Poison","floor":49,"key":"SMITH"}],"neow_cost":"NONE","seed_source_timestamp":1301160383567005,"circlet_count":0,"master_deck":["Defend_G","Defend_G+1","Defend_G","Defend_G+1","Defend_G","Strike_G","Strike_G","Strike_G","Strike_G","Strike_G","Survivor","Neutralize","Dagger Throw","Backstab","Deflect+1","Bouncing Flask+1","Well Laid Plans+1","Poisoned Stab","Catalyst+1","Prepared","Injury","Crippling Poison+1","Dagger Spray","Blur+1","Acrobatics+1","Noxious Fumes+1","Neutralize","Poisoned Stab","Chrysalis+1","Underhanded Strike+1","PiercingWail","Finisher","Crippling Poison+1","Dash+1","Footwork","Crippling Poison"],"relics":["Ring of the Snake","Blood Vial","Bag of Marbles","Art of War","Blue Candle","Busted Crown","Dream Catcher","The Courier","War Paint","Vajra","Anchor","Ornamental Fan","MawBank","Toy Ornithopter","Ninja Scroll"],"potions_floor_usage":[7,11,24,24,42,50,50,50,50,50],"damage_taken":[{"damage":0,"enemies":"2 Louse","floor":1,"turns":3},{"damage":1,"enemies":"Jaw Worm","floor":3,"turns":4},{"damage":0,"enemies":"Cultist","floor":4,"turns":4},{"damage":1,"enemies":"Red Slaver","floor":5,"turns":4},{"damage":15,"enemies":"3 Sentries","floor":7,"turns":10},{"damage":2,"enemies":"Looter","floor":10,"turns":4},{"damage":11,"enemies":"Lagavulin","floor":11,"turns":4},{"damage":4,"enemies":"Blue Slaver","floor":12,"turns":3},{"damage":13,"enemies":"Lots of Slimes","floor":14,"turns":4},{"damage":11,"enemies":"Hexaghost","floor":16,"turns":7},{"damage":0,"enemies":"3 Byrds","floor":18,"turns":4},{"damage":7,"enemies":"Chosen","floor":19,"turns":4},{"damage":17,"enemies":"Snake Plant","floor":20,"turns":5},{"damage":6,"enemies":"Chosen and Byrds","floor":21,"turns":4},{"damage":39,"enemies":"Slavers","floor":24,"turns":5},{"damage":10,"enemies":"Snecko","floor":27,"turns":4},{"damage":4,"enemies":"Cultist and Chosen","floor":28,"turns":6},{"damage":55,"enemies":"Collector","floor":33,"turns":9},{"damage":0,"enemies":"Orb Walker","floor":35,"turns":3},{"damage":26,"enemies":"3 Darklings","floor":36,"turns":5},{"damage":8,"enemies":"Spire Growth","floor":42,"turns":3},{"damage":0,"enemies":"Sphere and 2 Shapes","floor":45,"turns":4},{"damage":45,"enemies":"Donu and Deca","floor":50,"turns":10}],"seed_played":"-3196248515220156217","potions_obtained":[{"floor":3,"key":"Block Potion"},{"floor":5,"key":"Energy Potion"},{"floor":7,"key":"Block Potion"},{"floor":10,"key":"FearPotion"},{"floor":14,"key":"Swift Potion"},{"floor":19,"key":"Regen Potion"},{"floor":20,"key":"GhostInAJar"},{"floor":24,"key":"SteroidPotion"},{"floor":35,"key":"PowerPotion"},{"floor":45,"key":"EntropicBrew"}],"is_trial":false,"path_per_floor":["M","?","M","M","M","R","E","R","T","M","E","M","?","M","R","B",null,"M","M","M","M","?","R","E","R","T","M","M","R","$","?","R","B",null,"M","M","?","$","?","R","?","M","T","R","M","T","R","$","R","B",null],"character_chosen":"THE_SILENT","items_purchased":["War Paint","Vajra","Chrysalis","Anchor","PiercingWail","Footwork","Toy Ornithopter","Crippling Poison","Ninja Scroll"],"campfire_rested":4,"item_purchase_floors":[30,30,30,30,38,48,48,48,48],"current_hp_per_floor":[77,65,66,68,69,69,56,56,56,56,47,45,45,34,57,48,77,77,70,55,51,51,51,28,51,51,43,41,64,64,64,64,11,77,77,51,51,51,51,51,51,45,45,45,47,47,70,70,70,52],"gold":25,"neow_bonus":"TEN_PERCENT_HP_BONUS","is_prod":false,"is_daily":false,"chose_seed":false,"campfire_upgraded":7,"win_rate":0,"timestamp":1548713485,"path_taken":["M","?","M","M","M","R","E","R","T","M","E","M","?","M","R","BOSS","M","M","M","M","?","R","E","R","T","M","M","R","$","?","R","BOSS","M","M","?","$","?","R","?","M","T","R","?","?","R","$","R","BOSS"],"build_version":"2019-01-23","purchased_purges":1,"victory":true,"max_hp_per_floor":[77,77,77,77,77,77,77,77,77,77,77,77,77,77,77,77,77,77,77,77,77,77,77,77,77,77,77,77,77,77,77,77,77,77,77,77,77,77,77,77,77,77,77,77,77,77,77,77,77,77],"card_choices":[{"not_picked":["Sucker Punch","Underhanded Strike"],"picked":"Dagger Throw","floor":1},{"not_picked":["Caltrops","Expertise"],"picked":"Backstab","floor":3},{"not_picked":["Slice","Backflip"],"picked":"Deflect","floor":4},{"not_picked":["Flying Knee","Slice"],"picked":"Bouncing Flask","floor":5},{"not_picked":["Eviscerate","Adrenaline"],"picked":"Well Laid Plans","floor":7},{"not_picked":["Infinite Blades","Concentrate"],"picked":"Poisoned Stab","floor":10},{"not_picked":["Deflect","Quick Slash"],"picked":"Catalyst","floor":11},{"not_picked":["Dagger Spray","Dodge and Roll"],"picked":"Prepared","floor":12},{"not_picked":["Prepared","Dagger Throw"],"picked":"Crippling Poison","floor":14},{"not_picked":["Doppelganger","Phantasmal Killer"],"picked":"After Image","floor":16},{"not_picked":[],"picked":"Dagger Spray","floor":18},{"not_picked":[],"picked":"Blur+1","floor":19},{"not_picked":[],"picked":"Acrobatics+1","floor":20},{"not_picked":[],"picked":"Noxious Fumes","floor":21},{"not_picked":["Skewer"],"picked":"SKIP","floor":24},{"not_picked":["Dagger Throw"],"picked":"SKIP","floor":27},{"not_picked":[],"picked":"Poisoned Stab","floor":28},{"not_picked":[],"picked":"Underhanded Strike+1","floor":35},{"not_picked":["Masterful Stab"],"picked":"SKIP","floor":36},{"not_picked":[],"picked":"Finisher","floor":42},{"not_picked":[],"picked":"Crippling Poison","floor":45},{"not_picked":[],"picked":"Dash+1","floor":47}],"player_experience":180942,"relics_obtained":[{"floor":7,"key":"Bag of Marbles"},{"floor":9,"key":"Art of War"},{"floor":11,"key":"Blue Candle"},{"floor":24,"key":"Dream Catcher"},{"floor":26,"key":"The Courier"},{"floor":43,"key":"Ornamental Fan"},{"floor":46,"key":"MawBank"}],"event_choices":[{"damage_healed":0,"gold_gain":0,"player_choice":"Success","damage_taken":12,"relics_obtained":["Blood Vial"],"max_hp_gain":0,"max_hp_loss":0,"event_name":"Scrap Ooze","floor":2,"gold_loss":0},{"damage_healed":0,"gold_gain":0,"player_choice":"Take Wound","damage_taken":0,"relics_obtained":["Golden Idol"],"max_hp_gain":0,"max_hp_loss":0,"event_name":"Golden Idol","floor":13,"gold_loss":0,"cards_obtained":["Injury"]},{"damage_healed":0,"gold_gain":0,"player_choice":"2 cards matched","damage_taken":0,"max_hp_gain":0,"max_hp_loss":0,"event_name":"Match and Keep!","floor":22,"gold_loss":0,"cards_obtained":["Neutralize","A Thousand Cuts"]},{"damage_healed":0,"gold_gain":0,"player_choice":"Leave","damage_taken":0,"max_hp_gain":0,"max_hp_loss":0,"event_name":"FaceTrader","floor":31,"gold_loss":0},{"cards_removed":["After Image"],"damage_healed":0,"gold_gain":0,"player_choice":"Removed Power","damage_taken":0,"max_hp_gain":0,"max_hp_loss":0,"event_name":"Falling","floor":37,"gold_loss":0},{"damage_healed":0,"gold_gain":333,"player_choice":"Gave Idol","damage_taken":0,"max_hp_gain":0,"max_hp_loss":0,"event_name":"The Moai Head","floor":39,"relics_lost":["Golden Idol"],"gold_loss":0},{"damage_healed":0,"gold_gain":0,"player_choice":"Upgraded","damage_taken":0,"max_hp_gain":0,"max_hp_loss":0,"event_name":"Upgrade Shrine","floor":41,"gold_loss":0,"cards_upgraded":["Noxious Fumes"]}],"is_beta":false,"boss_relics":[{"not_picked":["Runic Pyramid","WristBlade"],"picked":"Busted Crown"},{"not_picked":["Snecko Eye","Cursed Key","Fusion Hammer"]}],"items_purged_floors":[48],"is_endless":false,"potions_floor_spawned":[3,5,7,10,14,19,20,21,24,35,45],"ascension_level":3}