{"gold_per_floor":[115,127,127,144,144,144,172,183,183,183],"floor_reached":10,"playtime":572,"items_purged":[],"score":120,"play_id":"7fe58495-d81c-4d2e-ad5a-e294af291ae7","local_time":"20190123162119","is_ascension_mode":true,"campfire_choices":[{"data":"Survivor","floor":6,"key":"SMITH"}],"neow_cost":"NONE","seed_source_timestamp":493141061151200,"circlet_count":0,"master_deck":["Defend_G","Defend_G","Defend_G","Defend_G+1","Defend_G","Strike_G","Strike_G","Strike_G","Strike_G","Strike_G","Survivor+1","Neutralize+1","Doppelganger+1","Tactician","Accuracy","Blade Dance","Calculated Gamble","Acrobatics"],"relics":["Ring of the Snake","Pear","Dodecahedron"],"potions_floor_usage":[7,8],"damage_taken":[{"damage":0,"enemies":"Cultist","floor":1,"turns":4},{"damage":0,"enemies":"Small Slimes","floor":2,"turns":5},{"damage":3,"enemies":"Jaw Worm","floor":4,"turns":6},{"damage":39,"enemies":"3 Sentries","floor":7,"turns":13},{"damage":5,"enemies":"Looter","floor":8,"turns":5},{"damage":17,"enemies":"Gremlin Gang","floor":10,"turns":3}],"seed_played":"-2916581939643297671","potions_obtained":[{"floor":2,"key":"PowerPotion"},{"floor":8,"key":"Fruit Juice"}],"is_trial":false,"path_per_floor":["M","M","?","M","?","R","E","M","T","M"],"character_chosen":"THE_SILENT","items_purchased":[],"campfire_rested":0,"item_purchase_floors":[],"current_hp_per_floor":[63,63,63,60,46,46,17,17,17,0],"gold":183,"neow_bonus":"ONE_RANDOM_RARE_CARD","is_prod":false,"is_daily":false,"chose_seed":false,"campfire_upgraded":1,"win_rate":0,"timestamp":1548278479,"path_taken":["M","?","?","M","?","R","E","M","T","M"],"build_version":"2019-01-23","purchased_purges":0,"victory":false,"max_hp_per_floor":[70,70,70,70,70,70,80,85,85,85],"card_choices":[{"not_picked":["Outmaneuver","Slice"],"picked":"Tactician","floor":1},{"not_picked":["Riddle With Holes","PiercingWail"],"picked":"Accuracy","floor":2},{"not_picked":["PiercingWail","Sucker Punch"],"picked":"Blade Dance","floor":4},{"not_picked":["Riddle With Holes","Doppelganger"],"picked":"Calculated Gamble","floor":7},{"not_picked":["Slice","Noxious Fumes"],"picked":"Acrobatics","floor":8}],"player_experience":185691,"relics_obtained":[{"floor":7,"key":"Pear"},{"floor":9,"key":"Dodecahedron"}],"event_choices":[{"damage_healed":0,"gold_gain":0,"player_choice":"Grow","damage_taken":0,"max_hp_gain":0,"max_hp_loss":0,"event_name":"Living Wall","floor":3,"gold_loss":0,"cards_upgraded":["Doppelganger"]},{"damage_healed":0,"gold_gain":0,"player_choice":"Entered Light","damage_taken":14,"max_hp_gain":0,"max_hp_loss":0,"event_name":"Shining Light","floor":5,"gold_loss":0,"cards_upgraded":["Defend_G","Neutralize"]}],"is_beta":false,"boss_relics":[],"items_purged_floors":[],"is_endless":false,"potions_floor_spawned":[2,8],"killed_by":"Gremlin Gang","ascension_level":8}