{"gold_per_floor":[115,115,265,315,52,52,83,83,164,176,189,189,189,222,222,295,295,306,2,20,20,31,31,60,60,85,85],"floor_reached":27,"playtime":523,"items_purged":["Strike_B"],"score":574,"play_id":"19ad994c-cadf-4167-acec-7e813c9a9a78","local_time":"20190923170129","is_ascension_mode":true,"campfire_choices":[{"data":"Zap","floor":6,"key":"SMITH"},{"data":"Dualcast","floor":8,"key":"SMITH"},{"data":"BootSequence","floor":13,"key":"SMITH"},{"data":"Defragment","floor":15,"key":"SMITH"},{"floor":23,"key":"REST"}],"neow_cost":"NONE","seed_source_timestamp":89488730995976,"circlet_count":0,"master_deck":["AscendersBane","Strike_B","Strike_B","Defend_B","Defend_B","Defend_B","Defend_B","Zap+1","Dualcast+1","BootSequence+1","Barrage+1","Cold Snap+1","Beam Cell+1","Defragment+1","Amplify+1","Sunder+1","Skim+1","Coolheaded+1","Turbo+1","Turbo+1"],"special_seed":0,"relics":["Cracked Core","NeowsBlessing","Molten Egg 2","InkBottle","Toxic Egg 2","Centennial Puzzle","Empty Cage","Membership Card","DataDisk","CloakClasp"],"potions_floor_usage":[14,18],"damage_taken":[{"damage":0.0,"enemies":"Small Slimes","floor":1.0,"turns":1.0},{"damage":0,"enemies":"3 Sentries","floor":7,"turns":1},{"damage":0,"enemies":"Cultist","floor":10,"turns":1},{"damage":3,"enemies":"2 Louse","floor":11,"turns":2},{"damage":0,"enemies":"Gremlin Nob","floor":14,"turns":2},{"damage":44,"enemies":"Hexaghost","floor":16,"turns":9},{"damage":6,"enemies":"3 Byrds","floor":18,"turns":3},{"damage":23,"enemies":"Chosen","floor":20,"turns":5},{"damage":9,"enemies":"Snake Plant","floor":22,"turns":3},{"damage":40,"enemies":"Gremlin Leader","floor":24,"turns":9},{"damage":0,"enemies":"Centurion and Healer","floor":27,"turns":2}],"seed_played":"-6347297104930441922","potions_obtained":[{"floor":10,"key":"AttackPotion"},{"floor":11,"key":"Ancient Potion"},{"floor":14,"key":"Explosive Potion"},{"floor":20,"key":"Strength Potion"}],"is_trial":false,"path_per_floor":["M","?","?","?","$","R","E","R","T","M","M","?","R","E","R","B",null,"M","$","M","?","M","R","E","?","T","M"],"character_chosen":"DEFECT","items_purchased":["Molten Egg 2","Membership Card","DataDisk","Skim+1"],"campfire_rested":1,"item_purchase_floors":[5,19,19,19],"current_hp_per_floor":[64,64,64,57,57,57,57,57,57,57,54,59,59,59,59,15,61,55,55,32,32,23,45,5,5,5,5],"gold":85,"neow_bonus":"THREE_ENEMY_KILL","is_prod":false,"is_daily":false,"chose_seed":false,"campfire_upgraded":4,"win_rate":0,"timestamp":1569229289,"path_taken":["M","?","?","?","$","R","E","R","T","?","M","?","R","E","R","BOSS","M","$","M","?","M","R","E","?","T","M"],"build_version":"2019-09-20","purchased_purges":1,"victory":false,"max_hp_per_floor":[71,71,71,71,71,71,71,71,71,71,71,76,76,76,76,76,76,76,76,76,76,76,76,76,76,76,76],"card_choices":[{"not_picked":["Compile Driver","Stack"],"picked":"BootSequence","floor":1.0},{"not_picked":["Redo","Coolheaded"],"picked":"Barrage+1","floor":7},{"not_picked":["Gash+1","Consume+1"],"picked":"Cold Snap+1","floor":10},{"not_picked":["Force Field+1","Rebound+1"],"picked":"Beam Cell+1","floor":11},{"not_picked":["Double Energy+1","Stack+1"],"picked":"Defragment","floor":14},{"not_picked":["Rainbow+1","Machine Learning"],"picked":"Amplify+1","floor":16},{"not_picked":["Glacier+1","Leap+1"],"picked":"Sunder+1","floor":18},{"not_picked":["Compile Driver+1","Rebound+1"],"picked":"Coolheaded+1","floor":20},{"not_picked":["Barrage+1","FTL+1","Hello World"],"picked":"SKIP","floor":22},{"not_picked":["Tempest+1","Ball Lightning+1"],"picked":"Turbo+1","floor":24}],"player_experience":945618,"relics_obtained":[{"floor":7,"key":"InkBottle"},{"floor":9,"key":"Toxic Egg 2"},{"floor":14,"key":"Centennial Puzzle"},{"floor":24,"key":"CloakClasp"}],"event_choices":[{"damage_healed":0.0,"max_hp_gain":0.0,"max_hp_loss":0.0,"gold_gain":0.0,"event_name":"The Cleric","player_choice":"Leave","floor":2.0,"gold_loss":0.0,"damage_taken":0.0},{"damage_healed":0.0,"max_hp_gain":0.0,"max_hp_loss":0.0,"gold_gain":150.0,"event_name":"Liars Game","player_choice":"AGREE","floor":3.0,"gold_loss":0.0,"damage_taken":0.0,"cards_obtained":["Doubt"]},{"damage_healed":0,"gold_gain":50,"player_choice":"Touch","damage_taken":7,"max_hp_gain":0,"max_hp_loss":0,"event_name":"FaceTrader","floor":4,"gold_loss":0},{"damage_healed":0,"gold_gain":0,"player_choice":"Donut","damage_taken":0,"max_hp_gain":5,"max_hp_loss":0,"event_name":"Big Fish","floor":12,"gold_loss":0},{"damage_healed":0,"gold_gain":0,"player_choice":"Read","damage_taken":0,"max_hp_gain":0,"max_hp_loss":0,"event_name":"The Library","floor":21,"gold_loss":0,"cards_obtained":["Turbo"]}],"is_beta":true,"boss_relics":[{"not_picked":["Ectoplasm","Busted Crown"],"picked":"Empty Cage"}],"items_purged_floors":[19],"is_endless":false,"potions_floor_spawned":[10,11,14,20,22],"killed_by":"Centurion and Healer","ascension_level":20}