{"gold_per_floor":[113,132,307,307,3,3,33,33,33,51,67,84,110,124,124,124],"floor_reached":16,"playtime":1341,"items_purged":["Regret"],"score":102,"play_id":"9da08591-33f8-415f-90e1-24926c893c51","local_time":"20191018104244","is_ascension_mode":false,"campfire_choices":[{"data":"Outmaneuver","floor":6,"key":"SMITH"},{"data":"Bouncing Flask","floor":8,"key":"SMITH"},{"data":"Choke","floor":15,"key":"SMITH"}],"neow_cost":"NONE","seed_source_timestamp":350680803908100,"circlet_count":0,"master_deck":["Strike_G","Strike_G","Strike_G","Strike_G","Strike_G","Defend_G","Defend_G","Defend_G","Defend_G","Defend_G","Survivor","Neutralize","Burst","Outmaneuver+1","Prepared","Doubt","Well Laid Plans","Bouncing Flask+1","PiercingWail","Backflip","Prepared","Choke+1"],"relics":["Ring of the Snake","Tough Bandages","PreservedInsect","Lantern","Meat on the Bone","Odd Mushroom"],"potions_floor_usage":[13,16],"damage_taken":[{"damage":0,"enemies":"2 Louse","floor":1,"turns":4},{"damage":1,"enemies":"Jaw Worm","floor":2,"turns":4},{"damage":51,"enemies":"Lagavulin","floor":7,"turns":12},{"damage":1,"enemies":"Small Slimes","floor":10,"turns":3},{"damage":7,"enemies":"Blue Slaver","floor":11,"turns":4},{"damage":5,"enemies":"Exordium Wildlife","floor":12,"turns":7},{"damage":15,"enemies":"The Mushroom Lair","floor":13,"turns":6},{"damage":2,"enemies":"Red Slaver","floor":14,"turns":5},{"damage":36,"enemies":"Slime Boss","floor":16,"turns":8}],"seed_played":"-517021004163612966","potions_obtained":[{"floor":7,"key":"GamblersBrew"},{"floor":10,"key":"Weak Potion"},{"floor":11,"key":"SpeedPotion"},{"floor":12,"key":"DuplicationPotion"}],"is_trial":false,"path_per_floor":["M","M","?","?","$","R","E","R","T","M","M","M","?","M","R","B"],"character_chosen":"THE_SILENT","items_purchased":["PreservedInsect","Well Laid Plans"],"campfire_rested":0,"item_purchase_floors":[5,5],"current_hp_per_floor":[70,69,69,69,69,69,18,18,18,29,34,41,38,36,36,0],"gold":124,"neow_bonus":"ONE_RANDOM_RARE_CARD","is_prod":false,"is_daily":false,"chose_seed":false,"campfire_upgraded":3,"win_rate":0.0,"timestamp":1571409764,"path_taken":["M","M","?","?","$","R","E","R","T","M","M","?","?","M","R","BOSS"],"build_version":"2019-10-17","purchased_purges":1,"victory":false,"max_hp_per_floor":[70,70,70,70,70,70,70,70,70,70,70,70,70,70,70,70],"card_choices":[{"not_picked":["Flechettes","PiercingWail"],"picked":"Outmaneuver","floor":1},{"not_picked":["Poisoned Stab","Expertise"],"picked":"Prepared","floor":2},{"not_picked":["Deadly Poison","Outmaneuver"],"picked":"Bouncing Flask","floor":7},{"not_picked":["Deflect","Flying Knee","Masterful Stab"],"picked":"SKIP","floor":10},{"not_picked":["Deflect","Distraction"],"picked":"PiercingWail","floor":11},{"not_picked":["Predator","Dodge and Roll"],"picked":"Backflip","floor":12},{"not_picked":["Blur","Finisher"],"picked":"Prepared","floor":13},{"not_picked":["Underhanded Strike","Poisoned Stab"],"picked":"Choke","floor":14}],"player_experience":6330,"relics_obtained":[{"floor":7,"key":"Lantern"},{"floor":9,"key":"Meat on the Bone"},{"floor":13,"key":"Odd Mushroom"}],"event_choices":[{"damage_healed":0,"gold_gain":175,"player_choice":"AGREE","damage_taken":0,"max_hp_gain":0,"max_hp_loss":0,"event_name":"Liars Game","floor":3,"gold_loss":0,"cards_obtained":["Doubt"]},{"damage_healed":0,"gold_gain":0,"player_choice":"Box","damage_taken":0,"relics_obtained":["Tough Bandages"],"max_hp_gain":0,"max_hp_loss":0,"event_name":"Big Fish","floor":4,"gold_loss":0,"cards_obtained":["Regret"]},{"damage_healed":0,"gold_gain":0,"player_choice":"Fought Mushrooms","damage_taken":0,"max_hp_gain":0,"max_hp_loss":0,"event_name":"Mushrooms","floor":13,"gold_loss":0}],"is_beta":true,"boss_relics":[],"items_purged_floors":[5],"is_endless":false,"potions_floor_spawned":[7,10,11,12],"killed_by":"Slime Boss","ascension_level":0}