{"gold_per_floor":[109,119,130,94,94,121,121,154,178,192,192,206,206,225,225,323,323,342,352,167,182,182,182,182],"floor_reached":24,"playtime":1232,"items_purged":["Strike_B"],"score":291,"play_id":"466a16ef-4e38-431b-8a87-31123fa1aa4e","local_time":"20191012225613","is_ascension_mode":true,"campfire_choices":[{"data":"Defragment","floor":7,"key":"SMITH"},{"data":"Chaos","floor":11,"key":"SMITH"},{"floor":13,"key":"REST"},{"data":"Conserve Battery","floor":15,"key":"SMITH"},{"floor":23,"key":"REST"}],"neow_cost":"NONE","seed_source_timestamp":99980402674700,"circlet_count":0,"master_deck":["Strike_B+1","Strike_B","Strike_B+1","Defend_B","Defend_B","Defend_B","Defend_B","Zap","Dualcast","Chaos+1","Leap","Defragment+1","Chill","BootSequence","Heatsinks","Double Energy","Conserve Battery+1","Echo Form","Sweeping Beam","BootSequence+1","Force Field","Defragment","White Noise","Decay"],"relics":["Cracked Core","Centennial Puzzle","Whetstone","Art of War","Inserter"],"potions_floor_usage":[8,16,21],"damage_taken":[{"damage":4,"enemies":"2 Louse","floor":1,"turns":3},{"damage":0,"enemies":"Cultist","floor":2,"turns":4},{"damage":4,"enemies":"Small Slimes","floor":3,"turns":3},{"damage":52,"enemies":"3 Sentries","floor":6,"turns":12},{"damage":1,"enemies":"Lagavulin","floor":8,"turns":7},{"damage":6,"enemies":"3 Louse","floor":10,"turns":4},{"damage":8,"enemies":"Blue Slaver","floor":12,"turns":3},{"damage":1,"enemies":"Exordium Wildlife","floor":14,"turns":3},{"damage":29,"enemies":"Hexaghost","floor":16,"turns":10},{"damage":37,"enemies":"Shell Parasite","floor":18,"turns":10},{"damage":13,"enemies":"Spheric Guardian","floor":19,"turns":6},{"damage":8,"enemies":"Snake Plant","floor":21,"turns":4},{"damage":46,"enemies":"Gremlin Leader","floor":24,"turns":8}],"seed_played":"2732867889089884683","potions_obtained":[{"floor":6,"key":"SkillPotion"},{"floor":10,"key":"Fire Potion"},{"floor":14,"key":"Fire Potion"},{"floor":19,"key":"PowerPotion"}],"is_trial":false,"path_per_floor":["M","M","M","$","?","E","R","E","T","M","R","M","R","M","R","B",null,"M","M","$","M","?","R","E"],"character_chosen":"DEFECT","items_purchased":["Defragment","Force Field","Defragment"],"campfire_rested":2,"item_purchase_floors":[4,20,20],"current_hp_per_floor":[71,71,67,67,82,30,30,29,29,23,23,15,39,38,38,9,64,27,14,14,6,6,30,0],"gold":182,"neow_bonus":"TEN_PERCENT_HP_BONUS","is_prod":false,"is_daily":false,"chose_seed":false,"campfire_upgraded":3,"win_rate":0,"timestamp":1570913773,"path_taken":["M","M","M","$","?","E","R","E","T","M","R","M","R","M","R","BOSS","M","M","$","M","?","R","E"],"build_version":"2019-07-17","purchased_purges":1,"victory":false,"max_hp_per_floor":[82,82,82,82,82,82,82,82,82,82,82,82,82,82,82,82,82,82,82,82,82,82,82,82],"card_choices":[{"not_picked":["Redo","Barrage"],"picked":"Chaos","floor":1},{"not_picked":["Barrage","Stack"],"picked":"Leap","floor":2},{"not_picked":["Consume","Darkness"],"picked":"Heatsinks","floor":3},{"not_picked":["Compile Driver","Recycle"],"picked":"Chill","floor":6},{"not_picked":["Steam","Consume"],"picked":"BootSequence","floor":8},{"not_picked":["Redo","Compile Driver"],"picked":"Heatsinks","floor":10},{"not_picked":["Go for the Eyes","Genetic Algorithm"],"picked":"Double Energy","floor":12},{"not_picked":["Stack","Steam"],"picked":"Conserve Battery","floor":14},{"not_picked":["Amplify","Thunder Strike"],"picked":"Echo Form","floor":16},{"not_picked":["Beam Cell","Genetic Algorithm"],"picked":"Sweeping Beam","floor":18},{"not_picked":["Fusion","Lockon"],"picked":"BootSequence+1","floor":19},{"not_picked":["Sweeping Beam","Conserve Battery"],"picked":"White Noise","floor":21}],"player_experience":395687,"relics_obtained":[{"floor":6,"key":"Centennial Puzzle"},{"floor":8,"key":"Whetstone"},{"floor":9,"key":"Art of War"}],"event_choices":[{"cards_removed":["Heatsinks"],"damage_healed":15,"gold_gain":0,"player_choice":"Offered Uncommon","damage_taken":0,"max_hp_gain":0,"max_hp_loss":0,"event_name":"Bonfire Elementals","floor":5,"gold_loss":0},{"damage_healed":0,"gold_gain":0,"player_choice":"Smashed Altar","damage_taken":0,"max_hp_gain":0,"max_hp_loss":0,"event_name":"Forgotten Altar","floor":22,"gold_loss":0,"cards_obtained":["Decay"]}],"is_beta":false,"boss_relics":[{"not_picked":["FrozenCore","Ectoplasm"],"picked":"Inserter"}],"items_purged_floors":[20],"is_endless":false,"potions_floor_spawned":[6,10,14,19],"killed_by":"Gremlin Leader","ascension_level":8}