{"gold_per_floor":[117,133,144,162,162,162,192,207,230,119,119,154,154,171,171,273,273,283,297,314,413,328,356,370,370,393,422,422,440,11,27,27,130,130,141,141,154,173,190,190,190],"floor_reached":41,"playtime":3095,"items_purged":["Injury"],"score":591,"play_id":"8cdbb2cb-3d57-4f7f-a787-732fac216eac","local_time":"20190129224628","is_ascension_mode":true,"campfire_choices":[{"floor":6,"key":"REST"},{"floor":13,"key":"REST"},{"data":"Bouncing Flask","floor":15,"key":"SMITH"},{"floor":25,"key":"REST"},{"data":"Malaise","floor":28,"key":"SMITH"},{"floor":32,"key":"REST"},{"floor":40,"key":"REST"}],"neow_cost":"NONE","seed_source_timestamp":1382469256580281,"circlet_count":0,"master_deck":["Defend_G","Defend_G","Defend_G","Defend_G","Defend_G","Strike_G","Strike_G","Strike_G","Strike_G","Strike_G","Survivor","Neutralize","Flying Knee","Sucker Punch","Dagger Spray","Sucker Punch","Heel Hook","Bouncing Flask+1","Leg Sweep","Escape Plan","Poisoned Stab","Blur","Footwork","Corpse Explosion","Quick Slash+1","Catalyst+1","Crippling Poison","Distraction","Well Laid Plans+1","Poisoned Stab","Malaise+1","Leg Sweep","Night Terror","Backflip+1","Calculated Gamble+1","Envenom","Blade Dance+1","Riddle With Holes","Bane","Poisoned Stab","PiercingWail+1"],"relics":["Ring of the Snake","Dream Catcher","Regal Pillow","Ancient Tea Set","Bronze Scales","Cursed Key","Ice Cream","Bottled Tornado","Pen Nib","Strawberry","MealTicket","Black Star"],"potions_floor_usage":[4,7,39,39,41,41],"damage_taken":[{"damage":1,"enemies":"Small Slimes","floor":1,"turns":3},{"damage":1,"enemies":"2 Louse","floor":2,"turns":3},{"damage":0,"enemies":"Jaw Worm","floor":3,"turns":4},{"damage":25,"enemies":"Large Slime","floor":4,"turns":6},{"damage":2,"enemies":"3 Sentries","floor":7,"turns":2},{"damage":0,"enemies":"Red Slaver","floor":8,"turns":4},{"damage":6,"enemies":"Gremlin Nob","floor":12,"turns":4},{"damage":0,"enemies":"Blue Slaver","floor":14,"turns":2},{"damage":17,"enemies":"The Guardian","floor":16,"turns":9},{"damage":0,"enemies":"3 Byrds","floor":18,"turns":3},{"damage":6,"enemies":"Shell Parasite","floor":19,"turns":5},{"damage":7,"enemies":"Shelled Parasite and Fungi","floor":20,"turns":5},{"damage":38,"enemies":"Slavers","floor":23,"turns":5},{"damage":2,"enemies":"Centurion and Healer","floor":24,"turns":6},{"damage":17,"enemies":"Book of Stabbing","floor":27,"turns":5},{"damage":6,"enemies":"Cultist and Chosen","floor":29,"turns":3},{"damage":0,"enemies":"3 Cultists","floor":31,"turns":3},{"damage":8,"enemies":"Collector","floor":33,"turns":4},{"damage":11,"enemies":"Orb Walker","floor":35,"turns":4},{"damage":9,"enemies":"3 Darklings","floor":37,"turns":2},{"damage":9,"enemies":"4 Shapes","floor":38,"turns":5},{"damage":44,"enemies":"Sphere and 2 Shapes","floor":39,"turns":8},{"damage":56,"enemies":"Reptomancer","floor":41,"turns":6}],"seed_played":"-6418315098747072991","potions_obtained":[{"floor":3,"key":"Explosive Potion"},{"floor":4,"key":"SkillPotion"},{"floor":8,"key":"FearPotion"},{"floor":18,"key":"Strength Potion"},{"floor":23,"key":"GamblersBrew"},{"floor":29,"key":"PowerPotion"},{"floor":37,"key":"Explosive Potion"},{"floor":39,"key":"SpeedPotion"}],"is_trial":false,"path_per_floor":["M","M","M","M","?","R","E","M","T","$","?","E","R","M","R","B",null,"M","M","M","?","?","E","M","R","T","E","R","M","$","M","R","B",null,"M","?","M","M","M","R","E"],"character_chosen":"THE_SILENT","items_purchased":["Leg Sweep","Escape Plan","Night Terror","MealTicket"],"campfire_rested":5,"item_purchase_floors":[10,10,30,30],"current_hp_per_floor":[76,75,75,50,50,73,71,71,71,71,38,32,70,70,70,53,77,77,71,64,64,64,26,24,62,62,52,52,46,46,46,84,76,84,73,73,64,55,11,51,0],"gold":190,"neow_bonus":"TEN_PERCENT_HP_BONUS","is_prod":false,"is_daily":false,"chose_seed":false,"campfire_upgraded":2,"win_rate":0,"timestamp":1548794788,"path_taken":["M","M","M","M","?","R","E","M","T","$","?","E","R","M","R","BOSS","M","M","M","?","?","E","M","R","T","E","R","M","$","M","R","BOSS","M","?","M","M","M","R","E"],"build_version":"2019-01-23","purchased_purges":1,"victory":false,"max_hp_per_floor":[77,77,77,77,77,77,77,77,77,77,77,77,77,77,77,77,77,77,77,77,77,77,77,77,77,77,84,84,84,84,84,84,84,84,84,84,84,84,84,84,84],"card_choices":[{"not_picked":["Deflect","Backflip"],"picked":"Flying Knee","floor":1},{"not_picked":["Flechettes","Underhanded Strike"],"picked":"Sucker Punch","floor":2},{"not_picked":["Flechettes","Dagger Throw"],"picked":"Dagger Spray","floor":3},{"not_picked":["Skewer","Reflex"],"picked":"Sucker Punch","floor":4},{"not_picked":["Dagger Throw","Outmaneuver"],"picked":"Heel Hook","floor":7},{"not_picked":["Acrobatics","Dodge and Roll"],"picked":"Bouncing Flask","floor":8},{"not_picked":["Bouncing Flask","Leg Sweep"],"picked":"Poisoned Stab","floor":12},{"not_picked":["Die Die Die","Dagger Throw"],"picked":"Blur","floor":13},{"not_picked":["Sucker Punch","Acrobatics"],"picked":"Footwork","floor":14},{"not_picked":["Bullet Time","Glass Knife"],"picked":"Corpse Explosion","floor":16},{"not_picked":["Footwork","Expertise"],"picked":"Quick Slash+1","floor":18},{"not_picked":["PiercingWail","Backflip"],"picked":"Catalyst+1","floor":19},{"not_picked":["Eviscerate","Distraction"],"picked":"Crippling Poison","floor":20},{"not_picked":["All Out Attack","Sucker Punch"],"picked":"Distraction","floor":23},{"not_picked":["Slice","Backflip"],"picked":"Well Laid Plans+1","floor":24},{"not_picked":["Slice","Backflip+1"],"picked":"Poisoned Stab","floor":25},{"not_picked":["Well Laid Plans","Sucker Punch+1"],"picked":"Malaise","floor":27},{"not_picked":["Concentrate+1","Quick Slash"],"picked":"Leg Sweep","floor":29},{"not_picked":["Well Laid Plans","Die Die Die"],"picked":"Backflip+1","floor":31},{"not_picked":["Acrobatics","Quick Slash"],"picked":"Calculated Gamble+1","floor":32},{"not_picked":["Glass Knife","Tools of the Trade"],"picked":"Envenom","floor":33},{"not_picked":["Infinite Blades+1","Expertise+1"],"picked":"Blade Dance+1","floor":35},{"not_picked":["Dagger Throw","Acrobatics"],"picked":"Riddle With Holes","floor":37},{"not_picked":["Acrobatics+1","Tactician+1"],"picked":"Bane","floor":38},{"not_picked":["Flechettes+1","Accuracy"],"picked":"Poisoned Stab","floor":39},{"not_picked":["Deadly Poison+1","Corpse Explosion"],"picked":"PiercingWail+1","floor":40}],"player_experience":184027,"relics_obtained":[{"floor":7,"key":"Dream Catcher"},{"floor":9,"key":"Regal Pillow"},{"floor":12,"key":"Bronze Scales"},{"floor":23,"key":"Bottled Tornado"},{"floor":26,"key":"Pen Nib"},{"floor":27,"key":"Strawberry"}],"event_choices":[{"damage_healed":0,"gold_gain":0,"player_choice":"Ignored","damage_taken":0,"max_hp_gain":0,"max_hp_loss":0,"event_name":"Golden Wing","floor":5,"gold_loss":0},{"damage_healed":0,"gold_gain":0,"player_choice":"Success","damage_taken":33,"relics_obtained":["Ancient Tea Set"],"max_hp_gain":0,"max_hp_loss":0,"event_name":"Scrap Ooze","floor":11,"gold_loss":0},{"damage_healed":0,"gold_gain":99,"player_choice":"Stole From Cult","damage_taken":0,"max_hp_gain":0,"max_hp_loss":0,"event_name":"Nest","floor":21,"gold_loss":0},{"damage_healed":0,"gold_gain":0,"player_choice":"Obtained Relic","damage_taken":0,"relics_obtained":["Ice Cream"],"max_hp_gain":0,"max_hp_loss":0,"event_name":"Addict","floor":22,"gold_loss":85},{"damage_healed":0,"gold_gain":0,"player_choice":"Leave","damage_taken":0,"max_hp_gain":0,"max_hp_loss":0,"event_name":"FaceTrader","floor":36,"gold_loss":0}],"is_beta":false,"boss_relics":[{"not_picked":["Orrery","Pandora\u0027s Box"],"picked":"Cursed Key"},{"not_picked":["White Beast Statue","Velvet Choker"],"picked":"Black Star"}],"items_purged_floors":[30],"is_endless":false,"potions_floor_spawned":[3,4,8,18,23,29,31,37,39],"killed_by":"Reptomancer","ascension_level":4}