{"gold_per_floor":[117,217,235,235,29,29,104,120,120,132,143,155,173,187,187,288,288,228,243,243,42,42],"floor_reached":22,"playtime":1802,"items_purged":[],"score":178,"play_id":"a4d0cfd7-63c3-42ad-ade2-02c974f27fc2","local_time":"20181122231057","is_ascension_mode":false,"campfire_choices":[{"data":"Outmaneuver","floor":6,"key":"SMITH"},{"floor":15,"key":"REST"}],"neow_cost":"NONE","seed_source_timestamp":125110766183612,"circlet_count":0,"master_deck":["Defend_G","Defend_G","Defend_G","Strike_G","Strike_G","Strike_G","Strike_G","Survivor","Neutralize+1","Outmaneuver+1","Backflip","Coolheaded","Heavy Blade","Dark Shackles","Stack","Rampage","Darkness","Amplify","Flying Knee","Cleave","Iron Wave"],"relics":["Ring of the Snake","PrismaticShard","Kunai","Empty Cage","Toy Ornithopter"],"potions_floor_usage":[14,16,19,22,22],"damage_taken":[{"damage":0,"enemies":"2 Louse","floor":1,"turns":2},{"damage":0,"enemies":"Cultist","floor":3,"turns":4},{"damage":0,"enemies":"Small Slimes","floor":8,"turns":3},{"damage":0,"enemies":"Blue Slaver","floor":10,"turns":5},{"damage":10,"enemies":"Lots of Slimes","floor":11,"turns":6},{"damage":0,"enemies":"2 Fungi Beasts","floor":12,"turns":7},{"damage":2,"enemies":"3 Louse","floor":13,"turns":4},{"damage":0,"enemies":"Looter","floor":14,"turns":4},{"damage":54,"enemies":"Hexaghost","floor":16,"turns":15},{"damage":15,"enemies":"2 Thieves","floor":18,"turns":4},{"damage":24,"enemies":"Spheric Guardian","floor":19,"turns":5},{"damage":52,"enemies":"Cultist and Chosen","floor":22,"turns":8}],"seed_played":"-4378182692814921750","potions_obtained":[{"floor":1,"key":"SteroidPotion"},{"floor":10,"key":"Fire Potion"},{"floor":13,"key":"Strength Potion"},{"floor":16,"key":"Poison Potion"},{"floor":19,"key":"Block Potion"}],"is_trial":false,"path_per_floor":["M","?","M","?","$","R","?","M","T","M","M","M","M","M","R","B",null,"M","M","?","$","M"],"character_chosen":"THE_SILENT","items_purchased":["PrismaticShard","Toy Ornithopter"],"campfire_rested":1,"item_purchase_floors":[5,21],"current_hp_per_floor":[70,70,70,70,70,70,59,59,59,59,49,49,47,47,68,14,70,55,31,31,31,0],"gold":42,"neow_bonus":"UPGRADE_CARD","is_prod":false,"is_daily":false,"chose_seed":false,"campfire_upgraded":1,"win_rate":0.0,"timestamp":1542921057,"path_taken":["M","?","?","?","$","R","?","M","T","M","M","M","M","M","R","BOSS","M","M","?","$","?"],"build_version":"2018-11-15","purchased_purges":0,"victory":false,"max_hp_per_floor":[70,70,70,70,70,70,70,70,70,70,70,70,70,70,70,70,70,70,70,70,70,70],"card_choices":[{"not_picked":["Acrobatics","Footwork"],"picked":"Outmaneuver","floor":1},{"not_picked":["Cloak And Dagger","Dagger Spray"],"picked":"Backflip","floor":3},{"not_picked":["Iron Wave","Heatsinks"],"picked":"Coolheaded","floor":8},{"not_picked":["Sucker Punch","Endless Agony"],"picked":"Heavy Blade","floor":10},{"not_picked":["Footwork","Entrench"],"picked":"Dark Shackles","floor":11},{"not_picked":["Cold Snap","Blade Dance"],"picked":"Stack","floor":12},{"not_picked":["Madness","Darkness"],"picked":"Rampage","floor":13},{"not_picked":["Cleave","Dagger Throw"],"picked":"Darkness","floor":14},{"not_picked":["Limit Break","Dark Embrace"],"picked":"Amplify","floor":16},{"not_picked":["Storm+1","Prepared+1"],"picked":"Flying Knee","floor":18},{"not_picked":["Havoc","Endless Agony"],"picked":"Cleave","floor":19}],"player_experience":59848,"relics_obtained":[{"floor":9,"key":"Kunai"}],"event_choices":[{"damage_healed":0,"gold_gain":100,"player_choice":"Pray","damage_taken":0,"max_hp_gain":0,"max_hp_loss":0,"event_name":"Golden Shrine","floor":2,"gold_loss":0},{"damage_healed":0,"gold_gain":0,"player_choice":"Ignored","damage_taken":0,"max_hp_gain":0,"max_hp_loss":0,"event_name":"Liars Game","floor":4,"gold_loss":0},{"damage_healed":0,"gold_gain":75,"player_choice":"Gather Gold","damage_taken":11,"max_hp_gain":0,"max_hp_loss":0,"event_name":"World of Goop","floor":7,"gold_loss":0},{"cards_removed":["Strike_G"],"damage_healed":0,"gold_gain":0,"player_choice":"Took Card","damage_taken":0,"max_hp_gain":0,"max_hp_loss":0,"event_name":"NoteForYourself","floor":20,"gold_loss":0,"cards_obtained":["Iron Wave"]}],"is_beta":false,"boss_relics":[{"not_picked":["Ring of the Serpent","Fusion Hammer"],"picked":"Empty Cage"}],"items_purged_floors":[],"is_endless":false,"potions_floor_spawned":[1,10,13,16,19],"killed_by":"Cultist and Chosen","ascension_level":0}