{"path_per_floor":["M","$","M","M","$","R","?","E","T","R","M","?","R","T","R","B",null,"M","?","$","M","?","R"],"character_chosen":"THE_SILENT","items_purchased":["After Image","Flash of Steel"],"gold_per_floor":[213,66,77,94,19,19,19,54,54,54,73,248,248,248,248,349,349,366,291,88,106,106,106],"floor_reached":24,"campfire_rested":0,"playtime":2230,"current_hp_per_floor":[68,68,68,68,68,68,61,53,53,53,54,54,54,54,54,42,70,70,70,70,70,70,70],"items_purged":["Strike_G","Strike_G"],"gold":106,"play_id":"d0cb8061-d189-449b-928c-f2f2a8b75098","is_prod":false,"is_daily":false,"is_ascension_mode":true,"campfire_upgraded":5,"path_taken":["M","$","M","M","$","R","?","E","T","R","M","?","R","?","R","BOSS","M","?","$","?","?","R","E"],"build_version":"2018-02-01-PROD3","purchased_purges":2,"victory":false,"master_deck":["Defend_G","Defend_G","Defend_G","Defend_G","Defend_G","Strike_G","Strike_G","Survivor","Neutralize+1","Acrobatics","After Image+1","Backstab","Cloak And Dagger+1","Blur","Infinite Blades+1","Doubt","Cloak And Dagger+1","Flash of Steel","Backflip+1"],"max_hp_per_floor":[70,70,70,70,70,70,70,70,70,70,70,70,70,70,70,70,70,70,70,70,70,70,70],"relics":["Ring of the Snake","Bird Faced Urn","Toolbox","Calipers","Omamori","The Specimen"],"card_choices":[{"not_picked":["Reflex","Crippling Poison"],"picked":"Acrobatics"},{"not_picked":["Leg Sweep","Deflect"],"picked":"Backstab"},{"not_picked":["Acrobatics","Flying Knee"],"picked":"Cloak And Dagger"},{"not_picked":["Backstab","Flying Knee"],"picked":"Blur"},{"not_picked":["Calculated Gamble","Blade Dance"],"picked":"Infinite Blades"},{"not_picked":["Backflip","Finisher"],"picked":"Cloak And Dagger"},{"not_picked":["Slice","Escape Plan"],"picked":"Backflip"}],"player_experience":74495,"potions_floor_usage":[3,21,21,24],"damage_taken":[{"damage":2,"enemies":"Jaw Worm","floor":1,"turns":7},{"damage":0,"enemies":"2 Louse","floor":3,"turns":2},{"damage":0,"enemies":"Small Slimes","floor":4,"turns":3},{"damage":10,"enemies":"3 Sentries","floor":8,"turns":15},{"damage":1,"enemies":"Looter","floor":11,"turns":2},{"damage":16,"enemies":"Slime Boss","floor":16,"turns":17},{"damage":0,"enemies":"Chosen","floor":18,"turns":10},{"damage":0,"enemies":"2 Thieves","floor":21,"turns":4},{"damage":89,"enemies":"Gremlin Leader","floor":24,"turns":16}],"event_choices":[{"event_name":"Scrap Ooze","player_choice":"success","floor":7,"damage_taken":7},{"event_name":"Liars Game","player_choice":"agreed","floor":12,"damage_taken":0},{"event_name":"Beggar","player_choice":"Gave Gold","floor":19,"damage_taken":0},{"event_name":"Vampires","player_choice":"Ignored","floor":22,"damage_taken":0}],"boss_relics":[{"not_picked":["Ectoplasm","White Beast Statue"],"picked":"The Specimen"}],"potions_floor_spawned":[1,16,18,21],"seed_played":"-1719435775636515487","killed_by":"Gremlin Leader","ascension_level":1,"is_trial":false}