{"path_per_floor":["M","$","?","?","M","R","M","R","T","M","R","$","R","M","R","B",null,"M","?","?","M","M","R","?","R","T","E","R","M","$","M","R","B",null,"M","?","M","M","?","R","E","R","T","E","M","M","M","M","R","B"],"character_chosen":"THE_SILENT","items_purchased":["Infinite Blades","Well Laid Plans"],"gold_per_floor":[118,9,9,109,129,129,146,146,172,188,188,13,13,31,31,131,131,151,151,76,87,101,101,101,101,101,136,136,151,26,36,36,132,132,146,146,163,174,174,174,209,209,209,238,249,261,271,286,286,286],"floor_reached":51,"campfire_rested":0,"playtime":4906,"current_hp_per_floor":[70,70,56,56,56,56,56,56,56,51,51,51,51,48,48,42,70,66,66,66,58,56,56,56,56,56,41,41,40,40,40,40,30,70,70,70,70,70,60,60,60,60,60,68,70,67,60,53,53,37],"items_purged":["Strike_G","Strike_G","Strike_G"],"gold":286,"play_id":"7801a183-497c-45a8-9202-7b042e21d2a9","is_prod":false,"is_daily":false,"is_ascension_mode":true,"campfire_upgraded":12,"path_taken":["M","$","?","?","M","R","M","R","T","?","R","?","R","M","R","BOSS","M","?","?","M","?","R","?","R","T","E","R","M","$","M","R","BOSS","M","?","M","M","?","R","E","R","T","E","M","M","M","M","R","BOSS"],"build_version":"2018-02-01-PROD3","purchased_purges":3,"victory":true,"master_deck":["Defend_G","Defend_G+1","Defend_G+1","Defend_G+1","Defend_G","Survivor","Neutralize+1","Burst+1","Calculated Gamble","Infinite Blades+1","Cloak And Dagger+1","Accuracy+1","Terror+1","Well Laid Plans+1","Tools of the Trade+1","Dagger Spray","Outmaneuver","Backflip+1","Adrenaline+1","PiercingWail","Adrenaline+1","Cloak And Dagger+1","Backstab","Prepared+1","Madness+1","Madness","Cloak And Dagger"],"max_hp_per_floor":[70,70,70,70,70,70,70,70,70,70,70,70,70,70,70,70,70,70,70,70,70,70,70,70,70,70,70,70,70,70,70,70,70,70,70,70,70,70,70,70,70,70,70,70,70,70,70,70,70,70],"relics":["Ring of the Snake","Bag of Preparation","Philosopher\u0027s Stone","War Paint","Shuriken","Orrery","Du-Vu Doll","Bird Faced Urn","Happy Flower"],"card_choices":[{"not_picked":["Reflex","Quick Slash"],"picked":"Calculated Gamble"},{"not_picked":["All Out Attack","PiercingWail"],"picked":"Cloak And Dagger"},{"not_picked":["Prepared","Acrobatics"],"picked":"Accuracy"},{"not_picked":["Reflex","Quick Slash"],"picked":"Terror"},{"not_picked":["Night Terror","Die Die Die"],"picked":"Tools of the Trade"},{"not_picked":["Deflect","Flying Knee"],"picked":"Dagger Spray"},{"not_picked":["Flechettes","Quick Slash"],"picked":"Backflip"},{"not_picked":["Calculated Gamble","Outmaneuver"],"picked":"Adrenaline"},{"not_picked":["Terror","Quick Slash"],"picked":"PiercingWail"},{"not_picked":["Burst","Phantasmal Killer"],"picked":"Adrenaline"},{"not_picked":["Blade Dance","Finisher"],"picked":"Cloak And Dagger"},{"not_picked":["Distraction","Outmaneuver"],"picked":"Backstab"},{"not_picked":["Slice","Outmaneuver"],"picked":"Prepared"},{"not_picked":["Predator","Caltrops"],"picked":"Cloak And Dagger"}],"player_experience":76725,"potions_floor_usage":[10,16,22,46,47,50,50,50],"damage_taken":[{"damage":0,"enemies":"Jaw Worm","floor":1,"turns":5},{"damage":0,"enemies":"Small Slimes","floor":5,"turns":5},{"damage":0,"enemies":"2 Louse","floor":7,"turns":3},{"damage":5,"enemies":"Exordium Wildlife","floor":10,"turns":5},{"damage":3,"enemies":"Lots of Slimes","floor":14,"turns":5},{"damage":6,"enemies":"The Guardian","floor":16,"turns":8},{"damage":4,"enemies":"Chosen","floor":18,"turns":4},{"damage":8,"enemies":"3 Byrds","floor":21,"turns":5},{"damage":2,"enemies":"Snake Plant","floor":22,"turns":4},{"damage":15,"enemies":"Book of Stabbing","floor":27,"turns":6},{"damage":1,"enemies":"Snecko","floor":29,"turns":4},{"damage":0,"enemies":"Cultist and Chosen","floor":31,"turns":6},{"damage":10,"enemies":"Automaton","floor":33,"turns":7},{"damage":0,"enemies":"3 Darklings","floor":35,"turns":4},{"damage":0,"enemies":"Orb Walker","floor":37,"turns":3},{"damage":0,"enemies":"Sphere and 2 Shapes","floor":38,"turns":2},{"damage":0,"enemies":"Giant Head","floor":41,"turns":5},{"damage":0,"enemies":"2 Orb Walkers","floor":44,"turns":4},{"damage":0,"enemies":"Maw","floor":45,"turns":6},{"damage":5,"enemies":"3 Darklings","floor":46,"turns":5},{"damage":10,"enemies":"Sphere and 2 Shapes","floor":47,"turns":5},{"damage":15,"enemies":"Maw","floor":48,"turns":6},{"damage":39,"enemies":"Donu and Deca","floor":50,"turns":9}],"event_choices":[{"event_name":"Shining Light","player_choice":"Entered Light","floor":3,"damage_taken":0},{"event_name":"Wheel of Change","player_choice":"Gold","floor":4,"damage_taken":0},{"event_name":"Transmorgrifier","player_choice":"Transform","floor":19,"damage_taken":0},{"event_name":"Beggar","player_choice":"Gave Gold","floor":20,"damage_taken":0},{"event_name":"Vampires","player_choice":"Ignored","floor":24,"damage_taken":0},{"event_name":"Tomb of Lord Red Mask","player_choice":"Ignored","floor":36,"damage_taken":0},{"event_name":"Winding Halls","player_choice":"Embrace Madness","floor":39,"damage_taken":0}],"boss_relics":[{"not_picked":["Ectoplasm","Lizard Tail"],"picked":"Philosopher\u0027s Stone"},{"not_picked":["Pandora\u0027s Box","Velvet Choker"],"picked":"Orrery"}],"potions_floor_spawned":[1,10,21,27,31,38,46,47],"seed_played":"3917543870984834498","ascension_level":1,"is_trial":false}