{"gold_per_floor":[113,129,147,147,218,218,245,245,245,278,46,146,146,160,160,255,255,244,7,7,23,34,65,65,19,45,45,74,74,74,105,105,105],"floor_reached":33,"playtime":2528,"items_purged":[],"score":340,"play_id":"97cd1106-f85a-4435-87e5-6126042e38be","local_time":"20181130173117","is_ascension_mode":true,"campfire_choices":[{"data":"Neutralize","floor":6,"key":"SMITH"},{"floor":8,"key":"REST"},{"data":"Deflect","floor":13,"key":"SMITH"},{"data":"Deadly Poison","floor":15,"key":"SMITH"},{"floor":24,"key":"REST"},{"floor":27,"key":"REST"},{"data":"Venomology","floor":30,"key":"SMITH"},{"data":"Backstab","floor":32,"key":"SMITH"}],"neow_cost":"NONE","seed_source_timestamp":795216031005257,"circlet_count":0,"master_deck":["Defend_G","Defend_G","Defend_G","Defend_G","Defend_G","Strike_G","Strike_G","Strike_G","Strike_G","Strike_G","Survivor","Neutralize+1","Poisoned Stab+1","Deflect+1","Poisoned Stab","Deadly Poison+1","Unload+1","Blur","Backflip","Venomology+1","Deflect+1","All Out Attack","Dash+1","Flying Knee","PiercingWail","Slice","Backstab+1"],"relics":["Ring of the Snake","Matryoshka","Peace Pipe","Pen Nib","Pantograph","Tingsha","Toy Ornithopter","Velvet Choker","Chemical X","Paper Crane","Happy Flower","PreservedInsect","Whetstone","Centennial Puzzle"],"potions_floor_usage":[7,16,22,22,23,23,28,33,33,33],"damage_taken":[{"damage":5,"enemies":"Cultist","floor":1,"turns":5},{"damage":8,"enemies":"Small Slimes","floor":2,"turns":4},{"damage":0,"enemies":"Jaw Worm","floor":3,"turns":4},{"damage":21,"enemies":"3 Sentries","floor":7,"turns":10},{"damage":3,"enemies":"Lagavulin","floor":10,"turns":5},{"damage":1,"enemies":"Exordium Wildlife","floor":14,"turns":3},{"damage":55,"enemies":"Hexaghost","floor":16,"turns":9},{"damage":3,"enemies":"2 Thieves","floor":18,"turns":4},{"damage":0,"enemies":"Chosen","floor":21,"turns":4},{"damage":25,"enemies":"Centurion and Healer","floor":22,"turns":5},{"damage":33,"enemies":"Book of Stabbing","floor":23,"turns":5},{"damage":42,"enemies":"Gremlin Leader","floor":28,"turns":7},{"damage":4,"enemies":"Book of Stabbing","floor":31,"turns":4},{"damage":106,"enemies":"Collector","floor":33,"turns":7}],"seed_played":"-4142159948361035513","potions_obtained":[{"floor":1,"key":"Ancient Potion"},{"floor":10,"key":"Fire Potion"},{"floor":14,"key":"LiquidBronze"},{"floor":21,"key":"PowerPotion"},{"floor":22,"key":"Explosive Potion"},{"floor":28,"key":"FairyPotion"}],"is_trial":false,"path_per_floor":["M","M","M","?","T","R","E","R","T","E","$","?","R","M","R","B",null,"M","$","$","M","M","E","R","$","T","R","E","?","R","E","R","B"],"character_chosen":"THE_SILENT","items_purchased":["Toy Ornithopter","Blur","Chemical X","All Out Attack","Slice"],"campfire_rested":3,"item_purchase_floors":[11,11,19,19,25],"current_hp_per_floor":[72,64,64,64,64,64,43,66,66,63,63,63,63,62,62,27,77,74,74,74,74,57,34,57,57,57,77,40,77,77,73,73,0],"gold":105,"neow_bonus":"TEN_PERCENT_HP_BONUS","is_prod":false,"is_daily":false,"chose_seed":false,"campfire_upgraded":5,"win_rate":0,"timestamp":1543591877,"path_taken":["M","?","M","?","?","R","E","R","T","E","$","?","R","M","R","BOSS","M","?","$","M","M","E","R","?","T","R","E","?","R","E","R","BOSS"],"build_version":"2018-11-15","purchased_purges":0,"victory":false,"max_hp_per_floor":[77,77,77,77,77,77,77,77,77,77,77,77,77,77,77,77,77,77,77,77,77,77,77,77,77,77,77,77,77,77,77,77,77],"card_choices":[{"not_picked":["Backflip","Underhanded Strike"],"picked":"Poisoned Stab","floor":1},{"not_picked":["Reflex","Masterful Stab"],"picked":"Deflect","floor":2},{"not_picked":["Dagger Spray","Outmaneuver"],"picked":"Poisoned Stab","floor":3},{"not_picked":["Slice","Eviscerate"],"picked":"Deadly Poison","floor":7},{"not_picked":["Acrobatics","Eviscerate"],"picked":"Unload","floor":10},{"not_picked":["Underhanded Strike","Calculated Gamble"],"picked":"Backflip","floor":14},{"not_picked":["After Image","Unload"],"picked":"Venomology","floor":16},{"not_picked":["Underhanded Strike","Poisoned Stab+1"],"picked":"Deflect+1","floor":18},{"not_picked":["Crippling Poison+1","Flying Knee+1"],"picked":"Dash+1","floor":21},{"not_picked":["Backflip","Glass Knife"],"picked":"Flying Knee","floor":22},{"not_picked":["Backflip","Cloak And Dagger+1"],"picked":"PiercingWail","floor":23},{"not_picked":["Outmaneuver","Prepared"],"picked":"Blur","floor":28},{"not_picked":["Eviscerate","Dagger Throw"],"picked":"Backstab","floor":31}],"player_experience":77062,"relics_obtained":[{"floor":5,"key":"Matryoshka"},{"floor":7,"key":"Peace Pipe"},{"floor":9,"key":"Pen Nib"},{"floor":9,"key":"Pantograph"},{"floor":10,"key":"Tingsha"},{"floor":23,"key":"Paper Crane"},{"floor":26,"key":"Happy Flower"},{"floor":26,"key":"PreservedInsect"},{"floor":28,"key":"Whetstone"},{"floor":31,"key":"Centennial Puzzle"}],"event_choices":[{"damage_healed":0,"gold_gain":0,"player_choice":"Leave","damage_taken":0,"max_hp_gain":0,"max_hp_loss":0,"event_name":"The Cleric","floor":4,"gold_loss":0},{"damage_healed":0,"gold_gain":100,"player_choice":"Pray","damage_taken":0,"max_hp_gain":0,"max_hp_loss":0,"event_name":"Golden Shrine","floor":12,"gold_loss":0},{"cards_removed":["Blur"],"damage_healed":37,"gold_gain":0,"player_choice":"Offered Uncommon","damage_taken":0,"max_hp_gain":0,"max_hp_loss":0,"event_name":"Bonfire Elementals","floor":29,"gold_loss":0}],"is_beta":false,"boss_relics":[{"not_picked":["Sozu","Empty Cage"],"picked":"Velvet Choker"}],"items_purged_floors":[],"is_endless":false,"potions_floor_spawned":[1,10,14,21,22,28],"killed_by":"Collector","ascension_level":2}