{"gold_per_floor":[117,31,42,42,3,3,39,39,39,39,55,55,75,0,0,95,95,111,11,11,32,32],"floor_reached":22,"playtime":649,"items_purged":["Strike_B","Strike_B"],"score":364,"play_id":"d89d6720-1902-4494-8b6a-8873e8f74c53","local_time":"20190926155733","is_ascension_mode":true,"campfire_choices":[{"data":"Darkness","floor":6.0,"key":"SMITH"},{"data":"Coolheaded","floor":10,"key":"SMITH"},{"data":"Fusion","floor":12,"key":"SMITH"},{"data":"Blizzard","floor":15,"key":"SMITH"}],"neow_cost":"PERCENT_DAMAGE","seed_source_timestamp":344724143116604,"circlet_count":0,"master_deck":["AscendersBane","Strike_B","Defend_B","Defend_B","Defend_B+1","Defend_B","Zap","Dualcast+1","Coolheaded+1","Blizzard+1","Darkness+1","Capacitor","Leap","Fusion+1","Turbo","Consume","Coolheaded+1","Compile Driver"],"special_seed":0,"relics":["Cracked Core","Incense Burner","Golden Idol","War Paint","Meat on the Bone","Inserter"],"potions_floor_usage":[16],"damage_taken":[{"damage":1.0,"enemies":"Cultist","floor":1.0,"turns":3.0},{"damage":0.0,"enemies":"2 Louse","floor":3.0,"turns":1.0},{"damage":21.0,"enemies":"Lagavulin","floor":7.0,"turns":9.0},{"damage":4,"enemies":"Jaw Worm","floor":11,"turns":4},{"damage":4,"enemies":"Looter","floor":13,"turns":5},{"damage":8,"enemies":"The Guardian","floor":16,"turns":12},{"damage":29,"enemies":"Shell Parasite","floor":18,"turns":9},{"damage":18,"enemies":"Chosen","floor":21,"turns":7},{"damage":34,"enemies":"Snecko","floor":22,"turns":7}],"seed_played":"-2196359840959244852","potions_obtained":[{"floor":3.0,"key":"Energy Potion"},{"floor":11,"key":"FearPotion"},{"floor":18,"key":"Fire Potion"},{"floor":21,"key":"SteroidPotion"}],"is_trial":false,"path_per_floor":["M","$","M","?","$","R","E","?","T","R","M","R","M","$","R","B",null,"M","$","?","M","M"],"character_chosen":"DEFECT","items_purchased":["Blizzard","Capacitor"],"campfire_rested":0,"item_purchase_floors":[2,5],"current_hp_per_floor":[45,45,45,45,45,45,24,17,17,17,25,25,33,33,33,37,57,40,40,40,34,0],"gold":32,"neow_bonus":"ONE_RARE_RELIC","is_prod":false,"is_daily":false,"chose_seed":false,"campfire_upgraded":4,"win_rate":0,"timestamp":1569484653,"path_taken":["M","?","M","?","?","R","E","?","T","R","M","R","M","$","R","BOSS","M","$","?","M","M"],"build_version":"2019-09-25","purchased_purges":2,"victory":false,"max_hp_per_floor":[71,71,71,64,64,64,64,64,64,64,64,64,64,64,64,64,64,64,64,64,64,64],"card_choices":[{"not_picked":["Compile Driver","Melter"],"picked":"Coolheaded","floor":1.0},{"not_picked":["Doom and Gloom","Go for the Eyes"],"picked":"Darkness","floor":3.0},{"not_picked":["Reprogram","Beam Cell"],"picked":"Leap","floor":7},{"not_picked":["Ball Lightning","Streamline"],"picked":"Fusion","floor":11},{"not_picked":["Cold Snap","FTL"],"picked":"Turbo","floor":13},{"not_picked":["Cold Snap","Coolheaded"],"picked":"Consume","floor":18},{"not_picked":["Doom and Gloom+1","Beam Cell+1"],"picked":"Compile Driver","floor":21}],"player_experience":1008329,"relics_obtained":[{"floor":7,"key":"War Paint"},{"floor":9,"key":"Meat on the Bone"}],"event_choices":[{"damage_healed":0.0,"max_hp_gain":0.0,"max_hp_loss":7.0,"gold_gain":0.0,"event_name":"Golden Idol","player_choice":"Lose Max HP","floor":4.0,"gold_loss":0.0,"damage_taken":0.0,"relics_obtained":["Golden Idol"]},{"cards_removed":["Strike_B"],"damage_healed":0,"gold_gain":0,"player_choice":"Card Removal","damage_taken":7,"max_hp_gain":0,"max_hp_loss":0,"event_name":"Golden Wing","floor":8,"gold_loss":0},{"damage_healed":0,"gold_gain":0,"player_choice":"Copied","damage_taken":0,"max_hp_gain":0,"max_hp_loss":0,"event_name":"Duplicator","floor":20,"gold_loss":0,"cards_obtained":["Coolheaded"]}],"is_beta":true,"boss_relics":[{"not_picked":["Sozu","Philosopher\u0027s Stone"],"picked":"Inserter"}],"items_purged_floors":[14,19],"is_endless":false,"potions_floor_spawned":[3,11,18,21],"killed_by":"Snecko","ascension_level":20}