{"path_per_floor":["M","$","?","?","M","R","E","R","T","E","?","M","$","M","R","B",null,"M","$","M","M","M","R","E","R","T","?","?","M","M","M","R","B",null,"M","?","?","M","?","R","M","$","T","T","M","R","?","M","R","B"],"character_chosen":"THE_SILENT","items_purchased":["Footwork","Lantern","Well Laid Plans"],"gold_per_floor":[118,3,3,178,190,190,219,219,219,253,253,271,21,40,40,140,140,128,3,18,33,49,49,83,83,159,74,74,88,98,115,115,215,215,228,228,275,290,290,290,310,89,89,89,105,105,105,116,116,116],"floor_reached":51,"campfire_rested":6,"playtime":3355,"current_hp_per_floor":[55,55,55,55,55,55,49,49,49,17,34,32,32,29,50,22,58,51,51,45,39,33,33,16,37,37,37,37,37,37,37,58,23,58,58,58,36,36,27,48,40,40,40,40,14,35,35,34,55,8],"items_purged":["Strike_G","Doubt","Strike_G","Strike_G"],"gold":116,"score":669,"play_id":"2f484e46-fb02-4988-a186-e49ecb6f393a","is_prod":false,"is_daily":false,"is_ascension_mode":true,"campfire_upgraded":3,"path_taken":["M","$","?","?","M","R","E","R","T","E","?","?","$","M","R","BOSS","M","$","M","?","M","R","E","R","T","?","?","M","M","M","R","BOSS","M","?","?","M","?","R","M","?","T","?","?","R","?","M","R","BOSS"],"build_version":"2018-02-12-PROD1","purchased_purges":4,"victory":true,"master_deck":["Defend_G","Defend_G+1","Defend_G","Defend_G","Defend_G","Strike_G","Survivor","Neutralize","Dagger Spray","Footwork+1","Doppelganger+1","Parasite","Acrobatics","Bouncing Flask+1","Well Laid Plans","Concentrate+1","Cloak And Dagger+1","Backflip+1","Acrobatics","PiercingWail+1","Setup+1","Blur+1","Prepared+1","Madness","Madness","Caltrops+1","Well Laid Plans","Pain","Calculated Gamble+1"],"max_hp_per_floor":[70,70,70,70,70,70,70,70,70,70,70,70,70,70,70,70,70,70,70,70,70,70,70,70,70,70,70,70,70,70,70,70,70,70,70,70,70,70,70,70,70,70,70,70,70,70,70,70,70,70],"relics":["Ring of the Snake","Letter Opener","Tingsha","Mummified Hand","Lantern","Sozu","War Paint","Paper Crane","Happy Flower","Cursed Key","Girya","Mercury Hourglass"],"card_choices":[{"not_picked":["Backstab","Bane"],"picked":"Dagger Spray"},{"not_picked":["Underhanded Strike","Dagger Spray"],"picked":"Doppelganger"},{"not_picked":["Deadly Poison","Endless Agony"],"picked":"Acrobatics"},{"not_picked":["Quick Slash","Dagger Spray"],"picked":"Bouncing Flask"},{"not_picked":["Flying Knee","All Out Attack"],"picked":"Well Laid Plans"},{"not_picked":["Underhanded Strike","Masterful Stab"],"picked":"Concentrate"},{"not_picked":["Dagger Throw","Dodge and Roll"],"picked":"Cloak And Dagger"},{"not_picked":["Calculated Gamble","Heel Hook"],"picked":"Backflip"},{"not_picked":["Quick Slash","Bane"],"picked":"Acrobatics"},{"not_picked":["Quick Slash","Dagger Throw"],"picked":"PiercingWail"},{"not_picked":["Underhanded Strike","Poisoned Stab"],"picked":"Setup"},{"not_picked":["Sucker Punch","Dodge and Roll"],"picked":"Blur"},{"not_picked":["Dodge and Roll","Leg Sweep"],"picked":"Prepared"},{"not_picked":["Bouncing Flask","Deflect"],"picked":"Caltrops"},{"not_picked":["Heel Hook","Slice"],"picked":"Calculated Gamble"}],"player_experience":167476,"potions_floor_usage":[7,16],"damage_taken":[{"damage":8,"enemies":"Jaw Worm","floor":1,"turns":6},{"damage":0,"enemies":"2 Louse","floor":5,"turns":3},{"damage":21,"enemies":"3 Sentries","floor":7,"turns":14},{"damage":32,"enemies":"Gremlin Nob","floor":10,"turns":6},{"damage":2,"enemies":"Blue Slaver","floor":12,"turns":5},{"damage":3,"enemies":"Exordium Wildlife","floor":14,"turns":7},{"damage":28,"enemies":"The Guardian","floor":16,"turns":10},{"damage":7,"enemies":"2 Thieves","floor":18,"turns":4},{"damage":6,"enemies":"Shell Parasite","floor":20,"turns":5},{"damage":6,"enemies":"Snake Plant","floor":21,"turns":4},{"damage":6,"enemies":"Snecko","floor":22,"turns":5},{"damage":17,"enemies":"Book of Stabbing","floor":24,"turns":5},{"damage":0,"enemies":"Centurion and Healer","floor":29,"turns":7},{"damage":0,"enemies":"Snake Plant","floor":30,"turns":3},{"damage":0,"enemies":"Cultist and Chosen","floor":31,"turns":4},{"damage":35,"enemies":"Collector","floor":33,"turns":12},{"damage":0,"enemies":"3 Darklings","floor":35,"turns":4},{"damage":22,"enemies":"Mysterious Sphere","floor":37,"turns":5},{"damage":0,"enemies":"3 Shapes","floor":38,"turns":4},{"damage":8,"enemies":"Sphere and 2 Shapes","floor":41,"turns":6},{"damage":26,"enemies":"3 Darklings","floor":45,"turns":4},{"damage":1,"enemies":"Maw","floor":48,"turns":7},{"damage":47,"enemies":"Awakened One","floor":50,"turns":16}],"event_choices":[{"event_name":"The Cleric","player_choice":"Leave","floor":3,"damage_taken":0},{"event_name":"Liars Game","player_choice":"agreed","floor":4,"damage_taken":0},{"event_name":"Mushrooms","player_choice":"Healed and dodged fight","floor":11,"damage_taken":0},{"event_name":"Addict","player_choice":"Obtained Relic","floor":27,"damage_taken":0},{"event_name":"Drug Dealer","player_choice":"Ignored","floor":28,"damage_taken":0},{"event_name":"The Lab","player_choice":"Got Potions","floor":36,"damage_taken":0},{"event_name":"Mysterious Sphere","player_choice":"Fight","floor":37,"damage_taken":0},{"event_name":"Winding Halls","player_choice":"Embrace Madness","floor":39,"damage_taken":0}],"boss_relics":[{"not_picked":["The Specimen","Calling Bell"],"picked":"Sozu"},{"not_picked":["Black Star","Astrolabe"],"picked":"Cursed Key"}],"potions_floor_spawned":[1,10,14,18,22,29,30,31,35,48],"seed_played":"5332274702079974881","ascension_level":7,"is_trial":false}