{"gold_per_floor":[109,109,127,56,6,6,33,33,113,38,51,68,68],"floor_reached":13,"playtime":442,"items_purged":["Strike_B"],"score":100,"play_id":"1be9d9da-c19a-4290-bd68-4d602e2dbd9c","local_time":"20191017130413","is_ascension_mode":true,"campfire_choices":[{"data":"Hologram","floor":6,"key":"SMITH"}],"neow_cost":"NONE","seed_source_timestamp":537747801756600,"circlet_count":0,"master_deck":["Strike_B","Strike_B","Defend_B","Defend_B","Defend_B","Defend_B","Zap","Dualcast","Hologram+1","Self Repair","Gash"],"relics":["Cracked Core","Nunchaku","Pen Nib","Mummified Hand","Bottled Lightning"],"potions_floor_usage":[12],"damage_taken":[{"damage":9,"enemies":"Jaw Worm","floor":1,"turns":3},{"damage":0,"enemies":"Cultist","floor":3,"turns":3},{"damage":32,"enemies":"Lagavulin","floor":7,"turns":8},{"damage":0,"enemies":"Small Slimes","floor":11,"turns":3},{"damage":45,"enemies":"Gremlin Gang","floor":12,"turns":5}],"seed_played":"-4403403704639367052","potions_obtained":[{"floor":0,"key":"SpeedPotion"},{"floor":0,"key":"FairyPotion"},{"floor":0,"key":"LiquidBronze"},{"floor":11,"key":"Fire Potion"},{"floor":12,"key":"Regen Potion"}],"is_trial":false,"path_per_floor":["M","?","M","$","?","R","E","T","T","$","M","M","?"],"character_chosen":"DEFECT","items_purchased":["Self Repair"],"campfire_rested":0,"item_purchase_floors":[4],"current_hp_per_floor":[66,59,59,59,59,59,34,34,34,34,41,7,0],"gold":68,"neow_bonus":"THREE_SMALL_POTIONS","is_prod":false,"is_daily":false,"chose_seed":false,"campfire_upgraded":1,"win_rate":0,"timestamp":1571310253,"path_taken":["M","?","M","$","?","R","E","?","T","$","?","M","?"],"build_version":"2019-07-17","purchased_purges":1,"victory":false,"max_hp_per_floor":[75,75,75,75,75,75,75,75,75,75,75,75,75],"card_choices":[{"not_picked":["Beam Cell","Rebound"],"picked":"Hologram","floor":1},{"not_picked":["Turbo","Stack","Beam Cell"],"picked":"SKIP","floor":3},{"not_picked":["Force Field","Undo","Cold Snap"],"picked":"SKIP","floor":7},{"not_picked":["Thunder Strike","Compile Driver","Conserve Battery"],"picked":"SKIP","floor":11},{"not_picked":["Rebound","Coolheaded"],"picked":"Gash","floor":12}],"player_experience":376949,"relics_obtained":[{"floor":7,"key":"Pen Nib"},{"floor":8,"key":"Mummified Hand"},{"floor":9,"key":"Bottled Lightning"}],"event_choices":[{"damage_healed":0,"gold_gain":0,"player_choice":"Success","damage_taken":7,"relics_obtained":["Nunchaku"],"max_hp_gain":0,"max_hp_loss":0,"event_name":"Scrap Ooze","floor":2,"gold_loss":0},{"cards_removed":["Strike_B"],"damage_healed":0,"gold_gain":0,"player_choice":"Card Removal","damage_taken":0,"max_hp_gain":0,"max_hp_loss":0,"event_name":"The Cleric","floor":5,"gold_loss":50}],"is_beta":false,"boss_relics":[],"items_purged_floors":[10],"is_endless":false,"potions_floor_spawned":[1,11,12],"ascension_level":4}