{"gold_per_floor":[118,118,132,57,71,71,106,106,131,56,72,82,82,28,28,103,103,116,116,149,162,162,162,182,192,270,170,150,150,178,193,193,268,268,286,286,296,92,314,314,342,342,342,362,376,376,411,422,422,422,422,422,422,6,41,41],"floor_reached":57,"playtime":1600,"items_purged":["Strike_R","Strike_R","Defend_R"],"score":3210,"play_id":"4c19fbb3-da82-4932-931b-02bacf05cfc8","local_time":"20191003153830","is_ascension_mode":true,"campfire_choices":[{"data":"True Grit","floor":6,"key":"SMITH"},{"data":"Fire Breathing","floor":13,"key":"SMITH"},{"data":"Impervious","floor":15,"key":"SMITH"},{"data":"Immolate","floor":23,"key":"SMITH"},{"data":"Evolve","floor":29,"key":"SMITH"},{"data":"Battle Trance","floor":32,"key":"SMITH"},{"data":"Barricade","floor":40,"key":"SMITH"},{"floor":46,"key":"RECALL"},{"data":"Power Through","floor":49,"key":"SMITH"},{"data":"Shrug It Off","floor":53,"key":"SMITH"}],"neow_cost":"NONE","seed_source_timestamp":947438040264500,"circlet_count":0,"master_deck":["AscendersBane","Defend_R+1","Body Slam+1","True Grit+1","Impervious+1","Fire Breathing+1","Flame Barrier+1","Shrug It Off","Evolve+1","Shockwave+1","Battle Trance+1","Barricade+1","Dark Embrace+1","Corruption+1","Dark Embrace+1","Entrench+1","Power Through+1","Warcry+1","Shrug It Off+1","Shrug It Off","Seeing Red","Seeing Red+1"],"relics":["Burning Blood","NeowsBlessing","Happy Flower","Question Card","Toy Ornithopter","SlaversCollar","Red Mask","HornCleat","FossilizedHelix","Astrolabe","Art of War","Gremlin Horn","Membership Card","Vajra","Blood Vial","Oddly Smooth Stone"],"potions_floor_usage":[7,12,16,31,33,44,56,56],"damage_taken":[{"damage":0,"enemies":"Jaw Worm","floor":1,"turns":1},{"damage":0,"enemies":"Small Slimes","floor":3,"turns":1},{"damage":0,"enemies":"2 Louse","floor":5,"turns":1},{"damage":32,"enemies":"Gremlin Nob","floor":7,"turns":4},{"damage":6,"enemies":"Looter","floor":11,"turns":4},{"damage":16,"enemies":"Exordium Wildlife","floor":12,"turns":6},{"damage":0,"enemies":"Slime Boss","floor":16,"turns":6},{"damage":10,"enemies":"Spheric Guardian","floor":18,"turns":5},{"damage":22,"enemies":"Masked Bandits","floor":20,"turns":5},{"damage":10,"enemies":"3 Byrds","floor":21,"turns":5},{"damage":2,"enemies":"Cultist and Chosen","floor":24,"turns":4},{"damage":2,"enemies":"Chosen and Byrds","floor":25,"turns":4},{"damage":11,"enemies":"Slavers","floor":30,"turns":4},{"damage":9,"enemies":"Shelled Parasite and Fungi","floor":31,"turns":7},{"damage":10,"enemies":"Champ","floor":33,"turns":8},{"damage":0,"enemies":"3 Shapes","floor":35,"turns":3},{"damage":0,"enemies":"3 Darklings","floor":37,"turns":3},{"damage":0,"enemies":"Nemesis","floor":41,"turns":3},{"damage":0,"enemies":"4 Shapes","floor":44,"turns":2},{"damage":0,"enemies":"Writhing Mass","floor":45,"turns":3},{"damage":0,"enemies":"Reptomancer","floor":47,"turns":3},{"damage":0,"enemies":"Sphere and 2 Shapes","floor":48,"turns":3},{"damage":0,"enemies":"Time Eater","floor":50,"turns":5},{"damage":0,"enemies":"Donu and Deca","floor":51,"turns":3},{"damage":0,"enemies":"Shield and Spear","floor":55,"turns":2},{"damage":0,"enemies":"The Heart","floor":56,"turns":7}],"seed_played":"-7441393204647439470","potions_obtained":[{"floor":5,"key":"SteroidPotion"},{"floor":11,"key":"BloodPotion"},{"floor":16,"key":"Regen Potion"},{"floor":18,"key":"SteroidPotion"},{"floor":24,"key":"PowerPotion"},{"floor":37,"key":"ElixirPotion"},{"floor":41,"key":"Energy Potion"},{"floor":44,"key":"Dexterity Potion"}],"is_trial":false,"path_per_floor":["M","?","M","?","M","R","E","?","T","$","M","M","R","$","R","B",null,"M","?","?","M","?","R","M","M","T","$","?","R","E","M","R","B",null,"M","?","M","$","?","R","E","?","T","M","M","R","E","M","R","B","B",null,"R","$","E","B",null],"character_chosen":"IRONCLAD","items_purchased":["PowerPotion","Power Through","Membership Card","Shrug It Off","Vajra","Weak Potion","Blood Vial","Seeing Red"],"campfire_rested":0,"item_purchase_floors":[14,38,54,54,54,54,54,54],"current_hp_per_floor":[74,51,57,57,63,63,37,11,11,11,11,21,21,21,21,32,64,60,60,44,40,40,40,44,48,48,48,48,48,43,60,60,61,72,75,75,75,75,75,75,75,85,85,85,85,85,85,85,85,85,85,85,85,85,85,85],"gold":41,"neow_bonus":"THREE_ENEMY_KILL","is_prod":false,"is_daily":false,"chose_seed":false,"campfire_upgraded":9,"win_rate":0,"timestamp":1570088310,"path_taken":["M","?","M","?","M","R","E","?","T","?","M","M","R","$","R","BOSS","M","?","?","M","?","R","M","?","T","$","?","R","E","M","R","BOSS","M","?","?","$","?","R","E","?","T","M","M","R","E","M","R","BOSS","BOSS","R","$","E","BOSS"],"build_version":"2019-10-02","purchased_purges":3,"victory":true,"max_hp_per_floor":[75,75,75,75,75,75,75,75,75,75,75,75,75,75,75,75,75,75,75,75,75,75,75,75,75,75,75,75,75,75,75,75,75,75,75,75,75,75,75,75,75,85,85,85,85,85,85,85,85,85,85,85,85,85,85,85],"card_choices":[{"not_picked":["Perfected Strike","Entrench"],"picked":"Body Slam","floor":1},{"not_picked":["Havoc","Twin Strike"],"picked":"True Grit","floor":3},{"not_picked":["Blood for Blood","Rampage","Heavy Blade"],"picked":"SKIP","floor":5},{"not_picked":["Body Slam","Perfected Strike"],"picked":"Impervious","floor":7},{"not_picked":["Uppercut","Hemokinesis","Intimidate"],"picked":"Fire Breathing","floor":11},{"not_picked":["Anger","Twin Strike","Pommel Strike","Heavy Blade"],"picked":"SKIP","floor":12},{"not_picked":["Limit Break","Fiend Fire","Demon Form"],"picked":"Immolate","floor":16},{"not_picked":["Blood for Blood","Heavy Blade","Body Slam"],"picked":"Flame Barrier+1","floor":18},{"not_picked":["Entrench","Anger","Dual Wield+1"],"picked":"Shrug It Off","floor":20},{"not_picked":["Sentinel","Shrug It Off","Thunderclap","Metallicize"],"picked":"SKIP","floor":21},{"not_picked":["Anger","Reckless Charge","Pommel Strike","Intimidate+1"],"picked":"SKIP","floor":24},{"not_picked":["Clash","Spot Weakness","Twin Strike"],"picked":"Evolve","floor":25},{"not_picked":["Bloodletting","Iron Wave+1","Anger"],"picked":"Shockwave+1","floor":30},{"not_picked":["Rampage","Havoc","Pommel Strike"],"picked":"Battle Trance","floor":31},{"not_picked":["Offering","Brutality","Demon Form"],"picked":"Barricade","floor":33},{"not_picked":["Anger","Flex","Sever Soul","Headbutt"],"picked":"SKIP","floor":35},{"not_picked":["Corruption","Sword Boomerang","Armaments"],"picked":"Entrench+1","floor":37},{"not_picked":["Limit Break","Bloodletting","Fire Breathing","Iron Wave+1"],"picked":"SKIP","floor":41},{"not_picked":["Armaments","Carnage","Headbutt+1"],"picked":"Warcry+1","floor":44},{"not_picked":["True Grit","Heavy Blade","Wild Strike","Iron Wave"],"picked":"SKIP","floor":45},{"not_picked":["Fiend Fire","Rage","Shockwave","Body Slam"],"picked":"SKIP","floor":47},{"not_picked":["Headbutt+1","Flame Barrier+1","Iron Wave"],"picked":"Shrug It Off","floor":48},{"not_picked":["Headbutt+1","Havoc","Thunderclap"],"picked":"Seeing Red+1","floor":55}],"player_experience":1054163,"relics_obtained":[{"floor":7,"key":"Happy Flower"},{"floor":9,"key":"Toy Ornithopter"},{"floor":20,"key":"Red Mask"},{"floor":26,"key":"HornCleat"},{"floor":30,"key":"FossilizedHelix"},{"floor":41,"key":"Art of War"},{"floor":47,"key":"Gremlin Horn"},{"floor":55,"key":"Oddly Smooth Stone"}],"event_choices":[{"damage_healed":0,"gold_gain":0,"player_choice":"Entered Light","damage_taken":23,"max_hp_gain":0,"max_hp_loss":0,"event_name":"Shining Light","floor":2,"gold_loss":0,"cards_upgraded":["Body Slam","Defend_R"]},{"cards_removed":["Strike_R"],"damage_healed":0,"gold_gain":0,"player_choice":"Card Removal","damage_taken":0,"max_hp_gain":0,"max_hp_loss":0,"event_name":"The Cleric","floor":4,"gold_loss":75},{"damage_healed":0,"gold_gain":0,"player_choice":"Success","damage_taken":26,"relics_obtained":["Question Card"],"max_hp_gain":0,"max_hp_loss":0,"event_name":"Scrap Ooze","floor":8,"gold_loss":0},{"damage_healed":0,"gold_gain":0,"player_choice":"Ignored","damage_taken":0,"max_hp_gain":0,"max_hp_loss":0,"event_name":"Ghosts","floor":19,"gold_loss":0},{"damage_healed":0,"gold_gain":0,"player_choice":"Fought Bandits","damage_taken":0,"max_hp_gain":0,"max_hp_loss":0,"event_name":"Masked Bandits","floor":20,"gold_loss":0},{"cards_removed":["Strike_R"],"damage_healed":0,"gold_gain":0,"player_choice":"Elegance","damage_taken":0,"max_hp_gain":0,"max_hp_loss":0,"event_name":"Back to Basics","floor":22,"gold_loss":0},{"damage_healed":0,"gold_gain":0,"player_choice":"Bought 1 Potion","damage_taken":0,"max_hp_gain":0,"max_hp_loss":0,"event_name":"The Woman in Blue","floor":28,"gold_loss":0},{"cards_removed":["Defend_R"],"damage_healed":0,"gold_gain":0,"player_choice":"Card Removal","damage_taken":0,"max_hp_gain":0,"max_hp_loss":0,"event_name":"Wheel of Change","floor":36,"gold_loss":0},{"damage_healed":0,"gold_gain":222,"player_choice":"Wore Mask","damage_taken":0,"max_hp_gain":0,"max_hp_loss":0,"event_name":"Tomb of Lord Red Mask","floor":39,"gold_loss":0},{"cards_removed":["Immolate"],"damage_healed":0,"gold_gain":0,"player_choice":"Offered Rare","damage_taken":0,"max_hp_gain":10,"max_hp_loss":0,"event_name":"Bonfire Elementals","floor":42,"gold_loss":0}],"is_beta":true,"boss_relics":[{"not_picked":["Black Star","Snecko Eye"],"picked":"SlaversCollar"},{"not_picked":["SacredBark","Calling Bell"],"picked":"Astrolabe"}],"items_purged_floors":[10,27,38],"is_endless":false,"potions_floor_spawned":[5,11,16,18,24,25,30,37,41,44,45],"ascension_level":20}