{"gold_per_floor":[119,129,129,54,65,65,90,165,165,230,255,255,155,170,170,249,249,261,271,282,282,295,295,325,325,325,354,370,382,382,399,399,474,474,489,540,540,554,554,554,583,601,601,267,282,68,80,80,80,80,80,80,80,5,35,35],"floor_reached":57,"playtime":2131,"items_purged":["Strike_R","Strike_R","Defend_R","The Bomb+1"],"score":3264,"play_id":"99c3bbf5-a7a6-4515-80d3-f1aea347cc16","local_time":"20190927124816","is_ascension_mode":true,"campfire_choices":[{"data":"Armaments","floor":6.0,"key":"SMITH"},{"data":"Body Slam","floor":12.0,"key":"SMITH"},{"data":"The Bomb","floor":15.0,"key":"SMITH"},{"data":"Impervious","floor":23.0,"key":"SMITH"},{"floor":25.0,"key":"REST"},{"floor":32.0,"key":"REST"},{"floor":40.0,"key":"RECALL"},{"data":"Impatience","floor":49.0,"key":"SMITH"},{"data":"Second Wind","floor":53.0,"key":"SMITH"}],"neow_cost":"TEN_PERCENT_HP_LOSS","seed_source_timestamp":418067940179579,"circlet_count":0,"master_deck":["AscendersBane","Defend_R","Defend_R","Defend_R","Armaments+1","Body Slam+1","Evolve+1","Burning Pact+1","Impervious+1","Fire Breathing+1","Pommel Strike+1","Barricade+1","Warcry+1","Power Through","Shrug It Off+1","Impatience+1","Second Wind+1"],"special_seed":0,"relics":["Burning Blood","Mercury Hourglass","Frozen Egg 2","Happy Flower","Thread and Needle","Empty Cage","PreservedInsect","Molten Egg 2","Bag of Preparation","Coffee Dripper","Nunchaku","Oddly Smooth Stone","Membership Card","Art of War","Lantern","Medical Kit","Anchor"],"potions_floor_usage":[56,56],"damage_taken":[{"damage":12.0,"enemies":"Cultist","floor":1.0,"turns":4.0},{"damage":5.0,"enemies":"Small Slimes","floor":2.0,"turns":3.0},{"damage":7.0,"enemies":"Jaw Worm","floor":5.0,"turns":4.0},{"damage":17.0,"enemies":"Lagavulin","floor":7.0,"turns":8.0},{"damage":17.0,"enemies":"3 Sentries","floor":10.0,"turns":5.0},{"damage":15.0,"enemies":"3 Sentries","floor":11.0,"turns":5.0},{"damage":0.0,"enemies":"Looter","floor":14.0,"turns":3.0},{"damage":8.0,"enemies":"The Guardian","floor":16.0,"turns":12.0},{"damage":8.0,"enemies":"3 Byrds","floor":18.0,"turns":3.0},{"damage":6.0,"enemies":"Shell Parasite","floor":19.0,"turns":8.0},{"damage":0.0,"enemies":"Chosen and Byrds","floor":20.0,"turns":3.0},{"damage":0.0,"enemies":"Cultist and Chosen","floor":22.0,"turns":3.0},{"damage":39.0,"enemies":"Gremlin Leader","floor":24.0,"turns":5.0},{"damage":22.0,"enemies":"Book of Stabbing","floor":27.0,"turns":5.0},{"damage":11.0,"enemies":"Snake Plant","floor":28.0,"turns":4.0},{"damage":23.0,"enemies":"Shelled Parasite and Fungi","floor":29.0,"turns":6.0},{"damage":9.0,"enemies":"Colosseum Slavers","floor":30.0,"turns":4.0},{"damage":2.0,"enemies":"Sentry and Sphere","floor":31.0,"turns":4.0},{"damage":34.0,"enemies":"Automaton","floor":33.0,"turns":10.0},{"damage":35.0,"enemies":"3 Darklings","floor":35.0,"turns":5.0},{"damage":3.0,"enemies":"2 Orb Walkers","floor":36.0,"turns":3.0},{"damage":0.0,"enemies":"3 Shapes","floor":38.0,"turns":3.0},{"damage":0.0,"enemies":"Nemesis","floor":41.0,"turns":5.0},{"damage":19.0,"enemies":"3 Darklings","floor":42.0,"turns":4.0},{"damage":0.0,"enemies":"Writhing Mass","floor":45.0,"turns":4.0},{"damage":0.0,"enemies":"Maw","floor":47.0,"turns":5.0},{"damage":0.0,"enemies":"Donu and Deca","floor":50.0,"turns":5.0},{"damage":0.0,"enemies":"Time Eater","floor":51.0,"turns":8.0},{"damage":0.0,"enemies":"Shield and Spear","floor":55.0,"turns":4.0},{"damage":0,"enemies":"The Heart","floor":56,"turns":7}],"seed_played":"-6284412662494603766","potions_obtained":[{"floor":5.0,"key":"AttackPotion"},{"floor":10.0,"key":"Swift Potion"},{"floor":11.0,"key":"SneckoOil"},{"floor":16.0,"key":"Swift Potion"},{"floor":18.0,"key":"EssenceOfSteel"},{"floor":22.0,"key":"AttackPotion"},{"floor":29.0,"key":"FearPotion"},{"floor":38.0,"key":"EssenceOfSteel"},{"floor":41.0,"key":"FearPotion"}],"is_trial":false,"path_per_floor":["M","M","?","$","M","R","E","?","T","?","E","R","$","M","R","B",null,"M","M","M","?","M","R","E","R","T","E","M","M","?","M","R","B",null,"M","?","?","M","?","R","E","M","T","$","M","$","M","?","R","B","B",null,"R","$","E","B",null],"character_chosen":"IRONCLAD","items_purchased":["Membership Card","Art of War","PowerPotion","Impatience","Lantern","Medical Kit"],"campfire_rested":2,"item_purchase_floors":[44,44,44,46,46,46],"current_hp_per_floor":[62,63,56,56,55,55,44,33,33,22,13,13,13,19,19,17,55,53,53,59,59,65,65,32,52,52,36,31,14,11,15,35,7,53,24,27,27,33,33,33,39,26,26,26,32,32,38,38,38,44,50,61,61,61,65,65],"gold":35,"neow_bonus":"RANDOM_COLORLESS_2","is_prod":false,"is_daily":false,"chose_seed":false,"campfire_upgraded":6,"win_rate":0,"timestamp":1569559696,"path_taken":["M","M","?","$","M","R","E","?","T","?","E","R","?","M","R","BOSS","M","?","M","?","M","R","E","R","T","E","?","M","?","M","R","BOSS","M","?","?","?","?","R","E","M","T","$","M","$","M","?","R","BOSS","BOSS","R","$","E","BOSS"],"build_version":"2019-09-26","purchased_purges":4,"victory":true,"max_hp_per_floor":[68,68,68,68,68,68,68,68,68,68,68,68,68,68,68,68,68,68,68,68,68,68,68,68,68,68,68,68,68,68,68,68,68,68,68,68,68,68,65,65,65,65,65,65,65,65,65,65,65,65,65,65,65,65,65,65],"card_choices":[{"not_picked":["Metamorphosis","Magnetism"],"picked":"The Bomb","floor":0.0},{"not_picked":["Wild Strike","Havoc"],"picked":"Armaments","floor":1.0},{"not_picked":["Reckless Charge","Sword Boomerang"],"picked":"Body Slam","floor":2.0},{"not_picked":["Spot Weakness","Heavy Blade","Headbutt"],"picked":"SKIP","floor":5.0},{"not_picked":["Flex","Heavy Blade","Pommel Strike"],"picked":"SKIP","floor":7.0},{"not_picked":["Flex","Anger"],"picked":"Evolve+1","floor":10.0},{"not_picked":["Clash","Ghostly Armor","Havoc"],"picked":"SKIP","floor":11.0},{"not_picked":["Rampage","Metallicize+1"],"picked":"Burning Pact","floor":14.0},{"not_picked":["Fiend Fire","Bludgeon"],"picked":"Impervious","floor":16.0},{"not_picked":["Sever Soul","Perfected Strike","Entrench"],"picked":"SKIP","floor":18.0},{"not_picked":["Clothesline","Armaments+1","Flex"],"picked":"SKIP","floor":19.0},{"not_picked":["Headbutt","Dropkick","Uppercut"],"picked":"SKIP","floor":20.0},{"not_picked":["Body Slam","Anger+1"],"picked":"Fire Breathing+1","floor":22.0},{"not_picked":["Infernal Blade","Body Slam","Demon Form+1"],"picked":"SKIP","floor":24.0},{"not_picked":["Seeing Red","True Grit+1"],"picked":"Pommel Strike+1","floor":27.0},{"not_picked":["Havoc","Perfected Strike+1","Thunderclap+1"],"picked":"SKIP","floor":28.0},{"not_picked":["Sever Soul+1","Corruption+1","Ghostly Armor"],"picked":"SKIP","floor":29.0},{"not_picked":["Uppercut+1","Searing Blow+1","Armaments+1"],"picked":"SKIP","floor":31.0},{"not_picked":["Juggernaut+1","Demon Form+1"],"picked":"Barricade+1","floor":33.0},{"not_picked":["True Grit","Cleave+1","Flex+1"],"picked":"SKIP","floor":35.0},{"not_picked":["Perfected Strike+1","Havoc"],"picked":"Warcry+1","floor":38.0},{"not_picked":["Impervious","Rampage+1"],"picked":"Power Through","floor":41.0},{"not_picked":["Rage","Thunderclap+1","Pommel Strike+1"],"picked":"SKIP","floor":42.0},{"not_picked":["Flex+1","Warcry+1"],"picked":"Shrug It Off+1","floor":45.0},{"not_picked":["Warcry","Corruption+1"],"picked":"Second Wind","floor":47.0},{"not_picked":["Feed+1","Impervious","Warcry+1"],"picked":"SKIP","floor":55.0}],"player_experience":1020915,"relics_obtained":[{"floor":7.0,"key":"Mercury Hourglass"},{"floor":9.0,"key":"Frozen Egg 2"},{"floor":10.0,"key":"Happy Flower"},{"floor":11.0,"key":"Thread and Needle"},{"floor":24.0,"key":"PreservedInsect"},{"floor":26.0,"key":"Molten Egg 2"},{"floor":27.0,"key":"Bag of Preparation"},{"floor":36.0,"key":"Nunchaku"},{"floor":41.0,"key":"Oddly Smooth Stone"},{"floor":55.0,"key":"Anchor"}],"event_choices":[{"cards_removed":["Strike_R"],"damage_healed":0.0,"max_hp_gain":0.0,"max_hp_loss":0.0,"gold_gain":0.0,"event_name":"Golden Wing","player_choice":"Card Removal","floor":3.0,"gold_loss":0.0,"damage_taken":7.0},{"damage_healed":0.0,"max_hp_gain":0.0,"max_hp_loss":0.0,"gold_gain":75.0,"event_name":"World of Goop","player_choice":"Gather Gold","floor":8.0,"gold_loss":0.0,"damage_taken":11.0},{"damage_healed":0.0,"max_hp_gain":0.0,"max_hp_loss":0.0,"gold_gain":0.0,"event_name":"Dead Adventurer","player_choice":"Searched \u00271\u0027 times","floor":10.0,"gold_loss":0.0,"damage_taken":0.0},{"damage_healed":0.0,"max_hp_gain":0.0,"max_hp_loss":0.0,"gold_gain":0.0,"event_name":"Upgrade Shrine","player_choice":"Upgraded","floor":21.0,"gold_loss":0.0,"damage_taken":0.0,"cards_upgraded":["Burning Pact"]},{"damage_healed":0.0,"max_hp_gain":0.0,"max_hp_loss":0.0,"gold_gain":0.0,"event_name":"Colosseum","player_choice":"Fight","floor":30.0,"gold_loss":0.0,"damage_taken":0.0},{"damage_healed":0.0,"max_hp_gain":0.0,"max_hp_loss":0.0,"gold_gain":0.0,"event_name":"Colosseum","player_choice":"Fled From Nobs","floor":30.0,"gold_loss":0.0,"damage_taken":0.0},{"damage_healed":0.0,"max_hp_gain":0.0,"max_hp_loss":0.0,"gold_gain":0.0,"event_name":"Mysterious Sphere","player_choice":"Fight","floor":36.0,"gold_loss":0.0,"damage_taken":0.0},{"cards_removed":["Bash"],"damage_healed":0.0,"max_hp_gain":0.0,"max_hp_loss":0.0,"gold_gain":0.0,"event_name":"Bonfire Elementals","player_choice":"Offered Basic","floor":37.0,"gold_loss":0.0,"damage_taken":0.0},{"damage_healed":0.0,"max_hp_gain":0.0,"max_hp_loss":3.0,"gold_gain":0.0,"event_name":"Winding Halls","player_choice":"Max HP","floor":39.0,"gold_loss":0.0,"damage_taken":0.0},{"damage_healed":0.0,"max_hp_gain":0.0,"max_hp_loss":0.0,"gold_gain":0.0,"event_name":"Lab","player_choice":"Got Potions","floor":48.0,"gold_loss":0.0,"damage_taken":0.0}],"is_beta":true,"boss_relics":[{"not_picked":["SacredBark","Runic Dome"],"picked":"Empty Cage"},{"not_picked":["Cursed Key","Runic Cube"],"picked":"Coffee Dripper"}],"items_purged_floors":[4,13,44,54],"is_endless":false,"potions_floor_spawned":[5,10,11,16,18,22,29,30,31,38,41,42],"ascension_level":20}