{"path_per_floor":["M","?","?","M","M","R","M","?","T","$","M","R","$","?","R","B",null,"M","M","M","$","?","R","$","R","T","?","R","M"],"character_chosen":"THE_SILENT","items_purchased":["Infinite Blades","Acrobatics","Finisher","Backflip","Footwork"],"gold_per_floor":[115,115,190,210,227,227,242,242,267,60,83,83,6,6,6,132,132,152,132,152,23,23,23,23,23,69,69,69,82],"floor_reached":30,"campfire_rested":1,"playtime":1832,"current_hp_per_floor":[77,59,48,48,48,71,70,70,70,70,61,61,61,61,61,11,77,40,14,38,38,38,38,38,38,38,38,38,14],"items_purged":["Injury"],"gold":82,"play_id":"b67d9a81-9a2f-4e12-8fd6-6792a57a550e","is_prod":false,"is_daily":false,"is_ascension_mode":false,"campfire_upgraded":5,"path_taken":["M","?","?","M","M","R","M","?","T","$","?","R","$","?","R","BOSS","M","M","M","$","?","R","$","R","T","?","R","M","?"],"build_version":"2018-01-25-PROD3","purchased_purges":1,"victory":false,"master_deck":["Defend_G","Defend_G","Defend_G","Defend_G","Defend_G","Survivor","Neutralize","Outmaneuver","Backstab","Poisoned Stab","Prepared","Infinite Blades+1","Acrobatics","Flying Knee","Finisher+1","A Thousand Cuts+1","Dagger Spray+1","Terror+1","Doppelganger+1","Backflip","Footwork","Bite_G","Bite_G","Bite_G","Bite_G","Bite_G","Outmaneuver"],"max_hp_per_floor":[77,77,77,77,77,77,77,77,77,77,77,77,77,77,77,77,77,77,77,77,77,77,77,77,77,77,77,77,77],"relics":["Ring of the Snake","Strawberry","Ginger","Golden Idol","Lizard Tail","Anchor"],"card_choices":[{"not_picked":["Calculated Gamble","Dagger Throw"],"picked":"Outmaneuver"},{"not_picked":["Acrobatics","Sucker Punch"],"picked":"Backstab"},{"not_picked":["Catalyst","Dagger Spray"],"picked":"Poisoned Stab"},{"not_picked":["Choke","Deflect"],"picked":"Prepared"},{"not_picked":["Crippling Poison","Catalyst"],"picked":"Flying Knee"},{"not_picked":["Burst","Adrenaline"],"picked":"A Thousand Cuts"},{"not_picked":["Crippling Poison","Bane"],"picked":"Dagger Spray"},{"not_picked":["PiercingWail","Leg Sweep"],"picked":"Terror"},{"not_picked":["Catalyst","Flying Knee"],"picked":"Doppelganger"},{"not_picked":["Poisoned Stab","Bane"],"picked":"Outmaneuver"}],"player_experience":19209,"potions_floor_usage":[],"damage_taken":[{"damage":0,"enemies":"2 Louse","floor":1,"turns":4},{"damage":0,"enemies":"Small Slimes","floor":4,"turns":3},{"damage":0,"enemies":"Jaw Worm","floor":5,"turns":4},{"damage":1,"enemies":"3 Louse","floor":7,"turns":3},{"damage":11,"enemies":"Gremlin Gang","floor":11,"turns":6},{"damage":52,"enemies":"Hexaghost","floor":16,"turns":11},{"damage":37,"enemies":"3 Byrds","floor":18,"turns":6},{"damage":28,"enemies":"2 Thieves","floor":19,"turns":5},{"damage":20,"enemies":"Snecko","floor":20,"turns":5},{"damage":34,"enemies":"Slaver and Parasite","floor":29,"turns":6},{"damage":19,"enemies":"3 Cultists","floor":30,"turns":3}],"event_choices":[{"event_name":"Scrap Ooze","player_choice":"success","floor":2,"damage_taken":18},{"event_name":"World of Goop","player_choice":"Gather Gold","floor":3,"damage_taken":0},{"event_name":"Golden Idol","player_choice":"Take Wound","floor":8,"damage_taken":0},{"event_name":"The Cleric","player_choice":"Leave","floor":14,"damage_taken":0},{"event_name":"Vampires","player_choice":"Became a vampire (Vial)","floor":22,"damage_taken":0},{"event_name":"Beggar","player_choice":"Ignored","floor":27,"damage_taken":0}],"boss_relics":[{"not_picked":["Snecko Eye","Eternal Feather"],"picked":"Lizard Tail"}],"potions_floor_spawned":[1,5,18],"seed_played":"-4649723944159151790","killed_by":"3 Cultists","ascension_level":0,"is_trial":false}