{"gold_per_floor":[111,111,33,33,47,75,26,26,26,26,55,7,39,51,51,156,156,173,191,191],"floor_reached":20,"playtime":929,"items_purged":[],"score":292,"play_id":"9c49a31a-f9b7-474c-adda-8ac25e23de9d","local_time":"20191008151659","is_ascension_mode":true,"campfire_choices":[{"data":"Footwork","floor":8,"key":"SMITH"},{"data":"Cloak And Dagger","floor":10,"key":"SMITH"},{"data":"Accuracy","floor":15,"key":"SMITH"}],"neow_cost":"NONE","seed_source_timestamp":278957324764300,"circlet_count":0,"master_deck":["Strike_G","Strike_G","Strike_G","Strike_G","Strike_G","Defend_G","Defend_G","Defend_G","Defend_G","Defend_G","Survivor","Neutralize","Well Laid Plans","Footwork+1","Accuracy+1","Neutralize","Dodge and Roll","Bullet Time","Cloak And Dagger+1","Slice","Blade Dance","Footwork","After Image","Blade Dance+1"],"relics":["Ring of the Snake","NeowsBlessing","PreservedInsect","Paper Crane","Shuriken","Art of War"],"potions_floor_usage":[16,16,20],"damage_taken":[{"damage":0,"enemies":"2 Louse","floor":1,"turns":1},{"damage":0,"enemies":"Jaw Worm","floor":5,"turns":1},{"damage":0,"enemies":"Lagavulin","floor":6,"turns":1},{"damage":0,"enemies":"3 Sentries","floor":11,"turns":9},{"damage":0,"enemies":"Lagavulin","floor":13,"turns":5},{"damage":0,"enemies":"Cultist","floor":14,"turns":3},{"damage":13,"enemies":"Hexaghost","floor":16,"turns":10},{"damage":15,"enemies":"Chosen","floor":18,"turns":7},{"damage":3,"enemies":"Shell Parasite","floor":19,"turns":7},{"damage":83,"enemies":"Cultist and Chosen","floor":20,"turns":6}],"seed_played":"-6257970142239250155","potions_obtained":[{"floor":1,"key":"Ancient Potion"},{"floor":11,"key":"LiquidBronze"},{"floor":13,"key":"Regen Potion"}],"is_trial":false,"path_per_floor":["M","?","$","?","M","E","$","R","T","R","E","$","E","M","R","B",null,"M","M","M"],"character_chosen":"THE_SILENT","items_purchased":["Footwork","Cloak And Dagger","Blade Dance"],"campfire_rested":0,"item_purchase_floors":[3,7,12],"current_hp_per_floor":[70,75,75,75,75,75,75,75,75,75,75,75,75,75,75,62,75,60,57,0],"gold":191,"neow_bonus":"THREE_ENEMY_KILL","is_prod":false,"is_daily":false,"chose_seed":false,"campfire_upgraded":3,"win_rate":0,"timestamp":1570540619,"path_taken":["M","?","$","?","?","E","?","R","T","R","E","$","E","M","R","BOSS","M","M","M"],"build_version":"2019-07-17","purchased_purges":0,"victory":false,"max_hp_per_floor":[70,75,75,75,75,75,75,75,75,75,75,75,75,75,75,75,75,75,75,75],"card_choices":[{"not_picked":["Skewer","Dagger Throw"],"picked":"Well Laid Plans","floor":1},{"not_picked":["Finisher","Eviscerate"],"picked":"Dodge and Roll","floor":5},{"not_picked":["Dodge and Roll","Poisoned Stab"],"picked":"Bullet Time","floor":6},{"not_picked":["Reflex","Sucker Punch"],"picked":"Slice","floor":11},{"not_picked":["Reflex","Skewer","Deadly Poison"],"picked":"SKIP","floor":13},{"not_picked":["Dagger Spray","Flechettes"],"picked":"Footwork","floor":14},{"not_picked":["Glass Knife","Storm of Steel"],"picked":"After Image","floor":16},{"not_picked":["Sucker Punch","Dagger Spray"],"picked":"Blade Dance+1","floor":18},{"not_picked":["Eviscerate+1","Calculated Gamble","Reflex"],"picked":"SKIP","floor":19}],"player_experience":260619,"relics_obtained":[{"floor":6,"key":"PreservedInsect"},{"floor":9,"key":"Paper Crane"},{"floor":11,"key":"Shuriken"},{"floor":13,"key":"Art of War"}],"event_choices":[{"damage_healed":0,"gold_gain":0,"player_choice":"Donut","damage_taken":0,"max_hp_gain":5,"max_hp_loss":0,"event_name":"Big Fish","floor":2,"gold_loss":0},{"damage_healed":0,"gold_gain":0,"player_choice":"2 cards matched","damage_taken":0,"max_hp_gain":0,"max_hp_loss":0,"event_name":"Match and Keep!","floor":4,"gold_loss":0,"cards_obtained":["Accuracy","Neutralize"]}],"is_beta":false,"boss_relics":[{"not_picked":["Runic Pyramid","Ectoplasm","Calling Bell"]}],"items_purged_floors":[],"is_endless":false,"potions_floor_spawned":[1,11,13],"killed_by":"Cultist and Chosen","ascension_level":2}