{"gold_per_floor":[109,120,136,155,171,183,193,44,44,44,60,60],"floor_reached":12,"playtime":1110,"items_purged":[],"score":76,"play_id":"5c5d268f-67b0-430b-8ff1-a49be952434e","local_time":"20190927133605","is_ascension_mode":false,"campfire_choices":[],"neow_cost":"NONE","seed_source_timestamp":55195878065900,"circlet_count":0,"master_deck":["Strike_G","Strike_G","Strike_G","Strike_G","Strike_G","Defend_G","Defend_G","Defend_G","Defend_G","Defend_G","Survivor","Neutralize","Deadly Poison","Deadly Poison","Sucker Punch","Heel Hook","Distraction","Caltrops","Blade Dance","Infinite Blades","Choke","Dagger Spray+1"],"relics":["Ring of the Snake","Molten Egg 2","Snake Skull"],"potions_floor_usage":[],"damage_taken":[{"damage":4,"enemies":"Cultist","floor":1,"turns":5},{"damage":0,"enemies":"2 Louse","floor":2,"turns":3},{"damage":2,"enemies":"Jaw Worm","floor":3,"turns":4},{"damage":8,"enemies":"Exordium Wildlife","floor":4,"turns":4},{"damage":1,"enemies":"2 Fungi Beasts","floor":5,"turns":4},{"damage":8,"enemies":"3 Louse","floor":6,"turns":4},{"damage":10,"enemies":"Gremlin Gang","floor":7,"turns":5},{"damage":12,"enemies":"Blue Slaver","floor":11,"turns":4},{"damage":14,"enemies":"3 Sentries","floor":12,"turns":2}],"seed_played":"607243636423017760","potions_obtained":[{"floor":2,"key":"Weak Potion"},{"floor":4,"key":"SkillPotion"},{"floor":6,"key":"SkillPotion"}],"is_trial":false,"path_per_floor":["M","M","M","M","M","M","M","$","T","?","M","E"],"character_chosen":"THE_SILENT","items_purchased":["Infinite Blades","Choke"],"campfire_rested":0,"item_purchase_floors":[8,8],"current_hp_per_floor":[73,73,71,63,62,54,44,44,44,19,7,0],"gold":60,"neow_bonus":"TEN_PERCENT_HP_BONUS","is_prod":false,"is_daily":false,"chose_seed":false,"campfire_upgraded":0,"win_rate":0.0,"timestamp":1569584165,"path_taken":["M","M","M","?","M","M","M","$","T","?","M","E"],"build_version":"2019-07-17","purchased_purges":0,"victory":false,"max_hp_per_floor":[77,77,77,77,77,77,77,77,77,77,77,77],"card_choices":[{"not_picked":["Underhanded Strike","All Out Attack"],"picked":"Deadly Poison","floor":1},{"not_picked":["Dagger Spray","Blur"],"picked":"Deadly Poison","floor":2},{"not_picked":["Crippling Poison","PiercingWail"],"picked":"Sucker Punch","floor":3},{"not_picked":["Expertise","PiercingWail"],"picked":"Heel Hook","floor":4},{"not_picked":["Calculated Gamble","Doppelganger"],"picked":"Distraction","floor":5},{"not_picked":["Quick Slash","Choke"],"picked":"Caltrops","floor":6},{"not_picked":["Expertise","Deflect"],"picked":"Blade Dance","floor":7},{"not_picked":["Acrobatics","Deadly Poison"],"picked":"Dagger Spray+1","floor":11}],"player_experience":519,"relics_obtained":[{"floor":9,"key":"Molten Egg 2"}],"event_choices":[{"damage_healed":0,"gold_gain":0,"player_choice":"Success","damage_taken":25,"relics_obtained":["Snake Skull"],"max_hp_gain":0,"max_hp_loss":0,"event_name":"Scrap Ooze","floor":10,"gold_loss":0}],"is_beta":false,"boss_relics":[],"items_purged_floors":[],"is_endless":false,"potions_floor_spawned":[2,4,6],"killed_by":"3 Sentries","ascension_level":0}