{"gold_per_floor":[118,129,42,42,121,121,146,146,193,193,61,72,92,108,108,108],"floor_reached":16,"playtime":251,"items_purged":["Strike_G"],"score":250,"play_id":"519aad4c-64ce-4bd3-b81e-b9f78ed035f8","local_time":"20190926230234","is_ascension_mode":true,"campfire_choices":[{"data":"Neutralize","floor":6,"key":"SMITH"},{"data":"Noxious Fumes","floor":8,"key":"SMITH"},{"floor":10,"key":"RECALL"},{"data":"Flechettes","floor":15,"key":"SMITH"}],"neow_cost":"NONE","seed_source_timestamp":370648037762388,"circlet_count":0,"master_deck":["AscendersBane","Strike_G","Strike_G","Strike_G","Strike_G","Defend_G","Defend_G","Defend_G","Defend_G","Defend_G","Survivor","Neutralize+1","Noxious Fumes+1","Acrobatics","Backflip","Flechettes+1"],"relics":["Ring of the Snake","NeowsBlessing","StrikeDummy","Question Card","Singing Bowl"],"potions_floor_usage":[13,14],"damage_taken":[{"damage":0,"enemies":"Small Slimes","floor":1,"turns":1},{"damage":0,"enemies":"Jaw Worm","floor":2,"turns":1},{"damage":0,"enemies":"Lagavulin","floor":7,"turns":1},{"damage":1,"enemies":"2 Louse","floor":12,"turns":2},{"damage":0,"enemies":"Gremlin Gang","floor":13,"turns":3},{"damage":0,"enemies":"Blue Slaver","floor":14,"turns":4},{"damage":30,"enemies":"Slime Boss","floor":16,"turns":9}],"seed_played":"-2216000396687283317","potions_obtained":[{"floor":12,"key":"Explosive Potion"},{"floor":13,"key":"Fruit Juice"}],"is_trial":false,"path_per_floor":["M","M","$","?","T","R","E","R","T","R","$","M","M","M","R","B"],"character_chosen":"THE_SILENT","items_purchased":["Noxious Fumes","Acrobatics"],"campfire_rested":0,"item_purchase_floors":[3,11],"current_hp_per_floor":[59,59,59,24,24,24,26,26,26,26,26,27,27,32,32,2],"gold":108,"neow_bonus":"THREE_ENEMY_KILL","is_prod":false,"is_daily":false,"chose_seed":false,"campfire_upgraded":3,"win_rate":0,"timestamp":1569510154,"path_taken":["M","M","$","?","?","R","E","R","T","R","$","M","M","M","R","BOSS"],"build_version":"2019-09-25","purchased_purges":1,"victory":false,"max_hp_per_floor":[66,66,66,66,66,66,68,68,68,68,68,70,70,75,75,75],"card_choices":[{"not_picked":["Sucker Punch","Prepared","Dash"],"picked":"SKIP","floor":1},{"not_picked":["Blade Dance","Dodge and Roll","Dagger Throw"],"picked":"SKIP","floor":2},{"not_picked":["Venomology","Underhanded Strike","Masterful Stab","Dodge and Roll"],"picked":"Singing Bowl","floor":7},{"not_picked":["Deflect","Outmaneuver","Dagger Throw","Prepared"],"picked":"Singing Bowl","floor":12},{"not_picked":["Accuracy","Poisoned Stab","Storm of Steel"],"picked":"Backflip","floor":13},{"not_picked":["Crippling Poison","Sucker Punch","Dagger Throw"],"picked":"Flechettes","floor":14}],"player_experience":1017459,"relics_obtained":[{"floor":5,"key":"Question Card"},{"floor":7,"key":"Singing Bowl"}],"event_choices":[{"damage_healed":0,"gold_gain":0,"player_choice":"Success","damage_taken":35,"relics_obtained":["StrikeDummy"],"max_hp_gain":0,"max_hp_loss":0,"event_name":"Scrap Ooze","floor":4,"gold_loss":0}],"is_beta":true,"boss_relics":[],"items_purged_floors":[11],"is_endless":false,"potions_floor_spawned":[12,13],"killed_by":"Slime Boss","ascension_level":20}