{"gold_per_floor":[111,124,124,144,159,200,200,240,240,240,261,292,131,144,144,144],"floor_reached":16,"playtime":617,"items_purged":[],"score":122,"play_id":"cb8112e9-5f61-47d6-adeb-38945fb94ac8","local_time":"20191002154022","is_ascension_mode":false,"campfire_choices":[{"floor":7,"key":"REST"},{"data":"Hologram","floor":10,"key":"SMITH"},{"floor":15,"key":"REST"}],"neow_cost":"NONE","seed_source_timestamp":495156685828100,"circlet_count":0,"master_deck":["Strike_B","Strike_B","Strike_B","Strike_B","Defend_B","Defend_B","Defend_B+1","Defend_B","Zap","Dualcast","Hologram+1","White Noise+1","Scrape","Seek","Madness","Self Repair","Gash"],"relics":["Cracked Core","NeowsBlessing","Golden Idol","Cables","Darkstone Periapt","Kunai","War Paint"],"potions_floor_usage":[6,11,14,16],"damage_taken":[{"damage":0,"enemies":"2 Louse","floor":1,"turns":1},{"damage":0,"enemies":"Jaw Worm","floor":2,"turns":1},{"damage":0,"enemies":"Small Slimes","floor":4,"turns":1},{"damage":17,"enemies":"3 Louse","floor":5,"turns":4},{"damage":30,"enemies":"Gremlin Nob","floor":6,"turns":4},{"damage":4,"enemies":"3 Sentries","floor":8,"turns":2},{"damage":0,"enemies":"Lots of Slimes","floor":11,"turns":2},{"damage":11,"enemies":"Gremlin Nob","floor":12,"turns":3},{"damage":12,"enemies":"Gremlin Gang","floor":14,"turns":3},{"damage":39,"enemies":"The Guardian","floor":16,"turns":8}],"seed_played":"4873756922424868033","potions_obtained":[{"floor":5,"key":"PowerPotion"},{"floor":8,"key":"Explosive Potion"},{"floor":12,"key":"Swift Potion"},{"floor":14,"key":"PowerPotion"}],"is_trial":false,"path_per_floor":["M","M","?","M","M","E","R","E","T","R","M","E","$","M","R","B"],"character_chosen":"DEFECT","items_purchased":["Madness","Self Repair"],"campfire_rested":2,"item_purchase_floors":[13,13],"current_hp_per_floor":[75,75,57,57,40,10,32,28,28,28,28,17,17,12,34,0],"gold":144,"neow_bonus":"THREE_ENEMY_KILL","is_prod":false,"is_daily":false,"chose_seed":false,"campfire_upgraded":1,"win_rate":0.0,"timestamp":1570023622,"path_taken":["M","M","?","M","M","E","R","E","T","R","M","E","$","M","R","BOSS"],"build_version":"2019-07-17","purchased_purges":0,"victory":false,"max_hp_per_floor":[75,75,75,75,75,75,75,75,75,75,75,75,75,75,75,75],"card_choices":[{"not_picked":["Ball Lightning","Sweeping Beam"],"picked":"Hologram","floor":1},{"not_picked":["Skim","Capacitor","Turbo"],"picked":"SKIP","floor":2},{"not_picked":["Stack","Static Discharge"],"picked":"White Noise","floor":4},{"not_picked":["Turbo","Glacier","Reinforced Body"],"picked":"SKIP","floor":5},{"not_picked":["Double Energy","Cold Snap","Defragment"],"picked":"SKIP","floor":6},{"not_picked":["Hello World","Melter"],"picked":"Scrape","floor":8},{"not_picked":["Steam Power","Undo","Redo"],"picked":"SKIP","floor":11},{"not_picked":["Scrape","Gash"],"picked":"Seek","floor":12},{"not_picked":["Compile Driver","Coolheaded"],"picked":"Gash","floor":14}],"player_experience":136825,"relics_obtained":[{"floor":6,"key":"Cables"},{"floor":8,"key":"Darkstone Periapt"},{"floor":9,"key":"Kunai"},{"floor":12,"key":"War Paint"}],"event_choices":[{"damage_healed":0,"gold_gain":0,"player_choice":"Take Damage","damage_taken":18,"relics_obtained":["Golden Idol"],"max_hp_gain":0,"max_hp_loss":0,"event_name":"Golden Idol","floor":3,"gold_loss":0}],"is_beta":false,"boss_relics":[],"items_purged_floors":[],"is_endless":false,"potions_floor_spawned":[5,8,12,14],"killed_by":"The Guardian","ascension_level":0}