{"gold_per_floor":[115,115,115,138,24,24,47,82,82,105,105,121,121,136,136,260,260,285,116,107,151,26,26,26,26,326,326,326],"floor_reached":28,"playtime":1468,"items_purged":["Strike_G","Strike_G","Strike_G"],"score":302,"play_id":"5dced5b7-8824-47cd-83e9-5f665cd476ef","local_time":"20190124181232","is_ascension_mode":true,"campfire_choices":[{"data":"Infinite Blades","floor":6,"key":"SMITH"},{"data":"Terror","floor":11,"key":"SMITH"},{"floor":13,"key":"DIG"},{"floor":15,"key":"DIG"},{"floor":23,"key":"DIG"}],"neow_cost":"NONE","seed_source_timestamp":3820491183500,"circlet_count":0,"master_deck":["Defend_G","Defend_G","Defend_G+1","Defend_G","Defend_G+1","Strike_G","Strike_G","Survivor","Neutralize+1","Cloak And Dagger","Infinite Blades+1","Cloak And Dagger","Terror+1","Cloak And Dagger","Adrenaline","Escape Plan+1","Infinite Blades","Blade Dance+1"],"relics":["Ring of the Snake","War Paint","Golden Idol","Thread and Needle","Shovel","Ornamental Fan","Dream Catcher","Black Star","Red Mask","Vajra","Old Coin"],"potions_floor_usage":[8,8,21],"damage_taken":[{"damage":0,"enemies":"2 Louse","floor":1,"turns":4},{"damage":0,"enemies":"Jaw Worm","floor":4,"turns":5},{"damage":0,"enemies":"Cultist","floor":7,"turns":4},{"damage":23,"enemies":"3 Sentries","floor":8,"turns":11},{"damage":0,"enemies":"3 Louse","floor":10,"turns":5},{"damage":0,"enemies":"Large Slime","floor":12,"turns":4},{"damage":0,"enemies":"2 Fungi Beasts","floor":14,"turns":4},{"damage":15,"enemies":"The Guardian","floor":16,"turns":15},{"damage":0,"enemies":"3 Byrds","floor":18,"turns":8},{"damage":0,"enemies":"2 Thieves","floor":20,"turns":4},{"damage":36,"enemies":"Masked Bandits","floor":21,"turns":8},{"damage":8,"enemies":"Colosseum Slavers","floor":27,"turns":7},{"damage":11,"enemies":"Slavers","floor":28,"turns":3}],"seed_played":"7834456023838646854","potions_obtained":[{"floor":1,"key":"FearPotion"},{"floor":4,"key":"Dexterity Potion"},{"floor":10,"key":"SkillPotion"},{"floor":16,"key":"AttackPotion"},{"floor":18,"key":"Weak Potion"}],"is_trial":false,"path_per_floor":["M","?","?","M","$","R","M","E","T","M","R","M","R","M","R","B",null,"M","$","M","?","$","R","?","$","T","?","E"],"character_chosen":"THE_SILENT","items_purchased":["Infinite Blades","Infinite Blades"],"campfire_rested":0,"item_purchase_floors":[5,19],"current_hp_per_floor":[63,46,46,46,46,46,46,23,23,23,23,23,23,23,23,8,55,55,55,55,19,19,19,19,19,19,11,0],"gold":326,"neow_bonus":"RANDOM_COMMON_RELIC","is_prod":false,"is_daily":false,"chose_seed":false,"campfire_upgraded":2,"win_rate":0,"timestamp":1548371552,"path_taken":["M","?","?","?","$","R","M","E","T","M","R","M","R","M","R","BOSS","M","$","M","?","$","R","?","$","T","?","E"],"build_version":"2019-01-23","purchased_purges":3,"victory":false,"max_hp_per_floor":[70,70,70,70,70,70,70,70,70,70,70,70,70,70,70,70,70,70,70,70,70,70,70,70,70,70,70,70],"card_choices":[{"not_picked":["Setup","Outmaneuver","Deflect"],"picked":"SKIP","floor":1},{"not_picked":["Dagger Throw","Quick Slash"],"picked":"Cloak And Dagger","floor":4},{"not_picked":["Deflect","Deadly Poison","Setup"],"picked":"SKIP","floor":7},{"not_picked":["Dagger Spray","Slice"],"picked":"Cloak And Dagger","floor":8},{"not_picked":["Riddle With Holes","Acrobatics"],"picked":"Terror","floor":10},{"not_picked":["PiercingWail","Deadly Poison"],"picked":"Cloak And Dagger","floor":12},{"not_picked":["Underhanded Strike","Bouncing Flask","Acrobatics"],"picked":"SKIP","floor":14},{"not_picked":["Bullet Time","Grand Finale"],"picked":"Adrenaline","floor":16},{"not_picked":["Catalyst","Flying Knee"],"picked":"Escape Plan+1","floor":18},{"not_picked":["Skewer","Setup"],"picked":"Blade Dance+1","floor":20}],"player_experience":194950,"relics_obtained":[{"floor":8,"key":"Thread and Needle"},{"floor":9,"key":"Shovel"},{"floor":13,"key":"Ornamental Fan"},{"floor":15,"key":"Dream Catcher"},{"floor":21,"key":"Red Mask"},{"floor":23,"key":"Vajra"},{"floor":26,"key":"Old Coin"}],"event_choices":[{"damage_healed":0,"gold_gain":0,"player_choice":"Take Damage","damage_taken":17,"relics_obtained":["Golden Idol"],"max_hp_gain":0,"max_hp_loss":0,"event_name":"Golden Idol","floor":2,"gold_loss":0},{"damage_healed":0,"gold_gain":0,"player_choice":"Upgraded","damage_taken":0,"max_hp_gain":0,"max_hp_loss":0,"event_name":"Upgrade Shrine","floor":3,"gold_loss":0,"cards_upgraded":["Neutralize"]},{"damage_healed":0,"gold_gain":0,"player_choice":"Fought Bandits","damage_taken":0,"max_hp_gain":0,"max_hp_loss":0,"event_name":"Masked Bandits","floor":21,"gold_loss":0},{"damage_healed":0,"gold_gain":0,"player_choice":"Ignored","damage_taken":0,"max_hp_gain":0,"max_hp_loss":0,"event_name":"Cursed Tome","floor":24,"gold_loss":0},{"damage_healed":0,"gold_gain":0,"player_choice":"Fight","damage_taken":0,"max_hp_gain":0,"max_hp_loss":0,"event_name":"Colosseum","floor":27,"gold_loss":0},{"damage_healed":0,"gold_gain":0,"player_choice":"Fled From Nobs","damage_taken":0,"max_hp_gain":0,"max_hp_loss":0,"event_name":"Colosseum","floor":27,"gold_loss":0}],"is_beta":false,"boss_relics":[{"not_picked":["Runic Pyramid","Coffee Dripper"],"picked":"Black Star"}],"items_purged_floors":[5,19,22],"is_endless":false,"potions_floor_spawned":[1,4,10,16,18,27],"killed_by":"Slavers","ascension_level":8}