{"gold_per_floor":[117,127,77,77,10,10,41,59,359,359,390,390,401,432,432,432],"floor_reached":16,"playtime":524,"items_purged":[],"score":157,"play_id":"854c1f68-2ce5-46a6-b33d-4d61862eda70","local_time":"20191006131442","is_ascension_mode":true,"campfire_choices":[{"data":"Setup","floor":6,"key":"SMITH"},{"data":"Catalyst","floor":10,"key":"SMITH"},{"data":"All Out Attack","floor":12,"key":"SMITH"},{"floor":15,"key":"REST"}],"neow_cost":"NONE","seed_source_timestamp":99216802767800,"circlet_count":0,"master_deck":["Strike_G","Strike_G","Strike_G","Strike_G","Defend_G","Defend_G","Defend_G","Defend_G","Defend_G","Survivor","Neutralize","Setup+1","Catalyst+1","Backstab","All Out Attack+1","Blur","Deflect"],"relics":["Ring of the Snake","NeowsBlessing","Peace Pipe","Old Coin","Molten Egg 2","Oddly Smooth Stone"],"potions_floor_usage":[14],"damage_taken":[{"damage":0,"enemies":"Small Slimes","floor":1,"turns":1},{"damage":0,"enemies":"Cultist","floor":2,"turns":1},{"damage":0,"enemies":"Gremlin Nob","floor":7,"turns":1},{"damage":2,"enemies":"2 Louse","floor":8,"turns":4},{"damage":11,"enemies":"3 Sentries","floor":11,"turns":10},{"damage":7,"enemies":"Large Slime","floor":13,"turns":4},{"damage":45,"enemies":"Lagavulin","floor":14,"turns":11},{"damage":0,"enemies":"The Guardian","floor":16,"turns":1}],"seed_played":"-8237190099776443371","potions_obtained":[{"floor":1,"key":"GamblersBrew"},{"floor":13,"key":"Explosive Potion"},{"floor":14,"key":"EntropicBrew"}],"is_trial":false,"path_per_floor":["M","M","?","?","$","R","E","M","T","R","E","R","M","E","R","B"],"character_chosen":"THE_SILENT","items_purchased":["Catalyst"],"campfire_rested":1,"item_purchase_floors":[5],"current_hp_per_floor":[70,70,70,70,70,70,70,68,68,68,57,57,50,5,26,26],"gold":432,"neow_bonus":"THREE_ENEMY_KILL","is_prod":false,"is_daily":false,"chose_seed":false,"campfire_upgraded":3,"win_rate":0,"timestamp":1570360482,"path_taken":["M","M","?","?","$","R","E","M","T","R","E","R","M","E","R","BOSS"],"build_version":"2019-07-17","purchased_purges":0,"victory":false,"max_hp_per_floor":[70,70,70,70,70,70,70,70,70,70,70,70,70,70,70,70],"card_choices":[{"not_picked":["Poisoned Stab","Deflect"],"picked":"Setup","floor":1},{"not_picked":["Dagger Spray","Deflect","PiercingWail"],"picked":"SKIP","floor":2},{"not_picked":["Dagger Spray","Underhanded Strike"],"picked":"Backstab","floor":7},{"not_picked":["Deadly Poison","Eviscerate"],"picked":"All Out Attack","floor":8},{"not_picked":["Acrobatics","Slice","Dagger Spray"],"picked":"SKIP","floor":11},{"not_picked":["Flying Knee+1","Accuracy"],"picked":"Blur","floor":13},{"not_picked":["Acrobatics","Choke+1"],"picked":"Deflect","floor":14}],"player_experience":221406,"relics_obtained":[{"floor":7,"key":"Peace Pipe"},{"floor":9,"key":"Old Coin"},{"floor":11,"key":"Molten Egg 2"},{"floor":14,"key":"Oddly Smooth Stone"}],"event_choices":[{"cards_removed":["Strike_G"],"damage_healed":0,"gold_gain":0,"player_choice":"Card Removal","damage_taken":0,"max_hp_gain":0,"max_hp_loss":0,"event_name":"The Cleric","floor":3,"gold_loss":50},{"damage_healed":0,"gold_gain":0,"player_choice":"Bought 0 Potions","damage_taken":0,"max_hp_gain":0,"max_hp_loss":0,"event_name":"The Woman in Blue","floor":4,"gold_loss":0}],"is_beta":false,"boss_relics":[],"items_purged_floors":[],"is_endless":false,"potions_floor_spawned":[1,13,14],"killed_by":"The Guardian","ascension_level":2}