{"path_per_floor":["M","M","M","?","M","E","$","?","T","$","M","R","M","M","R","B",null,"M","M","?","M","$","R","M","R","T","M"],"character_chosen":"THE_SILENT","items_purchased":["Backstab"],"gold_per_floor":[116,136,152,102,121,151,5,5,5,5,21,21,40,55,55,153,153,172,183,83,102,2,2,16,16,42,56],"floor_reached":28,"campfire_rested":3,"playtime":1742,"current_hp_per_floor":[60,60,55,55,51,36,36,33,33,33,25,46,44,42,42,24,59,54,33,33,9,9,30,2,23,23,15],"items_purged":["Deflect","Setup"],"gold":56,"score":291,"play_id":"6ad391b1-9cb7-4645-9df0-86fd8b3b5cf1","is_prod":false,"is_daily":false,"is_ascension_mode":true,"campfire_upgraded":1,"path_taken":["M","?","M","?","M","E","$","?","T","?","M","R","?","M","R","BOSS","M","M","?","M","$","R","M","R","T","?","M"],"build_version":"2018-02-08-PROD1","purchased_purges":3,"victory":false,"master_deck":["Survivor","Neutralize","Heel Hook","Bouncing Flask","Envenom","Acrobatics","Well Laid Plans","Noxious Fumes+1","Sucker Punch","Backflip","Bane","Backstab","Noxious Fumes","Backflip","After Image","Catalyst","Setup+1","J.A.X.","Escape Plan+1","Cloak And Dagger","Blur"],"max_hp_per_floor":[70,70,70,70,70,70,70,70,70,70,70,70,70,70,70,70,70,70,70,70,70,70,70,70,70,70,70],"relics":["Pandora\u0027s Box","Blood Vial","Ginger","Frozen Eye","Philosopher\u0027s Stone","Prayer Wheel"],"card_choices":[{"not_picked":["Reflex","Predator"],"picked":"Backflip"},{"not_picked":["Underhanded Strike","Deflect"],"picked":"Bane"},{"not_picked":["Calculated Gamble","PiercingWail"],"picked":"Noxious Fumes"},{"not_picked":["Bouncing Flask","Deadly Poison"],"picked":"Backflip"},{"not_picked":["Bullet Time","Venomology"],"picked":"After Image"},{"not_picked":["Acrobatics","Outmaneuver"],"picked":"Catalyst"},{"not_picked":["Eviscerate","Slice"],"picked":"Setup"},{"not_picked":["Quick Slash","Masterful Stab"],"picked":"Escape Plan"},{"not_picked":["Sucker Punch","Flechettes"],"picked":"Cloak And Dagger"},{"not_picked":["Prepared","Acrobatics"],"picked":"Blur"}],"player_experience":149313,"potions_floor_usage":[6,6,16,19,28,28,28],"damage_taken":[{"damage":3,"enemies":"Blue Slaver","floor":1,"turns":3},{"damage":0,"enemies":"Cultist","floor":2,"turns":4},{"damage":5,"enemies":"Small Slimes","floor":3,"turns":4},{"damage":4,"enemies":"Looter","floor":5,"turns":3},{"damage":15,"enemies":"Gremlin Nob","floor":6,"turns":4},{"damage":10,"enemies":"2 Fungi Beasts","floor":11,"turns":2},{"damage":4,"enemies":"Exordium Thugs","floor":13,"turns":4},{"damage":4,"enemies":"Exordium Wildlife","floor":14,"turns":4},{"damage":20,"enemies":"Hexaghost","floor":16,"turns":7},{"damage":7,"enemies":"Spheric Guardian","floor":18,"turns":5},{"damage":23,"enemies":"2 Thieves","floor":19,"turns":4},{"damage":26,"enemies":"Chosen and Byrds","floor":21,"turns":4},{"damage":30,"enemies":"Centurion and Healer","floor":24,"turns":5},{"damage":10,"enemies":"3 Cultists","floor":27,"turns":5},{"damage":20,"enemies":"Snake Plant","floor":28,"turns":2}],"event_choices":[{"event_name":"The Cleric","player_choice":"Card Removal","floor":4,"damage_taken":0},{"event_name":"Scrap Ooze","player_choice":"success","floor":8,"damage_taken":3},{"event_name":"Drug Dealer","player_choice":"Got JAXXED","floor":20,"damage_taken":0}],"boss_relics":[{"not_picked":["Question Card","Tiny House"],"picked":"Philosopher\u0027s Stone"}],"potions_floor_spawned":[3,5,11,13,18,19,27],"seed_played":"-2620678736461280968","killed_by":"Snake Plant","ascension_level":6,"is_trial":false}