{"gold_per_floor":[109,124,143,143,160,160,195,195,195,195,228,245,153,163,163,259,259,246,256,268,284,284,284],"floor_reached":23,"playtime":1274,"items_purged":[],"score":267,"play_id":"4ff729bf-2869-4a79-b0f9-a6dc1fa0f0eb","local_time":"20190212214552","is_ascension_mode":true,"campfire_choices":[{"data":"Terror","floor":6,"key":"SMITH"},{"data":"Cloak And Dagger","floor":8,"key":"SMITH"},{"floor":15,"key":"REST"}],"neow_cost":"NONE","seed_source_timestamp":2590290449710509,"circlet_count":0,"master_deck":["Defend_G+1","Defend_G+1","Defend_G+1","Defend_G+1","Defend_G+1","Strike_G+1","Strike_G+1","Strike_G+1","Strike_G+1","Strike_G+1","Survivor","Neutralize","Blur","Cloak And Dagger+1","Leg Sweep+1","Terror+1","Slice+1","Cloak And Dagger","Heel Hook","Acrobatics","Phantasmal Killer","Deadly Poison","Blur+1","Storm of Steel","Predator+1"],"relics":["WristBlade","Juzu Bracelet","War Paint","Mummified Hand","Smiling Mask","Cursed Key"],"potions_floor_usage":[16,18,19],"damage_taken":[{"damage":1,"enemies":"2 Louse","floor":1,"turns":4},{"damage":1,"enemies":"Cultist","floor":2,"turns":6},{"damage":0,"enemies":"Jaw Worm","floor":3,"turns":5},{"damage":1,"enemies":"Exordium Wildlife","floor":5,"turns":6},{"damage":15,"enemies":"Lagavulin","floor":7,"turns":9},{"damage":2,"enemies":"3 Sentries","floor":11,"turns":9},{"damage":0,"enemies":"2 Fungi Beasts","floor":12,"turns":3},{"damage":8,"enemies":"Large Slime","floor":14,"turns":7},{"damage":5,"enemies":"Hexaghost","floor":16,"turns":12},{"damage":13,"enemies":"2 Thieves","floor":18,"turns":4},{"damage":0,"enemies":"Spheric Guardian","floor":19,"turns":3},{"damage":33,"enemies":"Snecko","floor":20,"turns":7},{"damage":7,"enemies":"Snake Plant","floor":21,"turns":4},{"damage":12,"enemies":"Gremlin Leader","floor":23,"turns":3}],"seed_played":"-4875115395407266997","potions_obtained":[{"floor":3,"key":"Dexterity Potion"},{"floor":5,"key":"SteroidPotion"},{"floor":14,"key":"SkillPotion"},{"floor":16,"key":"Swift Potion"},{"floor":18,"key":"AttackPotion"},{"floor":20,"key":"Poison Potion"}],"is_trial":false,"path_per_floor":["M","M","M","?","M","R","E","R","T","?","E","M","?","M","R","B",null,"M","M","M","M","?","E"],"character_chosen":"THE_SILENT","items_purchased":[],"campfire_rested":1,"item_purchase_floors":[],"current_hp_per_floor":[62,61,61,61,60,60,45,45,45,45,43,43,43,35,56,51,65,52,52,19,12,12,0],"gold":284,"neow_bonus":"BOSS_RELIC","is_prod":false,"is_daily":false,"chose_seed":false,"campfire_upgraded":2,"win_rate":0,"timestamp":1550000752,"path_taken":["M","M","M","?","M","R","E","R","T","?","E","M","?","M","R","BOSS","M","M","M","M","?","E"],"build_version":"2019-01-23","purchased_purges":0,"victory":false,"max_hp_per_floor":[70,70,70,70,70,70,70,70,70,70,70,70,70,70,70,70,70,70,70,70,70,70,70],"card_choices":[{"not_picked":["Dagger Throw","PiercingWail"],"picked":"Blur","floor":1},{"not_picked":["Backflip","Dagger Throw"],"picked":"Cloak And Dagger","floor":2},{"not_picked":["Expertise","Underhanded Strike"],"picked":"Leg Sweep","floor":3},{"not_picked":["Outmaneuver","Escape Plan"],"picked":"Terror","floor":5},{"not_picked":["Flying Knee","Dagger Throw"],"picked":"Slice","floor":7},{"not_picked":["Finisher","Acrobatics"],"picked":"Cloak And Dagger","floor":11},{"not_picked":["Sucker Punch","All Out Attack"],"picked":"Heel Hook","floor":12},{"not_picked":["All Out Attack","Outmaneuver"],"picked":"Acrobatics","floor":14},{"not_picked":["Malaise","A Thousand Cuts"],"picked":"Phantasmal Killer","floor":16},{"not_picked":["Dagger Throw+1","Flying Knee"],"picked":"Deadly Poison","floor":18},{"not_picked":["Reflex","Cloak And Dagger"],"picked":"Blur+1","floor":19},{"not_picked":["Deflect","Concentrate"],"picked":"Storm of Steel","floor":20},{"not_picked":["Concentrate","Dagger Spray"],"picked":"Predator+1","floor":21}],"player_experience":211713,"relics_obtained":[{"floor":7,"key":"Juzu Bracelet"},{"floor":9,"key":"War Paint"},{"floor":11,"key":"Mummified Hand"}],"event_choices":[{"damage_healed":0,"gold_gain":0,"player_choice":"Bought 0 Potions","damage_taken":0,"max_hp_gain":0,"max_hp_loss":0,"event_name":"The Woman in Blue","floor":4,"gold_loss":0},{"damage_healed":0,"gold_gain":0,"player_choice":"Grow","damage_taken":0,"max_hp_gain":0,"max_hp_loss":0,"event_name":"Living Wall","floor":10,"gold_loss":0,"cards_upgraded":["Slice"]},{"damage_healed":0,"gold_gain":0,"player_choice":"Paid Gold","damage_taken":0,"relics_obtained":["Smiling Mask"],"max_hp_gain":0,"max_hp_loss":0,"event_name":"WeMeetAgain","floor":13,"gold_loss":92},{"damage_healed":0,"gold_gain":0,"player_choice":"Simplicity","damage_taken":0,"max_hp_gain":0,"max_hp_loss":0,"event_name":"Back to Basics","floor":22,"gold_loss":0,"cards_upgraded":["Defend_G","Defend_G","Defend_G","Defend_G","Strike_G","Strike_G","Strike_G","Strike_G","Strike_G"]}],"is_beta":false,"boss_relics":[{"not_picked":["Empty Cage","Philosopher\u0027s Stone"],"picked":"Cursed Key"}],"items_purged_floors":[],"is_endless":false,"potions_floor_spawned":[3,5,14,16,18,20,21],"killed_by":"Gremlin Leader","ascension_level":6}