{"gold_per_floor":[113,113,66,66,77,108,108,133,133,158,171,201,215,215,215,317,317,328,328,428,78,78],"floor_reached":22,"playtime":1380,"items_purged":[],"score":248,"play_id":"814217ba-34c3-44fb-b5d5-97326fcc85c3","local_time":"20190104144133","is_ascension_mode":true,"campfire_choices":[{"data":"Survivor","floor":7,"key":"SMITH"},{"floor":15,"key":"REST"}],"neow_cost":"NONE","seed_source_timestamp":1197805982252588,"circlet_count":0,"master_deck":["Defend_G","Defend_G","Defend_G","Defend_G","Defend_G","Strike_G","Strike_G","Strike_G","Strike_G","Strike_G","Survivor+1","Neutralize","Catalyst+1","Poisoned Stab","Quick Slash","Bane","Deadly Poison","Dash","PiercingWail","Burst","Acrobatics+1","Poisoned Stab","Catalyst","Catalyst+1","Finesse"],"relics":["Ring of the Snake","NeowsBlessing","Mango","Du-Vu Doll","Paper Crane","Juzu Bracelet","Fusion Hammer","MutagenicStrength","Prayer Wheel","Letter Opener","DollysMirror"],"potions_floor_usage":[20,20],"damage_taken":[{"damage":0,"enemies":"Jaw Worm","floor":1,"turns":1},{"damage":0,"enemies":"Cultist","floor":5,"turns":1},{"damage":0,"enemies":"Gremlin Nob","floor":6,"turns":1},{"damage":31,"enemies":"Lagavulin","floor":8,"turns":7},{"damage":18,"enemies":"Gremlin Nob","floor":10,"turns":3},{"damage":0,"enemies":"2 Louse","floor":11,"turns":2},{"damage":14,"enemies":"Red Slaver","floor":13,"turns":2},{"damage":39,"enemies":"Slime Boss","floor":16,"turns":10},{"damage":0,"enemies":"3 Byrds","floor":18,"turns":8},{"damage":28,"enemies":"Colosseum Slavers","floor":20,"turns":5},{"damage":45,"enemies":"Colosseum Nobs","floor":20,"turns":6},{"damage":19,"enemies":"Spheric Guardian","floor":22,"turns":3}],"seed_played":"8376361184872451344","potions_obtained":[{"floor":4,"key":"SteroidPotion"},{"floor":4,"key":"Explosive Potion"},{"floor":4,"key":"Strength Potion"},{"floor":13,"key":"Energy Potion"}],"is_trial":false,"path_per_floor":["M","?","$","?","M","E","R","E","T","E","M","?","M","?","R","B",null,"M","?","?","$","M"],"character_chosen":"THE_SILENT","items_purchased":["Poisoned Stab","Catalyst","DollysMirror","Finesse"],"campfire_rested":1,"item_purchase_floors":[3,21,21,21],"current_hp_per_floor":[70,70,70,70,70,84,84,53,53,35,35,35,21,21,46,7,84,84,84,11,11,0],"gold":78,"neow_bonus":"THREE_ENEMY_KILL","is_prod":false,"is_daily":false,"chose_seed":false,"campfire_upgraded":1,"win_rate":0,"timestamp":1546605693,"path_taken":["M","?","?","?","M","E","R","E","T","E","M","?","M","?","R","BOSS","M","?","?","$","M"],"build_version":"2019-01-03v3","purchased_purges":0,"victory":false,"max_hp_per_floor":[70,70,70,70,70,84,84,84,84,84,84,84,84,84,84,84,84,84,84,84,84,84],"card_choices":[{"not_picked":["Dagger Spray","Bane"],"picked":"Catalyst","floor":1},{"not_picked":["Flying Knee","Underhanded Strike"],"picked":"Quick Slash","floor":5},{"not_picked":["Dagger Spray","Grand Finale"],"picked":"Bane","floor":6},{"not_picked":["Blur","Masterful Stab"],"picked":"Deadly Poison","floor":8},{"not_picked":["Blade Dance","Choke","Outmaneuver"],"picked":"SKIP","floor":10},{"not_picked":["Prepared","Cloak And Dagger"],"picked":"Dash","floor":11},{"not_picked":["Venomology","Crippling Poison"],"picked":"PiercingWail","floor":13},{"not_picked":["Grand Finale","Die Die Die"],"picked":"Burst","floor":16},{"not_picked":["Underhanded Strike","Flechettes"],"picked":"Acrobatics+1","floor":18},{"not_picked":["Backflip","Flying Knee+1"],"picked":"Poisoned Stab","floor":20}],"player_experience":107147,"relics_obtained":[{"floor":6,"key":"Mango"},{"floor":8,"key":"Du-Vu Doll"},{"floor":9,"key":"Paper Crane"},{"floor":10,"key":"Juzu Bracelet"},{"floor":20,"key":"Prayer Wheel"},{"floor":20,"key":"Letter Opener"}],"event_choices":[{"damage_healed":0,"gold_gain":0,"player_choice":"Forge","damage_taken":0,"max_hp_gain":0,"max_hp_loss":0,"event_name":"Accursed Blacksmith","floor":2,"gold_loss":0,"cards_upgraded":["Catalyst"]},{"damage_healed":0,"gold_gain":0,"player_choice":"Got Potions","damage_taken":0,"max_hp_gain":0,"max_hp_loss":0,"event_name":"Lab","floor":4,"gold_loss":0},{"damage_healed":0,"gold_gain":30,"player_choice":"Searched \u00272\u0027 times","damage_taken":0,"max_hp_gain":0,"max_hp_loss":0,"event_name":"Dead Adventurer","floor":12,"gold_loss":0},{"damage_healed":0,"gold_gain":0,"player_choice":"Ignored","damage_taken":0,"max_hp_gain":0,"max_hp_loss":0,"event_name":"Liars Game","floor":14,"gold_loss":0},{"damage_healed":0,"gold_gain":0,"player_choice":"Inject Mutagens","damage_taken":0,"relics_obtained":["MutagenicStrength"],"max_hp_gain":0,"max_hp_loss":0,"event_name":"Drug Dealer","floor":19,"gold_loss":0},{"damage_healed":0,"gold_gain":0,"player_choice":"Fight","damage_taken":0,"max_hp_gain":0,"max_hp_loss":0,"event_name":"Colosseum","floor":20,"gold_loss":0},{"damage_healed":0,"gold_gain":0,"player_choice":"Fought Nobs","damage_taken":0,"max_hp_gain":0,"max_hp_loss":0,"event_name":"Colosseum","floor":20,"gold_loss":0}],"is_beta":false,"boss_relics":[{"not_picked":["Tiny House","Runic Pyramid"],"picked":"Fusion Hammer"}],"items_purged_floors":[],"is_endless":false,"potions_floor_spawned":[10,13,18],"killed_by":"Spheric Guardian","ascension_level":2}