{"gold_per_floor":[111,111,131,131,146,146,177,177,258,142,158,158,170,202,202,306,306,319,121,121,132,59,59,86,86,134,134],"floor_reached":27,"playtime":979,"items_purged":[],"score":263,"play_id":"092e6023-54b7-4cf4-a256-900ca09e7e66","local_time":"20191006184239","is_ascension_mode":true,"campfire_choices":[{"data":"Caltrops","floor":6,"key":"SMITH"},{"data":"Survivor","floor":8,"key":"SMITH"},{"data":"Noxious Fumes","floor":12,"key":"SMITH"},{"floor":15,"key":"REST"},{"floor":23,"key":"REST"},{"floor":25,"key":"REST"}],"neow_cost":"NONE","seed_source_timestamp":118437317118000,"circlet_count":0,"master_deck":["Strike_G","Strike_G","Strike_G","Defend_G","Defend_G","Defend_G","Defend_G","Survivor+1","Neutralize","Caltrops+1","Bouncing Flask+1","Noxious Fumes+1","Backflip","Distraction","Deadly Poison","Catalyst","Deadly Poison","Dagger Spray+1","Burst"],"relics":["Ring of the Snake","NeowsBlessing","PreservedInsect","Calipers","Kunai","Molten Egg 2","Empty Cage","Membership Card","Bottled Tornado"],"potions_floor_usage":[16,24,24,24,24],"damage_taken":[{"damage":0,"enemies":"Small Slimes","floor":1,"turns":1},{"damage":0,"enemies":"Cultist","floor":3,"turns":1},{"damage":0,"enemies":"2 Louse","floor":5,"turns":1},{"damage":8,"enemies":"Lagavulin","floor":7,"turns":7},{"damage":0,"enemies":"2 Fungi Beasts","floor":11,"turns":4},{"damage":1,"enemies":"Exordium Wildlife","floor":13,"turns":4},{"damage":12,"enemies":"Gremlin Nob","floor":14,"turns":3},{"damage":42,"enemies":"The Guardian","floor":16,"turns":7},{"damage":16,"enemies":"2 Thieves","floor":18,"turns":4},{"damage":47,"enemies":"3 Byrds","floor":21,"turns":5},{"damage":28,"enemies":"Gremlin Leader","floor":24,"turns":4},{"damage":28,"enemies":"Slavers","floor":27,"turns":2}],"seed_played":"-5215159894681378057","potions_obtained":[{"floor":1,"key":"Ancient Potion"},{"floor":7,"key":"Ancient Potion"},{"floor":13,"key":"LiquidBronze"},{"floor":16,"key":"EntropicBrew"},{"floor":24,"key":"PowerPotion"}],"is_trial":false,"path_per_floor":["M","?","M","?","M","R","E","R","T","$","M","R","M","E","R","B",null,"M","$","?","M","$","R","E","R","T","E"],"character_chosen":"THE_SILENT","items_purchased":["Noxious Fumes","Backflip","Membership Card","Burst"],"campfire_rested":3,"item_purchase_floors":[10,10,19,22],"current_hp_per_floor":[70,67,67,67,67,67,59,59,59,59,59,59,58,46,67,25,70,54,54,54,7,7,28,7,28,28,0],"gold":134,"neow_bonus":"THREE_ENEMY_KILL","is_prod":false,"is_daily":false,"chose_seed":false,"campfire_upgraded":3,"win_rate":0,"timestamp":1570380159,"path_taken":["M","?","M","?","?","R","E","R","T","?","M","R","M","E","R","BOSS","M","$","?","?","$","R","E","R","T","E"],"build_version":"2019-07-17","purchased_purges":0,"victory":false,"max_hp_per_floor":[70,70,70,70,70,70,70,70,70,70,70,70,70,70,70,70,70,70,70,70,70,70,70,70,70,70,70],"card_choices":[{"not_picked":["Eviscerate","Underhanded Strike"],"picked":"Caltrops","floor":1},{"not_picked":["Outmaneuver","Deadly Poison"],"picked":"Bouncing Flask","floor":3},{"not_picked":["Riddle With Holes","Reflex","Prepared"],"picked":"SKIP","floor":5},{"not_picked":["Malaise","PiercingWail","Infinite Blades"],"picked":"SKIP","floor":7},{"not_picked":["Concentrate","Underhanded Strike"],"picked":"Distraction","floor":11},{"not_picked":["Cloak And Dagger","Slice"],"picked":"Deadly Poison","floor":13},{"not_picked":["Distraction","Backstab"],"picked":"Catalyst","floor":14},{"not_picked":["Slice+1","Infinite Blades"],"picked":"Deadly Poison","floor":18},{"not_picked":["Deadly Poison","Finisher+1"],"picked":"Dagger Spray+1","floor":21},{"not_picked":["Infinite Blades","Deadly Poison","Calculated Gamble"],"picked":"SKIP","floor":24}],"player_experience":229760,"relics_obtained":[{"floor":7,"key":"Calipers"},{"floor":9,"key":"Kunai"},{"floor":14,"key":"Molten Egg 2"},{"floor":24,"key":"Bottled Tornado"}],"event_choices":[{"damage_healed":0,"gold_gain":0,"player_choice":"Success","damage_taken":3,"relics_obtained":["PreservedInsect"],"max_hp_gain":0,"max_hp_loss":0,"event_name":"Scrap Ooze","floor":2,"gold_loss":0},{"damage_healed":0,"gold_gain":0,"player_choice":"Forge","damage_taken":0,"max_hp_gain":0,"max_hp_loss":0,"event_name":"Accursed Blacksmith","floor":4,"gold_loss":0,"cards_upgraded":["Bouncing Flask"]},{"cards_removed":["Defend_G"],"damage_healed":0,"gold_gain":0,"player_choice":"Offered Basic","damage_taken":0,"max_hp_gain":0,"max_hp_loss":0,"event_name":"Bonfire Elementals","floor":20,"gold_loss":0}],"is_beta":false,"boss_relics":[{"not_picked":["Pandora\u0027s Box","Tiny House"],"picked":"Empty Cage"}],"items_purged_floors":[],"is_endless":false,"potions_floor_spawned":[1,7,13,16,24],"killed_by":"Slavers","ascension_level":2}