{"gold_per_floor":[109,128,128,128,143,170,170,203,229,229,229,5,15,30,30,132,132,144,157,157,0,15,15,15,15],"floor_reached":25,"playtime":1100,"items_purged":[],"score":236,"play_id":"7f04270e-3f5c-4155-a9ef-402d6231d457","local_time":"20191003152957","is_ascension_mode":false,"campfire_choices":[{"data":"White Noise","floor":7,"key":"SMITH"},{"data":"Rainbow","floor":11,"key":"SMITH"},{"floor":15,"key":"REST"},{"data":"Zap","floor":23,"key":"SMITH"}],"neow_cost":"PERCENT_DAMAGE","seed_source_timestamp":580448819924900,"circlet_count":0,"master_deck":["Strike_B","Strike_B+1","Strike_B","Strike_B+1","Defend_B","Defend_B","Defend_B","Defend_B","Zap+1","Dualcast","White Noise+1","Leap","Conserve Battery","Rainbow+1","Conserve Battery","Ball Lightning","Hologram","Fission","Double Energy","Hologram+1","Leap"],"relics":["Cracked Core","Bird Faced Urn","Whetstone","DataDisk","Smiling Mask","Cables","HandDrill","Inserter","PreservedInsect","Enchiridion"],"potions_floor_usage":[6,16,22,22,25],"damage_taken":[{"damage":6,"enemies":"Jaw Worm","floor":1,"turns":4},{"damage":0,"enemies":"Cultist","floor":2,"turns":3},{"damage":0,"enemies":"Small Slimes","floor":5,"turns":3},{"damage":34,"enemies":"3 Sentries","floor":6,"turns":8},{"damage":0,"enemies":"Lagavulin","floor":8,"turns":7},{"damage":2,"enemies":"Blue Slaver","floor":13,"turns":3},{"damage":1,"enemies":"Red Slaver","floor":14,"turns":3},{"damage":10,"enemies":"The Guardian","floor":16,"turns":8},{"damage":10,"enemies":"2 Thieves","floor":18,"turns":3},{"damage":9,"enemies":"Spheric Guardian","floor":19,"turns":4},{"damage":15,"enemies":"3 Cultists","floor":22,"turns":4},{"damage":40,"enemies":"Gremlin Leader","floor":25,"turns":6}],"seed_played":"8657954129637518272","potions_obtained":[{"floor":1,"key":"Strength Potion"},{"floor":5,"key":"Energy Potion"},{"floor":14,"key":"Block Potion"},{"floor":16,"key":"Regen Potion"},{"floor":18,"key":"Ancient Potion"},{"floor":19,"key":"Poison Potion"}],"is_trial":false,"path_per_floor":["M","M","$","?","M","E","R","E","T","T","R","$","M","M","R","B",null,"M","M","?","$","M","R","?","E"],"character_chosen":"DEFECT","items_purchased":["HandDrill","Conserve Battery","PreservedInsect"],"campfire_rested":1,"item_purchase_floors":[12,12,21],"current_hp_per_floor":[48,48,48,73,75,41,41,43,43,43,43,43,43,44,66,58,75,67,60,46,46,45,45,29,0],"gold":15,"neow_bonus":"ONE_RARE_RELIC","is_prod":false,"is_daily":false,"chose_seed":false,"campfire_upgraded":3,"win_rate":0.0,"timestamp":1570109397,"path_taken":["M","M","$","?","M","E","R","E","T","?","R","$","M","M","R","BOSS","M","M","?","$","M","R","?","E"],"build_version":"2019-07-17","purchased_purges":0,"victory":false,"max_hp_per_floor":[75,75,75,75,75,75,75,75,75,75,75,75,75,75,75,75,75,75,75,80,80,80,80,80,80],"card_choices":[{"not_picked":["Sweeping Beam","Aggregate","Go for the Eyes"],"picked":"SKIP","floor":1},{"not_picked":["Rebound","Redo"],"picked":"White Noise","floor":2},{"not_picked":["Undo","Recycle"],"picked":"Leap","floor":5},{"not_picked":["Coolheaded","Cold Snap"],"picked":"Conserve Battery","floor":6},{"not_picked":["Blizzard","Gash"],"picked":"Rainbow","floor":8},{"not_picked":["Gash","Leap"],"picked":"Ball Lightning","floor":13},{"not_picked":["Cold Snap","Ball Lightning"],"picked":"Hologram","floor":14},{"not_picked":["Hyperbeam","Core Surge"],"picked":"Fission","floor":16},{"not_picked":["Sweeping Beam+1","Recycle"],"picked":"Double Energy","floor":18},{"not_picked":["Melter","Go for the Eyes"],"picked":"Hologram+1","floor":19},{"not_picked":["Rebound+1","Conserve Battery"],"picked":"Leap","floor":22}],"player_experience":156001,"relics_obtained":[{"floor":6,"key":"Whetstone"},{"floor":8,"key":"DataDisk"},{"floor":9,"key":"Smiling Mask"},{"floor":10,"key":"Cables"},{"floor":24,"key":"Enchiridion"}],"event_choices":[{"damage_healed":25,"gold_gain":0,"player_choice":"Banana","damage_taken":0,"max_hp_gain":0,"max_hp_loss":0,"event_name":"Big Fish","floor":4,"gold_loss":0},{"damage_healed":0,"gold_gain":0,"player_choice":"Shed Blood","damage_taken":19,"max_hp_gain":5,"max_hp_loss":0,"event_name":"Forgotten Altar","floor":20,"gold_loss":0},{"damage_healed":0,"gold_gain":0,"player_choice":"Obtained Book","damage_taken":16,"max_hp_gain":0,"max_hp_loss":0,"event_name":"Cursed Tome","floor":24,"gold_loss":0}],"is_beta":false,"boss_relics":[{"not_picked":["Cursed Key","Ectoplasm"],"picked":"Inserter"}],"items_purged_floors":[],"is_endless":false,"potions_floor_spawned":[1,5,14,16,18,19],"killed_by":"Gremlin Leader","ascension_level":0}