{"gold_per_floor":[109,128,128,148,71,71,106,106,106,134,149,183,183,198,198,276,276,289,289,300,133,147,178,178,205,205,215,215,215,39,55,55,134,134,147,172,185,197,122,150,167,194,194,210,223,223,223,234,234,234,234,234,234,77,105,105],"floor_reached":57,"playtime":3631,"items_purged":["Strike_B","Pain"],"score":2823,"play_id":"2211a26f-f699-45e4-978c-655af64f6285","local_time":"20191010162412","is_ascension_mode":true,"campfire_choices":[{"data":"Defragment","floor":6.0,"key":"SMITH"},{"data":"Zap","floor":8.0,"key":"SMITH"},{"data":"Dualcast","floor":13.0,"key":"SMITH"},{"data":"Fusion","floor":15.0,"key":"SMITH"},{"floor":24.0,"key":"REST"},{"data":"Recycle","floor":28.0,"key":"SMITH"},{"data":"Coolheaded","floor":32.0,"key":"SMITH"},{"floor":46.0,"key":"RECALL"},{"data":"Consume","floor":49.0,"key":"SMITH"},{"data":"Hologram","floor":53.0,"key":"SMITH"}],"neow_cost":"NONE","seed_source_timestamp":161249400359853,"circlet_count":0,"master_deck":["AscendersBane","Defend_B+1","Defend_B","Zap+1","Dualcast+1","Sunder+1","Compile Driver","Defragment+1","Recycle+1","Fusion+1","Undo","Turbo","Cold Snap","Meteor Strike","Conserve Battery+1","Reinforced Body","Echo Form","Compile Driver","Hologram+1","Turbo","Coolheaded+1","Self Repair","All For One","Capacitor+1","Sweeping Beam+1","All For One+1","Coolheaded","Consume+1","Heatsinks+1","All For One","Skim","Amplify","Coolheaded+1","Gash+1"],"special_seed":0,"relics":["Cracked Core","NeowsBlessing","White Beast Statue","Bronze Scales","Happy Flower","Dream Catcher","Runic Pyramid","Eternal Feather","Incense Burner","Ornamental Fan","WarpedTongs","Astrolabe","Singing Bowl","Mango","Molten Egg 2","War Paint","Blue Candle"],"potions_floor_usage":[56,56],"damage_taken":[{"damage":0.0,"enemies":"Cultist","floor":1.0,"turns":1.0},{"damage":0.0,"enemies":"2 Louse","floor":2.0,"turns":1.0},{"damage":0.0,"enemies":"Small Slimes","floor":4.0,"turns":1.0},{"damage":8.0,"enemies":"Lagavulin","floor":7.0,"turns":6.0},{"damage":30.0,"enemies":"3 Sentries","floor":10.0,"turns":5.0},{"damage":10.0,"enemies":"Gremlin Gang","floor":11.0,"turns":4.0},{"damage":25.0,"enemies":"Lagavulin","floor":12.0,"turns":6.0},{"damage":2.0,"enemies":"Large Slime","floor":14.0,"turns":5.0},{"damage":6.0,"enemies":"The Guardian","floor":16.0,"turns":12.0},{"damage":1.0,"enemies":"Chosen","floor":18.0,"turns":4.0},{"damage":28.0,"enemies":"2 Thieves","floor":20.0,"turns":4.0},{"damage":10.0,"enemies":"Sentry and Sphere","floor":22.0,"turns":4.0},{"damage":11.0,"enemies":"Gremlin Leader","floor":23.0,"turns":6.0},{"damage":24.0,"enemies":"Slavers","floor":25.0,"turns":5.0},{"damage":0.0,"enemies":"Snecko","floor":27.0,"turns":5.0},{"damage":0.0,"enemies":"3 Cultists","floor":31.0,"turns":5.0},{"damage":0.0,"enemies":"Automaton","floor":33.0,"turns":9.0},{"damage":13.0,"enemies":"3 Shapes","floor":35.0,"turns":8.0},{"damage":0.0,"enemies":"3 Darklings","floor":37.0,"turns":4.0},{"damage":0.0,"enemies":"Transient","floor":38.0,"turns":6.0},{"damage":41.0,"enemies":"Nemesis","floor":40.0,"turns":11.0},{"damage":0.0,"enemies":"Spire Growth","floor":41.0,"turns":5.0},{"damage":1.0,"enemies":"Reptomancer","floor":42.0,"turns":5.0},{"damage":38.0,"enemies":"4 Shapes","floor":44.0,"turns":6.0},{"damage":3.0,"enemies":"Transient","floor":45.0,"turns":6.0},{"damage":24.0,"enemies":"Sphere and 2 Shapes","floor":48.0,"turns":6.0},{"damage":23.0,"enemies":"Awakened One","floor":50.0,"turns":10.0},{"damage":67.0,"enemies":"Donu and Deca","floor":51.0,"turns":14.0},{"damage":80.0,"enemies":"Shield and Spear","floor":55.0,"turns":11.0},{"damage":29,"enemies":"The Heart","floor":56,"turns":13}],"seed_played":"4555446738340935080","potions_obtained":[{"floor":4.0,"key":"Block Potion"},{"floor":7.0,"key":"DuplicationPotion"},{"floor":10.0,"key":"Regen Potion"},{"floor":12.0,"key":"Regen Potion"},{"floor":14.0,"key":"PowerPotion"},{"floor":16.0,"key":"Weak Potion"},{"floor":18.0,"key":"EssenceOfDarkness"},{"floor":20.0,"key":"FocusPotion"},{"floor":23.0,"key":"AttackPotion"},{"floor":25.0,"key":"Energy Potion"},{"floor":31.0,"key":"SteroidPotion"},{"floor":35.0,"key":"PowerPotion"},{"floor":55.0,"key":"SkillPotion"}],"is_trial":false,"path_per_floor":["M","M","?","M","$","R","E","R","T","E","M","E","R","M","R","B",null,"M","?","M","$","M","E","R","E","T","M","R","?","$","M","R","B",null,"M","T","M","M","?","E","M","E","T","M","M","R","?","M","R","B","B",null,"R","$","E","B",null],"character_chosen":"DEFECT","items_purchased":["Defragment","Flash of Steel","Turbo","Coolheaded","War Paint"],"campfire_rested":1,"item_purchase_floors":[5,21,30,30,54],"current_hp_per_floor":[64,64,64,64,64,64,56,56,56,26,16,6,6,18,18,12,56,55,55,27,27,17,6,39,15,15,15,30,30,30,30,45,55,67,61,61,71,71,71,50,59,88,88,70,81,89,89,87,91,88,41,79,91,91,33,18],"gold":105,"neow_bonus":"THREE_ENEMY_KILL","is_prod":false,"is_daily":false,"chose_seed":false,"campfire_upgraded":8,"win_rate":0,"timestamp":1570695852,"path_taken":["M","?","?","M","$","R","E","R","T","E","M","E","R","?","R","BOSS","M","?","?","$","?","E","R","E","T","M","R","?","$","M","R","BOSS","M","?","M","M","?","E","M","E","T","M","?","R","?","M","R","BOSS","BOSS","R","$","E","BOSS"],"build_version":"2019-10-09","purchased_purges":2,"victory":true,"max_hp_per_floor":[71,71,71,71,71,71,71,71,71,71,71,71,71,71,71,71,71,71,71,71,71,71,71,71,71,71,71,71,71,71,71,71,71,71,71,71,71,71,71,71,73,89,89,89,89,89,89,91,91,91,91,91,91,91,93,93],"card_choices":[{"not_picked":["Hologram","Hello World"],"picked":"Sunder","floor":1.0},{"not_picked":["Stack","Lockon"],"picked":"Compile Driver","floor":2.0},{"not_picked":["Leap","Hello World","Gash"],"picked":"SKIP","floor":4.0},{"not_picked":["Gash","Sunder"],"picked":"Recycle","floor":7.0},{"not_picked":["Streamline","Go for the Eyes"],"picked":"Fusion","floor":10.0},{"not_picked":["Beam Cell","Barrage"],"picked":"Undo","floor":11.0},{"not_picked":["Defragment","Rebound"],"picked":"Turbo","floor":12.0},{"not_picked":["Redo","Beam Cell"],"picked":"Cold Snap","floor":14.0},{"not_picked":["Machine Learning","Seek"],"picked":"Meteor Strike","floor":16.0},{"not_picked":["FTL","Streamline+1","Steam"],"picked":"SKIP","floor":18.0},{"not_picked":["Genetic Algorithm","Cold Snap"],"picked":"Conserve Battery+1","floor":20.0},{"not_picked":["Ball Lightning","Gash"],"picked":"Reinforced Body","floor":22.0},{"not_picked":["Redo","Darkness"],"picked":"Echo Form","floor":23.0},{"not_picked":["Consume","Streamline"],"picked":"Beam Cell","floor":24.0},{"not_picked":["Fusion","Reinforced Body"],"picked":"Compile Driver","floor":25.0},{"not_picked":["Gash","Storm"],"picked":"Hologram","floor":27.0},{"not_picked":["Streamline","Auto Shields"],"picked":"Self Repair","floor":31.0},{"not_picked":["Hyperbeam","Machine Learning"],"picked":"All For One","floor":33.0},{"not_picked":["Compile Driver+1","Ball Lightning"],"picked":"Coolheaded","floor":35.0},{"not_picked":["Conserve Battery+1","Beam Cell"],"picked":"Consume","floor":37.0},{"not_picked":["Loop+1","Fusion"],"picked":"Heatsinks+1","floor":38.0},{"not_picked":["Tempest","Loop"],"picked":"Amplify","floor":40.0},{"not_picked":["Beam Cell","FTL","Blizzard"],"picked":"Singing Bowl","floor":41.0},{"not_picked":["Redo","Barrage+1","Leap"],"picked":"Singing Bowl","floor":42.0},{"not_picked":["Ball Lightning+1","Leap"],"picked":"Coolheaded","floor":44.0},{"not_picked":["Stack+1","Barrage+1"],"picked":"Gash+1","floor":45.0},{"not_picked":["Rebound+1","Sweeping Beam+1","Fusion"],"picked":"Singing Bowl","floor":48.0},{"not_picked":["Darkness","Gash+1","Fusion+1"],"picked":"Singing Bowl","floor":55.0}],"player_experience":1073927,"relics_obtained":[{"floor":7.0,"key":"White Beast Statue"},{"floor":9.0,"key":"Bronze Scales"},{"floor":10.0,"key":"Happy Flower"},{"floor":12.0,"key":"Dream Catcher"},{"floor":23.0,"key":"Eternal Feather"},{"floor":25.0,"key":"Incense Burner"},{"floor":26.0,"key":"Ornamental Fan"},{"floor":40.0,"key":"Singing Bowl"},{"floor":42.0,"key":"Mango"},{"floor":43.0,"key":"Molten Egg 2"},{"floor":55.0,"key":"Blue Candle"}],"event_choices":[{"damage_healed":0.0,"max_hp_gain":0.0,"max_hp_loss":0.0,"gold_gain":0.0,"event_name":"Upgrade Shrine","player_choice":"Upgraded","floor":3.0,"gold_loss":0.0,"damage_taken":0.0,"cards_upgraded":["Sunder"]},{"cards_removed":["Strike_B"],"damage_healed":0.0,"max_hp_gain":0.0,"max_hp_loss":0.0,"gold_gain":0.0,"event_name":"Purifier","player_choice":"Purged","floor":19.0,"gold_loss":0.0,"damage_taken":0.0},{"damage_healed":0.0,"max_hp_gain":0.0,"max_hp_loss":0.0,"gold_gain":0.0,"event_name":"Accursed Blacksmith","player_choice":"Rummage","floor":29.0,"gold_loss":0.0,"damage_taken":0.0,"relics_obtained":["WarpedTongs"],"cards_obtained":["Pain"]},{"damage_healed":0.0,"max_hp_gain":0.0,"max_hp_loss":0.0,"gold_gain":0.0,"cards_transformed":["Defend_B","Beam Cell"],"event_name":"Designer","player_choice":"Transformed Cards","floor":39.0,"gold_loss":75.0,"damage_taken":0.0,"cards_obtained":["All For One","Skim"]},{"cards_removed":["Flash of Steel"],"damage_healed":0.0,"max_hp_gain":0.0,"max_hp_loss":0.0,"gold_gain":0.0,"event_name":"Falling","player_choice":"Removed Attack","floor":47.0,"gold_loss":0.0,"damage_taken":0.0}],"is_beta":true,"boss_relics":[{"not_picked":["Tiny House","Philosopher\u0027s Stone"],"picked":"Runic Pyramid"},{"not_picked":["FrozenCore","Velvet Choker"],"picked":"Astrolabe"}],"items_purged_floors":[21,30],"is_endless":false,"potions_floor_spawned":[4,7,10,11,12,14,16,18,20,22,23,25,27,31,33,35,37,38,40,41,42,44,45,48,55],"ascension_level":20}