{"gold_per_floor":[113,127,138,59,72,99,99,127,208,221,146,146,46,121,121,121],"floor_reached":16,"playtime":979,"items_purged":["Defend_B","Strike_B"],"score":110,"play_id":"13950217-f397-4f11-bee3-09420d275109","local_time":"20191002213208","is_ascension_mode":false,"campfire_choices":[{"data":"White Noise","floor":7,"key":"SMITH"},{"floor":15,"key":"REST"}],"neow_cost":"NONE","seed_source_timestamp":515900200303200,"circlet_count":0,"master_deck":["Strike_B","Strike_B","Defend_B","Defend_B","Defend_B","Zap","Dualcast","Hologram","Beam Cell","White Noise+1","Rebound","Steam","Steam"],"relics":["Cracked Core","Frozen Egg 2","Mango","Shuriken","Golden Idol"],"potions_floor_usage":[16,16,16],"damage_taken":[{"damage":0,"enemies":"Cultist","floor":1,"turns":4},{"damage":1,"enemies":"Jaw Worm","floor":2,"turns":5},{"damage":0,"enemies":"Small Slimes","floor":3,"turns":4},{"damage":15,"enemies":"Exordium Wildlife","floor":5,"turns":5},{"damage":12,"enemies":"Lagavulin","floor":6,"turns":7},{"damage":21,"enemies":"3 Sentries","floor":8,"turns":8},{"damage":19,"enemies":"Gremlin Gang","floor":10,"turns":5},{"damage":19,"enemies":"Slime Boss","floor":16,"turns":7}],"seed_played":"6117873612101686825","potions_obtained":[{"floor":5,"key":"EssenceOfSteel"},{"floor":6,"key":"EssenceOfSteel"},{"floor":10,"key":"AttackPotion"}],"is_trial":false,"path_per_floor":["M","M","M","$","M","E","R","E","T","M","$","?","$","?","R","B"],"character_chosen":"DEFECT","items_purchased":["White Noise"],"campfire_rested":1,"item_purchase_floors":[4],"current_hp_per_floor":[75,74,74,74,59,47,47,40,40,21,21,21,21,13,37,18],"gold":121,"neow_bonus":"REMOVE_CARD","is_prod":false,"is_daily":false,"chose_seed":false,"campfire_upgraded":1,"win_rate":0.0,"timestamp":1570044728,"path_taken":["M","M","M","$","M","E","R","E","T","M","?","?","$","?","R","BOSS"],"build_version":"2019-07-17","purchased_purges":2,"victory":false,"max_hp_per_floor":[75,75,75,75,75,75,75,89,89,89,89,82,82,82,82,82],"card_choices":[{"not_picked":["Barrage","Cold Snap"],"picked":"Hologram","floor":1},{"not_picked":["Ball Lightning","Turbo","Stack"],"picked":"SKIP","floor":2},{"not_picked":["Barrage","Coolheaded"],"picked":"Beam Cell","floor":3},{"not_picked":["Cold Snap","Sweeping Beam"],"picked":"Rebound","floor":5},{"not_picked":["Amplify","Steam Power"],"picked":"Steam","floor":6},{"not_picked":["Sweeping Beam","Compile Driver"],"picked":"Steam","floor":8},{"not_picked":["Steam","Conserve Battery","Coolheaded"],"picked":"SKIP","floor":10}],"player_experience":150794,"relics_obtained":[{"floor":6,"key":"Frozen Egg 2"},{"floor":8,"key":"Mango"},{"floor":9,"key":"Shuriken"}],"event_choices":[{"damage_healed":0,"gold_gain":0,"player_choice":"Lose Max HP","damage_taken":0,"relics_obtained":["Golden Idol"],"max_hp_gain":0,"max_hp_loss":7,"event_name":"Golden Idol","floor":12,"gold_loss":0},{"damage_healed":0,"gold_gain":75,"player_choice":"Touch","damage_taken":8,"max_hp_gain":0,"max_hp_loss":0,"event_name":"FaceTrader","floor":14,"gold_loss":0}],"is_beta":false,"boss_relics":[],"items_purged_floors":[11,13],"is_endless":false,"potions_floor_spawned":[5,6,10],"killed_by":"Slime Boss","ascension_level":0}