{"gold_per_floor":[118,68,15,33,45,77,77,97,127,127,143,143,174,73,73,178,178,190,201,50,64,64,64,64,78,105,118,130,162,180,212,212,212],"floor_reached":33,"playtime":1997,"items_purged":["Strike_B"],"score":299,"play_id":"0d01e5b0-b244-439a-abc9-7bf2dd602682","local_time":"20191002190236","is_ascension_mode":false,"campfire_choices":[{"data":"Streamline","floor":7,"key":"SMITH"},{"data":"Zap","floor":12,"key":"SMITH"},{"floor":15,"key":"REST"},{"data":"Hologram","floor":23,"key":"SMITH"},{"floor":32,"key":"REST"}],"neow_cost":"NONE","seed_source_timestamp":505909275355300,"circlet_count":0,"master_deck":["Strike_B","Strike_B","Defend_B","Defend_B","Defend_B+1","Defend_B+1","Zap+1","Dualcast","Reprogram","Gash","Leap","Streamline+1","All For One","Leap","White Noise","Beam Cell","Gash+1","Hologram+1","Scrape","Go for the Eyes","Rebound+1"],"relics":["Cracked Core","PreservedInsect","War Paint","Tiny Chest","Mummified Hand","Lizard Tail","Anchor","Potion Belt","Incense Burner","Bird Faced Urn"],"potions_floor_usage":[11,11,21,25,25,28],"damage_taken":[{"damage":0,"enemies":"Small Slimes","floor":1,"turns":3},{"damage":1,"enemies":"Cultist","floor":4,"turns":4},{"damage":3,"enemies":"2 Louse","floor":5,"turns":3},{"damage":4,"enemies":"3 Sentries","floor":6,"turns":6},{"damage":7,"enemies":"Exordium Thugs","floor":8,"turns":5},{"damage":7,"enemies":"Gremlin Gang","floor":11,"turns":4},{"damage":9,"enemies":"Gremlin Nob","floor":13,"turns":3},{"damage":43,"enemies":"The Guardian","floor":16,"turns":11},{"damage":13,"enemies":"3 Byrds","floor":18,"turns":3},{"damage":21,"enemies":"2 Thieves","floor":19,"turns":4},{"damage":0,"enemies":"Centurion and Healer","floor":21,"turns":6},{"damage":13,"enemies":"Shelled Parasite and Fungi","floor":25,"turns":3},{"damage":20,"enemies":"3 Cultists","floor":27,"turns":5},{"damage":0,"enemies":"Centurion and Healer","floor":28,"turns":5},{"damage":22,"enemies":"Gremlin Leader","floor":29,"turns":5},{"damage":9,"enemies":"Snake Plant","floor":30,"turns":4},{"damage":16,"enemies":"Book of Stabbing","floor":31,"turns":4},{"damage":38,"enemies":"Automaton","floor":33,"turns":6}],"seed_played":"-2220644904195758246","potions_obtained":[{"floor":6,"key":"PowerPotion"},{"floor":8,"key":"Explosive Potion"},{"floor":10,"key":"SteroidPotion"},{"floor":11,"key":"Energy Potion"},{"floor":19,"key":"Swift Potion"},{"floor":27,"key":"Poison Potion"},{"floor":28,"key":"GamblersBrew"}],"is_trial":false,"path_per_floor":["M","?","$","M","M","E","R","M","T","?","M","R","E","$","R","B",null,"M","M","$","M","?","R","$","M","T","M","M","E","M","E","R","B"],"character_chosen":"DEFECT","items_purchased":["Gash","Beam Cell","Anchor"],"campfire_rested":2,"item_purchase_floors":[3,14,20],"current_hp_per_floor":[75,75,75,74,71,67,67,60,60,60,53,53,44,44,66,23,75,62,41,41,41,41,41,41,28,28,8,8,28,19,3,25,0],"gold":212,"neow_bonus":"RANDOM_COMMON_RELIC","is_prod":false,"is_daily":false,"chose_seed":false,"campfire_upgraded":3,"win_rate":0.0,"timestamp":1570035756,"path_taken":["M","?","$","M","M","E","R","M","T","?","?","R","E","$","R","BOSS","M","M","$","M","?","R","?","?","T","M","M","E","M","E","R","BOSS"],"build_version":"2019-07-17","purchased_purges":1,"victory":false,"max_hp_per_floor":[75,75,75,75,75,75,75,75,75,75,75,75,75,75,75,75,75,75,75,75,75,75,75,75,75,75,75,75,75,75,75,75,75],"card_choices":[{"not_picked":["Redo","Barrage"],"picked":"Reprogram","floor":1},{"not_picked":["Recycle","Compile Driver"],"picked":"Leap","floor":4},{"not_picked":["Reinforced Body","Conserve Battery"],"picked":"Streamline","floor":5},{"not_picked":["BootSequence","Scrape"],"picked":"All For One","floor":6},{"not_picked":["Redo","Lockon"],"picked":"Leap","floor":8},{"not_picked":["Sweeping Beam","Cold Snap","Stack"],"picked":"SKIP","floor":11},{"not_picked":["FTL","Redo"],"picked":"White Noise","floor":13},{"not_picked":["Melter","Sweeping Beam+1"],"picked":"Gash+1","floor":18},{"not_picked":["Fusion","Tempest","Barrage+1"],"picked":"SKIP","floor":19},{"not_picked":["Melter","Go for the Eyes"],"picked":"Hologram","floor":21},{"not_picked":["Barrage","Melter","White Noise"],"picked":"SKIP","floor":25},{"not_picked":["Stack","Ball Lightning","Coolheaded"],"picked":"SKIP","floor":27},{"not_picked":["Core Surge","Ball Lightning"],"picked":"Scrape","floor":28},{"not_picked":["Multi-Cast","Storm"],"picked":"Go for the Eyes","floor":29},{"not_picked":["Steam Power+1","Hologram+1"],"picked":"Rebound+1","floor":30},{"not_picked":["Compile Driver+1","Recycle","Darkness+1"],"picked":"SKIP","floor":31}],"player_experience":144251,"relics_obtained":[{"floor":6,"key":"War Paint"},{"floor":9,"key":"Tiny Chest"},{"floor":13,"key":"Mummified Hand"},{"floor":26,"key":"Potion Belt"},{"floor":29,"key":"Incense Burner"},{"floor":31,"key":"Bird Faced Urn"}],"event_choices":[{"cards_removed":["Strike_B"],"damage_healed":0,"gold_gain":0,"player_choice":"Card Removal","damage_taken":0,"max_hp_gain":0,"max_hp_loss":0,"event_name":"The Cleric","floor":2,"gold_loss":50},{"damage_healed":0,"gold_gain":0,"player_choice":"Got Potions","damage_taken":0,"max_hp_gain":0,"max_hp_loss":0,"event_name":"Lab","floor":10,"gold_loss":0},{"damage_healed":0,"gold_gain":0,"player_choice":"Bought 0 Potions","damage_taken":0,"max_hp_gain":0,"max_hp_loss":0,"event_name":"The Woman in Blue","floor":22,"gold_loss":0}],"is_beta":false,"boss_relics":[{"not_picked":["Inserter","Coffee Dripper"],"picked":"Lizard Tail"}],"items_purged_floors":[14],"is_endless":false,"potions_floor_spawned":[6,8,11,19,27,28],"killed_by":"Automaton","ascension_level":0}