{"path_per_floor":["M","?","?","?","M","R","?","M","T","M","?","M","M","E","R","B",null,"M","$","?","?","M","R","E","R","T","E","R","?","M","$","R","B",null,"M","?","M","$","?","R","M","M","T","E","M","?","R","M","R"],"character_chosen":"THE_SILENT","items_purchased":["Bottled Tornado","Lantern","Prepared","Blur","Noxious Fumes"],"gold_per_floor":[113,113,113,288,302,302,302,322,322,338,338,356,369,404,404,524,524,542,57,57,57,71,71,111,111,160,193,193,193,211,85,85,215,215,238,238,262,25,25,25,44,63,63,96,117,117,117,142,142],"floor_reached":50,"campfire_rested":4,"playtime":4342,"current_hp_per_floor":[70,56,56,56,55,55,60,51,51,32,25,16,13,3,24,18,70,51,51,51,51,45,45,37,58,58,48,48,48,45,45,66,61,70,44,44,43,43,61,61,42,39,39,30,42,34,34,32,50],"items_purged":["Strike_G","Strike_G","Defend_G"],"gold":142,"score":552,"play_id":"a9c23460-42e9-4bca-bf89-95499719fa11","is_prod":false,"is_daily":false,"is_ascension_mode":true,"campfire_upgraded":5,"path_taken":["M","?","?","?","M","R","?","M","T","M","?","M","M","E","R","BOSS","M","$","?","?","M","R","E","R","T","E","R","?","M","$","R","BOSS","M","?","M","$","?","R","M","M","T","E","M","?","R","M","R","BOSS"],"build_version":"2018-02-08-PROD1","purchased_purges":3,"victory":false,"master_deck":["Defend_G","Defend_G","Defend_G","Defend_G+1","Survivor+1","Neutralize+1","Noxious Fumes+1","Caltrops","Expertise+1","Prepared","Tools of the Trade+1","Choke+1","Poisoned Stab+1","Dagger Spray+1","Caltrops","PiercingWail","Cloak And Dagger+1","Outmaneuver+1","Tactician+1","Backflip","Prepared","Backstab","Concentrate+1","Blur","Noxious Fumes","Prepared","Noxious Fumes","Madness","Madness"],"max_hp_per_floor":[70,70,65,65,65,65,70,70,70,70,70,70,70,70,70,70,70,70,70,70,70,70,70,70,70,70,70,70,70,70,70,70,70,70,70,70,70,70,61,61,61,61,61,61,61,61,61,61,61],"relics":["Ring of the Snake","Golden Idol","Sundial","Meat on the Bone","Astrolabe","Bottled Tornado","Lantern","Bag of Preparation","Bronze Scales","Thread and Needle","Lizard Tail","Tingsha","Toolbox"],"card_choices":[{"not_picked":["Poisoned Stab","Sucker Punch"],"picked":"Noxious Fumes"},{"not_picked":["Skewer","Distraction"],"picked":"Caltrops"},{"not_picked":["Burst","Predator"],"picked":"Expertise"},{"not_picked":["Dodge and Roll","Setup"],"picked":"Prepared"},{"not_picked":["Grand Finale","Phantasmal Killer"],"picked":"Tools of the Trade"},{"not_picked":["Flying Knee","Leg Sweep"],"picked":"Caltrops"},{"not_picked":["Sucker Punch","Dodge and Roll"],"picked":"PiercingWail"},{"not_picked":["Accuracy","Dagger Spray"],"picked":"Cloak And Dagger"},{"not_picked":["Noxious Fumes","Slice"],"picked":"Outmaneuver"},{"not_picked":["Bane","Underhanded Strike"],"picked":"Backflip"},{"not_picked":["Bullet Time","Grand Finale"],"picked":"Envenom"},{"not_picked":["Endless Agony","Poisoned Stab"],"picked":"Backstab"},{"not_picked":["Dagger Spray","Prepared"],"picked":"Concentrate"},{"not_picked":["Outmaneuver","Finisher"],"picked":"Prepared"},{"not_picked":["Dagger Spray","Deadly Poison"],"picked":"Noxious Fumes"}],"player_experience":129581,"potions_floor_usage":[10,14,24,24,42,42,44,45,50,50,50],"damage_taken":[{"damage":0,"enemies":"2 Louse","floor":1,"turns":4},{"damage":1,"enemies":"Small Slimes","floor":5,"turns":6},{"damage":9,"enemies":"Cultist","floor":8,"turns":8},{"damage":19,"enemies":"Exordium Thugs","floor":10,"turns":6},{"damage":9,"enemies":"3 Louse","floor":12,"turns":3},{"damage":3,"enemies":"2 Fungi Beasts","floor":13,"turns":5},{"damage":10,"enemies":"Lagavulin","floor":14,"turns":11},{"damage":18,"enemies":"Hexaghost","floor":16,"turns":14},{"damage":19,"enemies":"Shell Parasite","floor":18,"turns":6},{"damage":6,"enemies":"3 Byrds","floor":22,"turns":3},{"damage":35,"enemies":"Gremlin Leader","floor":24,"turns":8},{"damage":10,"enemies":"Book of Stabbing","floor":27,"turns":6},{"damage":3,"enemies":"Snake Plant","floor":30,"turns":3},{"damage":5,"enemies":"Automaton","floor":33,"turns":10},{"damage":26,"enemies":"3 Darklings","floor":35,"turns":5},{"damage":1,"enemies":"Orb Walker","floor":37,"turns":4},{"damage":19,"enemies":"Sphere and 2 Shapes","floor":41,"turns":5},{"damage":3,"enemies":"Maw","floor":42,"turns":8},{"damage":21,"enemies":"Giant Head","floor":44,"turns":8},{"damage":0,"enemies":"4 Shapes","floor":45,"turns":3},{"damage":2,"enemies":"3 Darklings","floor":48,"turns":5},{"damage":104,"enemies":"Time Eater","floor":50,"turns":9}],"event_choices":[{"event_name":"Shining Light","player_choice":"Entered Light","floor":2,"damage_taken":0},{"event_name":"Golden Idol","player_choice":"Lose Max HP","floor":3,"damage_taken":0},{"event_name":"Liars Game","player_choice":"agreed","floor":4,"damage_taken":0},{"event_name":"Big Fish","player_choice":"Donut","floor":7,"damage_taken":0},{"event_name":"Golden Wing","player_choice":"Card Removal","floor":11,"damage_taken":0},{"event_name":"The Lab","player_choice":"Got Potions","floor":20,"damage_taken":0},{"event_name":"Drug Dealer","player_choice":"Ignored","floor":21,"damage_taken":0},{"event_name":"Match and Keep!","player_choice":"1 cards matched","floor":29,"damage_taken":0},{"event_name":"Match and Keep!","player_choice":"1 cards matched","floor":29,"damage_taken":0},{"event_name":"The Moai Head","player_choice":"Heal","floor":39,"damage_taken":0},{"event_name":"Winding Halls","player_choice":"Embrace Madness","floor":46,"damage_taken":0}],"boss_relics":[{"not_picked":["Runic Dome","Pandora\u0027s Box"],"picked":"Astrolabe"},{"not_picked":["Runic Pyramid","Orrery"],"picked":"Lizard Tail"}],"potions_floor_spawned":[8,12,22,24,41,42,44,45,48],"seed_played":"-6783742562836606344","killed_by":"Time Eater","ascension_level":4,"is_trial":false}