{"gold_per_floor":[19,31,50,50,70,113,1,42,68,106,139,151,182,219,231,374,386,392,425,456,67,67],"floor_reached":22,"playtime":1495,"items_purged":["Injury"],"score":284,"play_id":"3871a49c-5da2-477c-9b2c-aa689f0a5f2e","local_time":"20190308201640","is_ascension_mode":true,"campfire_choices":[{"floor":12.0,"key":"REST"},{"floor":15,"key":"REST"}],"neow_cost":"NO_GOLD","seed_source_timestamp":0,"circlet_count":0,"master_deck":["Defend_G","Defend_G","Defend_G","Defend_G","Defend_G","Strike_G","Strike_G","Strike_G","Strike_G","Strike_G","Survivor","Neutralize","Poisoned Stab","Prepared","Dash","Envenom","Cloak And Dagger","Backstab","Calculated Gamble","Corpse Explosion","Well Laid Plans","Endless Agony","Leg Sweep","Wraith Form v2","Sucker Punch","Deadly Poison","Finisher+1","Bandage Up"],"special_seed":0,"relics":["Ring of the Serpent","Golden Idol","Darkstone Periapt","Juzu Bracelet","Blood Vial","MawBank","Calipers"],"potions_floor_usage":[16,20,22],"damage_taken":[{"damage":3.0,"enemies":"Jaw Worm","floor":1.0,"turns":7.0},{"damage":0.0,"enemies":"Cultist","floor":2.0,"turns":4.0},{"damage":0.0,"enemies":"2 Louse","floor":3.0,"turns":3.0},{"damage":1.0,"enemies":"Looter","floor":5.0,"turns":4.0},{"damage":16.0,"enemies":"Gremlin Nob","floor":6.0,"turns":5.0},{"damage":14.0,"enemies":"Lagavulin","floor":8.0,"turns":8.0},{"damage":16.0,"enemies":"Gremlin Nob","floor":10.0,"turns":4.0},{"damage":9.0,"enemies":"Exordium Thugs","floor":11.0,"turns":5.0},{"damage":0,"enemies":"Exordium Wildlife","floor":13,"turns":2},{"damage":0,"enemies":"Large Slime","floor":14,"turns":4},{"damage":53,"enemies":"Slime Boss","floor":16,"turns":14},{"damage":3,"enemies":"2 Thieves","floor":18,"turns":4},{"damage":30,"enemies":"Spheric Guardian","floor":19,"turns":8},{"damage":20,"enemies":"Centurion and Healer","floor":20,"turns":7},{"damage":28,"enemies":"Shelled Parasite and Fungi","floor":22,"turns":3}],"seed_played":"-8416463825164099951","potions_obtained":[{"floor":1.0,"key":"SpeedPotion"},{"floor":2.0,"key":"AttackPotion"},{"floor":14,"key":"Energy Potion"},{"floor":16,"key":"AttackPotion"},{"floor":19,"key":"SkillPotion"},{"floor":20,"key":"GamblersBrew"}],"is_trial":false,"path_per_floor":["M","M","M","?","M","E","$","E","T","E","M","R","M","M","R","B",null,"M","M","M","$","M"],"character_chosen":"THE_SILENT","items_purchased":["Backstab","Calipers","Bandage Up"],"campfire_rested":2,"item_purchase_floors":[7,21,21],"current_hp_per_floor":[74,74,74,74,73,57,57,43,43,29,22,47,49,51,76,25,69,68,40,22,22,0],"gold":67,"neow_bonus":"TWENTY_PERCENT_HP_BONUS","is_prod":false,"is_daily":false,"chose_seed":false,"campfire_upgraded":0,"win_rate":0,"timestamp":1552069000,"path_taken":["M","M","M","?","M","E","$","E","T","E","M","R","M","M","R","BOSS","M","M","M","$","M"],"build_version":"2019-01-23","purchased_purges":1,"victory":false,"max_hp_per_floor":[84,84,84,84,84,84,84,84,84,84,84,84,84,84,84,84,84,84,84,84,84,84],"card_choices":[{"not_picked":["Catalyst","Setup"],"picked":"Poisoned Stab","floor":1.0},{"not_picked":["Poisoned Stab","Dagger Spray"],"picked":"Prepared","floor":2.0},{"not_picked":["Dodge and Roll","Underhanded Strike"],"picked":"Dash","floor":3.0},{"not_picked":["Acrobatics","Outmaneuver"],"picked":"Envenom","floor":5.0},{"not_picked":["Underhanded Strike","Blade Dance"],"picked":"Cloak And Dagger","floor":6.0},{"not_picked":["Heel Hook","Caltrops"],"picked":"Calculated Gamble","floor":8.0},{"not_picked":["Noxious Fumes","Footwork"],"picked":"Corpse Explosion","floor":10.0},{"not_picked":["Deadly Poison","Setup"],"picked":"Well Laid Plans","floor":11.0},{"not_picked":["Dagger Throw","Dodge and Roll"],"picked":"Endless Agony","floor":13},{"not_picked":["All Out Attack","Distraction"],"picked":"Leg Sweep","floor":14},{"not_picked":["After Image","Corpse Explosion"],"picked":"Wraith Form v2","floor":16},{"not_picked":["Dodge and Roll","Acrobatics"],"picked":"Sucker Punch","floor":18},{"not_picked":["Underhanded Strike","Slice"],"picked":"Deadly Poison","floor":19},{"not_picked":["Dagger Spray","Prepared+1"],"picked":"Finisher+1","floor":20}],"player_experience":240198,"relics_obtained":[{"floor":6.0,"key":"Darkstone Periapt"},{"floor":8.0,"key":"Juzu Bracelet"},{"floor":9.0,"key":"Blood Vial"},{"floor":10.0,"key":"MawBank"}],"event_choices":[{"damage_healed":0.0,"max_hp_gain":0.0,"max_hp_loss":0.0,"gold_gain":0.0,"event_name":"Golden Idol","player_choice":"Take Wound","floor":4.0,"gold_loss":0.0,"damage_taken":0.0,"relics_obtained":["Golden Idol"],"cards_obtained":["Injury"]}],"is_beta":false,"boss_relics":[{"not_picked":["Snecko Eye","White Beast Statue"],"picked":"Ring of the Serpent"}],"items_purged_floors":[7],"is_endless":false,"potions_floor_spawned":[1,2,14,16,19,20],"killed_by":"Shelled Parasite and Fungi","ascension_level":7}