{"gold_per_floor":[114,114,289,289,301,301,315,315,315,342,342,358,387,404,404,504,504,521,490,589,620,620,678,678,711,786,786],"floor_reached":27,"playtime":1179,"items_purged":[],"score":285,"play_id":"6d0eaef2-79c4-46b1-8523-46c4da3834a4","local_time":"20191020210049","is_ascension_mode":true,"campfire_choices":[{"data":"Lockon","floor":6,"key":"SMITH"},{"data":"Coolheaded","floor":8,"key":"SMITH"},{"data":"Chill","floor":11,"key":"SMITH"},{"floor":15,"key":"REST"},{"floor":24,"key":"REST"}],"neow_cost":"NONE","seed_source_timestamp":560732995116799,"circlet_count":0,"master_deck":["Strike_B","Strike_B","Strike_B","Defend_B","Defend_B","Defend_B","Defend_B","Zap","Dualcast","Gash","Lockon+1","Gash","Coolheaded+1","Chill+1","Cold Snap","Hologram","Coolheaded","All For One","Cold Snap+1","Hologram","Go for the Eyes","Sunder+1"],"relics":["Cracked Core","Darkstone Periapt","Symbiotic Virus","Dream Catcher","Sozu","Red Mask","Potion Belt","Tiny Chest","Emotion Chip","Kunai"],"potions_floor_usage":[12,13],"damage_taken":[{"damage":0,"enemies":"Small Slimes","floor":1,"turns":3},{"damage":12,"enemies":"Jaw Worm","floor":5,"turns":2},{"damage":0,"enemies":"Cultist","floor":7,"turns":2},{"damage":34,"enemies":"Lagavulin","floor":10,"turns":6},{"damage":0,"enemies":"Gremlin Gang","floor":12,"turns":4},{"damage":9,"enemies":"Gremlin Nob","floor":13,"turns":4},{"damage":0,"enemies":"2 Fungi Beasts","floor":14,"turns":2},{"damage":14,"enemies":"The Guardian","floor":16,"turns":12},{"damage":8,"enemies":"Chosen","floor":18,"turns":3},{"damage":20,"enemies":"2 Thieves","floor":19,"turns":5},{"damage":17,"enemies":"Masked Bandits","floor":21,"turns":5},{"damage":29,"enemies":"Book of Stabbing","floor":23,"turns":6},{"damage":16,"enemies":"Slavers","floor":25,"turns":6},{"damage":18,"enemies":"Book of Stabbing","floor":27,"turns":3}],"seed_played":"-8976778533660576498","potions_obtained":[{"floor":10,"key":"EssenceOfSteel"},{"floor":12,"key":"Fruit Juice"},{"floor":14,"key":"SteroidPotion"}],"is_trial":false,"path_per_floor":["M","?","?","?","M","R","M","R","T","E","R","M","E","M","R","B",null,"M","M","?","?","?","E","R","E","T","E"],"character_chosen":"DEFECT","items_purchased":[],"campfire_rested":2,"item_purchase_floors":[],"current_hp_per_floor":[75,75,75,75,63,63,63,63,63,29,29,34,25,25,49,35,80,72,52,52,35,35,6,30,14,14,0],"gold":786,"neow_bonus":"THREE_CARDS","is_prod":false,"is_daily":false,"chose_seed":false,"campfire_upgraded":3,"win_rate":0,"timestamp":1571619649,"path_taken":["M","?","?","?","?","R","M","R","T","E","R","M","E","M","R","BOSS","M","?","?","?","?","E","R","E","T","E"],"build_version":"2019-07-17","purchased_purges":0,"victory":false,"max_hp_per_floor":[75,75,75,75,75,75,75,75,75,75,75,80,80,80,80,80,80,80,80,80,80,80,80,80,80,80,80],"card_choices":[{"not_picked":["Hologram","Stack"],"picked":"Gash","floor":0},{"not_picked":["Steam","Ball Lightning","Sweeping Beam"],"picked":"SKIP","floor":1},{"not_picked":["Aggregate","Coolheaded"],"picked":"Gash","floor":5},{"not_picked":["Conserve Battery","Redo"],"picked":"Coolheaded","floor":7},{"not_picked":["Hello World","Lockon"],"picked":"Chill","floor":10},{"not_picked":["Beam Cell","Stack"],"picked":"Cold Snap","floor":12},{"not_picked":["Static Discharge","Aggregate"],"picked":"Hologram","floor":13},{"not_picked":["Beam Cell","Rebound","Leap"],"picked":"SKIP","floor":14},{"not_picked":["Machine Learning","Sweeping Beam"],"picked":"Coolheaded","floor":15},{"not_picked":["Thunder Strike","Echo Form"],"picked":"All For One","floor":16},{"not_picked":["Stack","Scrape+1","Streamline+1"],"picked":"SKIP","floor":18},{"not_picked":["Hologram","Leap+1"],"picked":"Cold Snap+1","floor":19},{"not_picked":["Static Discharge+1","Doom and Gloom"],"picked":"Hologram","floor":21},{"not_picked":["Skim","Undo+1"],"picked":"Go for the Eyes","floor":23},{"not_picked":["Rebound","Barrage"],"picked":"Sunder+1","floor":24},{"not_picked":["Conserve Battery","Go for the Eyes","Streamline+1"],"picked":"SKIP","floor":25}],"player_experience":229352,"relics_obtained":[{"floor":9,"key":"Darkstone Periapt"},{"floor":10,"key":"Symbiotic Virus"},{"floor":13,"key":"Dream Catcher"},{"floor":21,"key":"Red Mask"},{"floor":23,"key":"Tiny Chest"},{"floor":25,"key":"Emotion Chip"},{"floor":26,"key":"Kunai"}],"event_choices":[{"damage_healed":0,"gold_gain":0,"cards_transformed":["Strike_B"],"player_choice":"Change","damage_taken":0,"max_hp_gain":0,"max_hp_loss":0,"event_name":"Living Wall","floor":2,"gold_loss":0,"cards_obtained":["Lockon"]},{"damage_healed":0,"gold_gain":175,"player_choice":"AGREE","damage_taken":0,"max_hp_gain":0,"max_hp_loss":0,"event_name":"Liars Game","floor":3,"gold_loss":0,"cards_obtained":["Doubt"]},{"cards_removed":["Doubt"],"damage_healed":0,"gold_gain":0,"player_choice":"Card Removal","damage_taken":0,"max_hp_gain":0,"max_hp_loss":0,"event_name":"Wheel of Change","floor":4,"gold_loss":0},{"damage_healed":0,"gold_gain":99,"player_choice":"Stole From Cult","damage_taken":0,"max_hp_gain":0,"max_hp_loss":0,"event_name":"Nest","floor":20,"gold_loss":0},{"damage_healed":0,"gold_gain":0,"player_choice":"Fought Bandits","damage_taken":0,"max_hp_gain":0,"max_hp_loss":0,"event_name":"Masked Bandits","floor":21,"gold_loss":0},{"damage_healed":0,"gold_gain":0,"player_choice":"Opened","damage_taken":0,"relics_obtained":["Potion Belt"],"max_hp_gain":0,"max_hp_loss":0,"event_name":"The Mausoleum","floor":22,"gold_loss":0}],"is_beta":false,"boss_relics":[{"not_picked":["Astrolabe","Fusion Hammer"],"picked":"Sozu"}],"items_purged_floors":[],"is_endless":false,"potions_floor_spawned":[10,12,14,18,23],"killed_by":"Book of Stabbing","ascension_level":2}