{"gold_per_floor":[118,131,131,149,224,258,275,62,137,172,172,192,208,279,279,383,383,397,409,89,4,4,4,30,30],"floor_reached":25,"playtime":1083,"items_purged":[],"score":254,"play_id":"ab0d7c32-b71b-4291-8227-18c44f673d3a","local_time":"20191005180614","is_ascension_mode":true,"campfire_choices":[{"floor":11,"key":"REST"},{"floor":15,"key":"REST"},{"floor":23,"key":"REST"}],"neow_cost":"NONE","seed_source_timestamp":29747872910400,"circlet_count":0,"master_deck":["Strike_B","Strike_B","Strike_B","Defend_B","Defend_B","Defend_B","Defend_B","Zap","Dualcast","Auto Shields","Echo Form","Capacitor","Sunder","Consume","Self Repair","Multi-Cast","Electrodynamics","Cold Snap","Chaos","Apotheosis","Capacitor","Decay","Genetic Algorithm+1"],"relics":["Cracked Core","Ice Cream","Happy Flower","The Courier","Regal Pillow","Lizard Tail","Bag of Preparation","Shuriken","Potion Belt"],"potions_floor_usage":[10,18,19,19,24],"damage_taken":[{"damage":1,"enemies":"Small Slimes","floor":1,"turns":4},{"damage":0,"enemies":"Cultist","floor":2,"turns":4},{"damage":3,"enemies":"Jaw Worm","floor":4,"turns":4},{"damage":39,"enemies":"Gremlin Nob","floor":6,"turns":5},{"damage":4,"enemies":"Red Slaver","floor":7,"turns":5},{"damage":18,"enemies":"Lagavulin","floor":10,"turns":6},{"damage":8,"enemies":"Blue Slaver","floor":12,"turns":4},{"damage":12,"enemies":"Large Slime","floor":13,"turns":4},{"damage":50,"enemies":"Hexaghost","floor":16,"turns":10},{"damage":50,"enemies":"Spheric Guardian","floor":18,"turns":6},{"damage":31,"enemies":"Chosen","floor":19,"turns":6},{"damage":60,"enemies":"Slavers","floor":24,"turns":3},{"damage":32,"enemies":"Centurion and Healer","floor":25,"turns":5}],"seed_played":"-5975888951119882485","potions_obtained":[{"floor":6,"key":"AttackPotion"},{"floor":7,"key":"Weak Potion"},{"floor":12,"key":"EssenceOfSteel"},{"floor":13,"key":"PowerPotion"},{"floor":18,"key":"FearPotion"}],"is_trial":false,"path_per_floor":["M","M","?","M","?","E","M","$","T","E","R","M","M","?","R","B",null,"M","M","$","?","?","R","E","M"],"character_chosen":"DEFECT","items_purchased":["Happy Flower","Sunder","Apotheosis","Capacitor","Bag of Preparation"],"campfire_rested":3,"item_purchase_floors":[8,8,20,20,20],"current_hp_per_floor":[74,74,75,72,65,26,22,22,22,4,41,33,28,28,65,22,75,32,8,8,8,8,45,32,0],"gold":30,"neow_bonus":"REMOVE_CARD","is_prod":false,"is_daily":false,"chose_seed":false,"campfire_upgraded":0,"win_rate":0,"timestamp":1570291574,"path_taken":["M","M","?","?","?","E","?","$","T","E","R","M","M","?","R","BOSS","M","M","$","?","?","R","E","M"],"build_version":"2019-07-17","purchased_purges":0,"victory":false,"max_hp_per_floor":[75,75,75,75,75,75,75,75,75,75,75,75,75,75,75,75,75,75,75,75,75,75,75,75,75],"card_choices":[{"not_picked":["Steam","Ball Lightning"],"picked":"Auto Shields","floor":1},{"not_picked":["Reinforced Body","Hologram"],"picked":"Heatsinks","floor":2},{"not_picked":["Stack","Cold Snap"],"picked":"Echo Form","floor":4},{"not_picked":["Skim","Sunder"],"picked":"Capacitor","floor":6},{"not_picked":["Skim","FTL","Redo"],"picked":"SKIP","floor":7},{"not_picked":["Conserve Battery","Heatsinks"],"picked":"Consume","floor":10},{"not_picked":["Barrage","Leap"],"picked":"Self Repair","floor":12},{"not_picked":["Redo","Ball Lightning"],"picked":"Multi-Cast","floor":13},{"not_picked":["Multi-Cast","Core Surge"],"picked":"Electrodynamics","floor":16},{"not_picked":["Ball Lightning","Hologram"],"picked":"Cold Snap","floor":18},{"not_picked":["Coolheaded","Lockon"],"picked":"Chaos","floor":19},{"not_picked":["Redo","Hologram+1"],"picked":"Genetic Algorithm+1","floor":24}],"player_experience":203611,"relics_obtained":[{"floor":6,"key":"Ice Cream"},{"floor":9,"key":"The Courier"},{"floor":10,"key":"Regal Pillow"},{"floor":24,"key":"Potion Belt"}],"event_choices":[{"cards_removed":["Heatsinks"],"damage_healed":1,"gold_gain":0,"player_choice":"Offered Uncommon","damage_taken":0,"max_hp_gain":0,"max_hp_loss":0,"event_name":"Bonfire Elementals","floor":3,"gold_loss":0},{"damage_healed":0,"gold_gain":75,"player_choice":"Touch","damage_taken":7,"max_hp_gain":0,"max_hp_loss":0,"event_name":"FaceTrader","floor":5,"gold_loss":0},{"damage_healed":0,"gold_gain":71,"player_choice":"Gained Gold","damage_taken":0,"max_hp_gain":0,"max_hp_loss":0,"event_name":"Golden Wing","floor":14,"gold_loss":0},{"damage_healed":0,"gold_gain":0,"player_choice":"Obtained Relic","damage_taken":0,"relics_obtained":["Shuriken"],"max_hp_gain":0,"max_hp_loss":0,"event_name":"Addict","floor":21,"gold_loss":85},{"damage_healed":0,"gold_gain":0,"player_choice":"Smashed Altar","damage_taken":0,"max_hp_gain":0,"max_hp_loss":0,"event_name":"Forgotten Altar","floor":22,"gold_loss":0,"cards_obtained":["Decay"]}],"is_beta":false,"boss_relics":[{"not_picked":["Philosopher\u0027s Stone","Eternal Feather"],"picked":"Lizard Tail"}],"items_purged_floors":[],"is_endless":false,"potions_floor_spawned":[6,7,12,13,16,18],"killed_by":"Centurion and Healer","ascension_level":2}