{"gold_per_floor":[110,110,110,130,47,87,110,110,110,110,126,126,140,169,169,258,258,272,272,197,197,36,36,70,85,109,109,26,49,99,99,99,195,195,214,235,185,245,259,290,306,340,340,340,465,465,484,503,503,503,503,503,503,101,137,137],"floor_reached":57,"playtime":2096,"items_purged":["Dagger Spray","Unload","Finisher"],"score":2906,"play_id":"70581006-d036-4c76-817a-07c2fca93dd9","local_time":"20190927000032","is_ascension_mode":true,"campfire_choices":[{"data":"Neutralize","floor":8.0,"key":"SMITH"},{"data":"Acrobatics","floor":10.0,"key":"SMITH"},{"data":"Well Laid Plans","floor":12.0,"key":"SMITH"},{"data":"Noxious Fumes","floor":15.0,"key":"SMITH"},{"data":"Grand Finale","floor":23.0,"key":"SMITH"},{"data":"Reflex","floor":27.0,"key":"SMITH"},{"data":"Footwork","floor":32.0,"key":"SMITH"},{"floor":44.0,"key":"RECALL"},{"data":"Echo Form","floor":49.0,"key":"SMITH"},{"data":"Venomology","floor":53.0,"key":"SMITH"}],"neow_cost":"NONE","seed_source_timestamp":371928090155459,"circlet_count":0,"master_deck":["AscendersBane","Survivor","Neutralize+1","Heel Hook","Acrobatics+1","Well Laid Plans+1","Noxious Fumes+1","Venomology+1","Footwork+1","Catalyst","Reflex+1","Endless Agony","PiercingWail","Grand Finale+1","Echo Form+1","Seeing Red+1","Backflip+1","Turbo+1"],"special_seed":0,"relics":["Ring of the Snake","NeowsBlessing","Golden Idol","Meat on the Bone","White Beast Statue","Odd Mushroom","Pandora\u0027s Box","Membership Card","Ancient Tea Set","PrismaticShard","Runic Pyramid","Prayer Wheel","Bird Faced Urn","Vajra","Gremlin Horn","HornCleat","CaptainsWheel","Thread and Needle"],"potions_floor_usage":[55,56,56],"damage_taken":[{"damage":0.0,"enemies":"2 Louse","floor":1.0,"turns":1.0},{"damage":0.0,"enemies":"Small Slimes","floor":4.0,"turns":1.0},{"damage":0.0,"enemies":"Gremlin Nob","floor":6.0,"turns":1.0},{"damage":2.0,"enemies":"Jaw Worm","floor":7.0,"turns":5.0},{"damage":8.0,"enemies":"Blue Slaver","floor":11.0,"turns":6.0},{"damage":7.0,"enemies":"Lots of Slimes","floor":13.0,"turns":6.0},{"damage":12.0,"enemies":"The Mushroom Lair","floor":14.0,"turns":6.0},{"damage":34.0,"enemies":"Hexaghost","floor":16.0,"turns":10.0},{"damage":1.0,"enemies":"Chosen","floor":18.0,"turns":3.0},{"damage":38.0,"enemies":"Slavers","floor":24.0,"turns":6.0},{"damage":11.0,"enemies":"Spheric Guardian","floor":25.0,"turns":3.0},{"damage":0.0,"enemies":"Cultist and Chosen","floor":29.0,"turns":3.0},{"damage":16.0,"enemies":"Champ","floor":33.0,"turns":4.0},{"damage":11.0,"enemies":"Orb Walker","floor":35.0,"turns":3.0},{"damage":22.0,"enemies":"3 Shapes","floor":36.0,"turns":3.0},{"damage":0.0,"enemies":"2 Orb Walkers","floor":38.0,"turns":1.0},{"damage":0.0,"enemies":"Jaw Worm Horde","floor":39.0,"turns":1.0},{"damage":2.0,"enemies":"Giant Head","floor":40.0,"turns":3.0},{"damage":11.0,"enemies":"Sphere and 2 Shapes","floor":41.0,"turns":3.0},{"damage":4.0,"enemies":"Nemesis","floor":42.0,"turns":3.0},{"damage":0.0,"enemies":"Mind Bloom Boss Battle","floor":45.0,"turns":3.0},{"damage":0.0,"enemies":"Transient","floor":47.0,"turns":5.0},{"damage":0.0,"enemies":"Maw","floor":48.0,"turns":3.0},{"damage":35.0,"enemies":"Awakened One","floor":50.0,"turns":4.0},{"damage":24.0,"enemies":"Donu and Deca","floor":51.0,"turns":3.0},{"damage":0,"enemies":"Shield and Spear","floor":55,"turns":2},{"damage":37,"enemies":"The Heart","floor":56,"turns":7}],"seed_played":"4152084837459695802","potions_obtained":[{"floor":1.0,"key":"LiquidBronze"},{"floor":11.0,"key":"Energy Potion"},{"floor":13.0,"key":"Fire Potion"},{"floor":14.0,"key":"Fire Potion"},{"floor":16.0,"key":"EntropicBrew"},{"floor":18.0,"key":"Energy Potion"},{"floor":24.0,"key":"SkillPotion"},{"floor":25.0,"key":"Swift Potion"},{"floor":29.0,"key":"SkillPotion"},{"floor":35.0,"key":"DuplicationPotion"},{"floor":38.0,"key":"Swift Potion"},{"floor":39.0,"key":"Energy Potion"},{"floor":41.0,"key":"Regen Potion"},{"floor":47.0,"key":"GhostInAJar"}],"is_trial":false,"path_per_floor":["M","?","?","M","$","E","M","R","T","R","M","R","M","?","R","B",null,"M","?","$","?","$","R","E","M","T","R","$","M","?","?","R","B",null,"M","M","$","?","M","E","M","E","T","R","?","?","M","M","R","B","B",null,"R","$","E","B",null],"character_chosen":"THE_SILENT","items_purchased":["Well Laid Plans","Membership Card","PrismaticShard","HornCleat","CaptainsWheel","DuplicationPotion"],"campfire_rested":0,"item_purchase_floors":[5,22,28,54,54,54],"current_hp_per_floor":[59,59,59,59,59,59,57,57,57,57,49,49,42,42,42,20,50,49,49,49,49,49,49,23,24,24,24,24,36,36,36,36,32,53,42,32,32,32,32,42,37,48,48,48,56,56,60,60,60,33,29,52,52,52,60,31],"gold":137,"neow_bonus":"THREE_ENEMY_KILL","is_prod":false,"is_daily":false,"chose_seed":false,"campfire_upgraded":9,"win_rate":0,"timestamp":1569513632,"path_taken":["M","?","?","M","$","E","M","R","T","R","M","R","M","?","R","BOSS","M","?","$","?","?","R","E","?","T","R","?","M","?","?","R","BOSS","M","M","$","?","M","E","M","E","T","R","?","?","M","?","R","BOSS","BOSS","R","$","E","BOSS"],"build_version":"2019-09-25","purchased_purges":3,"victory":true,"max_hp_per_floor":[66,66,60,60,60,60,60,60,60,60,60,60,60,60,60,60,60,60,60,60,60,60,60,60,60,60,60,60,60,60,60,60,60,60,60,60,60,60,60,60,60,60,60,60,60,60,60,60,60,60,60,60,60,60,60,60],"card_choices":[{"not_picked":["Setup","Dagger Throw"],"picked":"Heel Hook","floor":1.0},{"not_picked":["Masterful Stab","Cloak And Dagger"],"picked":"Acrobatics","floor":4.0},{"not_picked":["Quick Slash","Accuracy","Dagger Throw"],"picked":"SKIP","floor":6.0},{"not_picked":["Dagger Throw","Dodge and Roll","Dagger Spray"],"picked":"SKIP","floor":7.0},{"not_picked":["Dash","Dagger Throw","Crippling Poison"],"picked":"SKIP","floor":11.0},{"not_picked":["Poisoned Stab","Reflex","Leg Sweep"],"picked":"SKIP","floor":13.0},{"not_picked":["Dagger Spray","Catalyst"],"picked":"Noxious Fumes","floor":14.0},{"not_picked":["Night Terror","Corpse Explosion"],"picked":"A Thousand Cuts","floor":16.0},{"not_picked":["Predator","Dagger Throw","Poisoned Stab"],"picked":"SKIP","floor":18.0},{"not_picked":["Noxious Fumes","Leg Sweep","Backstab"],"picked":"SKIP","floor":24.0},{"not_picked":["Slice","Footwork","Infinite Blades"],"picked":"SKIP","floor":25.0},{"not_picked":["PiercingWail","Thunderclap","Slice"],"picked":"SKIP","floor":29.0},{"not_picked":["Secret Weapon","Berserk"],"picked":"Echo Form","floor":33.0},{"not_picked":["Sucker Punch+1","Consecrate+1","Reinforced Body"],"picked":"SKIP","floor":35.0},{"not_picked":["Wild Strike","Spot Weakness","Darkness"],"picked":"SKIP","floor":36.0},{"not_picked":["Setup+1","Deadly Poison"],"picked":"Seeing Red+1","floor":39.0},{"not_picked":["Rebound","Ball Lightning","Sucker Punch"],"picked":"SKIP","floor":39.0},{"not_picked":["Leap","Bane","Consume"],"picked":"SKIP","floor":40.0},{"not_picked":["CutThroughFate","Rebound+1"],"picked":"Backflip+1","floor":41.0},{"not_picked":["Hemokinesis","Skewer","Battle Trance"],"picked":"SKIP","floor":41.0},{"not_picked":["Beam Cell","Lockon+1","Infernal Blade"],"picked":"SKIP","floor":42.0},{"not_picked":["Warcry+1","Body Slam"],"picked":"Turbo+1","floor":47.0},{"not_picked":["EmptyFist+1","Finisher","Tools of the Trade"],"picked":"SKIP","floor":47.0},{"not_picked":["Flechettes+1","Choke","Meditate+1"],"picked":"SKIP","floor":48.0},{"not_picked":["Rupture+1","Rampage","Consecrate"],"picked":"SKIP","floor":48.0},{"not_picked":["Acrobatics","Turbo+1","Flex"],"picked":"SKIP","floor":55}],"player_experience":1018665,"relics_obtained":[{"floor":6.0,"key":"Meat on the Bone"},{"floor":9.0,"key":"White Beast Statue"},{"floor":14.0,"key":"Odd Mushroom"},{"floor":24.0,"key":"Ancient Tea Set"},{"floor":38.0,"key":"Prayer Wheel"},{"floor":40.0,"key":"Bird Faced Urn"},{"floor":42.0,"key":"Vajra"},{"floor":43.0,"key":"Gremlin Horn"},{"floor":55,"key":"Thread and Needle"}],"event_choices":[{"damage_healed":0.0,"max_hp_gain":0.0,"max_hp_loss":0.0,"gold_gain":0.0,"event_name":"Liars Game","player_choice":"Ignored","floor":2.0,"gold_loss":0.0,"damage_taken":0.0},{"damage_healed":0.0,"max_hp_gain":0.0,"max_hp_loss":6.0,"gold_gain":0.0,"event_name":"Golden Idol","player_choice":"Lose Max HP","floor":3.0,"gold_loss":0.0,"damage_taken":0.0,"relics_obtained":["Golden Idol"]},{"damage_healed":0.0,"max_hp_gain":0.0,"max_hp_loss":0.0,"gold_gain":0.0,"event_name":"Mushrooms","player_choice":"Fought Mushrooms","floor":14.0,"gold_loss":0.0,"damage_taken":0.0},{"cards_removed":["Glass Knife"],"damage_healed":0.0,"max_hp_gain":0.0,"max_hp_loss":0.0,"gold_gain":0.0,"event_name":"Back to Basics","player_choice":"Elegance","floor":19.0,"gold_loss":0.0,"damage_taken":0.0},{"damage_healed":0.0,"max_hp_gain":0.0,"max_hp_loss":0.0,"gold_gain":0.0,"cards_transformed":["Dagger Throw","A Thousand Cuts"],"event_name":"Drug Dealer","player_choice":"Became Test Subject","floor":21.0,"gold_loss":0.0,"damage_taken":0.0,"cards_obtained":["Grand Finale","Unload"]},{"damage_healed":0.0,"max_hp_gain":0.0,"max_hp_loss":0.0,"gold_gain":50.0,"event_name":"Nest","player_choice":"Stole From Cult","floor":30.0,"gold_loss":0.0,"damage_taken":0.0},{"damage_healed":0.0,"max_hp_gain":0.0,"max_hp_loss":0.0,"gold_gain":0.0,"event_name":"N\u0027loth","player_choice":"Ignored","floor":31.0,"gold_loss":0.0,"damage_taken":0.0},{"damage_healed":0.0,"max_hp_gain":0.0,"max_hp_loss":0.0,"gold_gain":0.0,"event_name":"Mysterious Sphere","player_choice":"Fight","floor":38.0,"gold_loss":0.0,"damage_taken":0.0},{"damage_healed":0.0,"max_hp_gain":0.0,"max_hp_loss":0.0,"gold_gain":0.0,"event_name":"MindBloom","player_choice":"Fight","floor":45.0,"gold_loss":0.0,"damage_taken":0.0},{"damage_healed":0.0,"max_hp_gain":0.0,"max_hp_loss":0.0,"gold_gain":0.0,"event_name":"Tomb of Lord Red Mask","player_choice":"Ignored","floor":46.0,"gold_loss":0.0,"damage_taken":0.0}],"is_beta":true,"boss_relics":[{"not_picked":["Snecko Eye","Busted Crown"],"picked":"Pandora\u0027s Box"},{"not_picked":["WristBlade","SlaversCollar"],"picked":"Runic Pyramid"}],"items_purged_floors":[20,37,54],"is_endless":false,"potions_floor_spawned":[1,11,13,14,16,18,24,25,29,33,35,36,38,39,40,41,42,45,47,48,55],"ascension_level":20}