{"gold_per_floor":[111,131,52,70,84,84,99,127,127,141,153,172,172,182,182,277,277,258,271,271,349,349,349,382,0,0,17,17,17,17,31,31,131,131,149,164,179,179,195,195,34,34,58,58,58,69,81,81,81,81],"floor_reached":50,"playtime":4313,"items_purged":[],"score":493,"play_id":"bd5a4841-9d42-4c0f-903a-30b654c28f63","local_time":"20181121142819","is_ascension_mode":false,"campfire_choices":[{"data":"Deadly Poison","floor":6,"key":"SMITH"},{"floor":13,"key":"REST"},{"data":"Terror","floor":15,"key":"SMITH"},{"floor":23,"key":"REST"},{"floor":30,"key":"REST"},{"floor":32,"key":"REST"},{"floor":40,"key":"REST"},{"data":"Bandage Up","floor":45,"key":"SMITH"},{"floor":49,"key":"REST"}],"neow_cost":"NONE","seed_source_timestamp":4824057773353,"circlet_count":0,"master_deck":["Defend_G","Defend_G","Defend_G","Defend_G","Defend_G","Strike_G","Strike_G","Strike_G","Strike_G","Strike_G","Survivor","Neutralize","Deadly Poison+1","Slice","Riddle With Holes","PiercingWail","PiercingWail","PiercingWail","Tactician","Blur","Deadly Poison","Heel Hook","Deflect","Terror+1","Adrenaline","Choke","Flechettes","Necronomicurse","Poisoned Stab+1","Well Laid Plans","Poisoned Stab+1","Night Terror","Sucker Punch","Dash","Terror","Metamorphosis","Bane+1","Burst","Bandage Up+1","Blade Dance+1","Sucker Punch+1"],"relics":["Ring of the Snake","Paper Crane","Matryoshka","White Beast Statue","Oddly Smooth Stone","Mummified Hand","Necronomicon","Mercury Hourglass","Lantern","Snake Skull","Boot","Juzu Bracelet","Eternal Feather","Happy Flower"],"potions_floor_usage":[7,16,16,24,27,31,33,33,37,47,47,50],"damage_taken":[{"damage":4,"enemies":"Cultist","floor":1,"turns":5},{"damage":1,"enemies":"Jaw Worm","floor":2,"turns":3},{"damage":1,"enemies":"2 Louse","floor":4,"turns":4},{"damage":3,"enemies":"Blue Slaver","floor":5,"turns":4},{"damage":0,"enemies":"Looter","floor":7,"turns":4},{"damage":30,"enemies":"3 Sentries","floor":8,"turns":10},{"damage":0,"enemies":"Exordium Wildlife","floor":10,"turns":5},{"damage":0,"enemies":"2 Fungi Beasts","floor":11,"turns":3},{"damage":2,"enemies":"Red Slaver","floor":12,"turns":4},{"damage":0,"enemies":"3 Louse","floor":14,"turns":3},{"damage":35,"enemies":"The Guardian","floor":16,"turns":10},{"damage":15,"enemies":"2 Thieves","floor":18,"turns":4},{"damage":9,"enemies":"Shell Parasite","floor":19,"turns":8},{"damage":12,"enemies":"Slavers","floor":24,"turns":6},{"damage":9,"enemies":"Shelled Parasite and Fungi","floor":27,"turns":4},{"damage":22,"enemies":"Snecko","floor":31,"turns":4},{"damage":38,"enemies":"Automaton","floor":33,"turns":9},{"damage":17,"enemies":"3 Shapes","floor":35,"turns":3},{"damage":0,"enemies":"Orb Walker","floor":36,"turns":3},{"damage":0,"enemies":"Transient","floor":37,"turns":5},{"damage":26,"enemies":"3 Darklings","floor":39,"turns":6},{"damage":29,"enemies":"Spire Growth","floor":46,"turns":5},{"damage":40,"enemies":"Writhing Mass","floor":47,"turns":4},{"damage":69,"enemies":"Donu and Deca","floor":50,"turns":6}],"seed_played":"-3829991470362300039","potions_obtained":[{"floor":1,"key":"Energy Potion"},{"floor":4,"key":"SteroidPotion"},{"floor":7,"key":"Energy Potion"},{"floor":12,"key":"GhostInAJar"},{"floor":16,"key":"Energy Potion"},{"floor":18,"key":"SteroidPotion"},{"floor":24,"key":"EssenceOfSteel"},{"floor":27,"key":"Explosive Potion"},{"floor":31,"key":"SkillPotion"},{"floor":33,"key":"Fire Potion"},{"floor":35,"key":"GamblersBrew"},{"floor":36,"key":"LiquidBronze"},{"floor":37,"key":"GhostInAJar"},{"floor":46,"key":"Fire Potion"},{"floor":47,"key":"SmokeBomb"}],"is_trial":false,"path_per_floor":["M","M","$","M","M","R","M","E","T","M","M","M","R","M","R","B",null,"M","M","?","T","?","R","E","$","T","M","$","?","R","M","R","B",null,"M","M","M","?","M","R","$","?","T","$","R","M","M","?","R","B"],"character_chosen":"THE_SILENT","items_purchased":["Riddle With Holes","PiercingWail","Lantern","Snake Skull","Well Laid Plans","Burst","Bandage Up"],"campfire_rested":6,"item_purchase_floors":[3,3,25,25,25,41,41],"current_hp_per_floor":[73,72,72,71,68,68,68,38,38,38,38,36,59,59,59,24,77,62,53,39,39,23,47,35,35,35,26,26,26,50,28,52,14,82,65,65,65,65,39,82,82,82,82,82,82,58,18,18,66,0],"gold":81,"neow_bonus":"TEN_PERCENT_HP_BONUS","is_prod":false,"is_daily":false,"chose_seed":false,"campfire_upgraded":3,"win_rate":0.0,"timestamp":1542803299,"path_taken":["M","?","?","?","M","R","M","E","T","M","M","M","R","?","R","BOSS","M","M","?","?","?","R","E","?","T","M","$","?","R","M","R","BOSS","M","M","M","?","M","R","$","?","T","?","R","M","M","?","R","BOSS"],"build_version":"2018-11-15","purchased_purges":0,"victory":false,"max_hp_per_floor":[77,77,77,77,77,77,77,77,77,77,77,77,77,77,77,77,77,77,77,82,82,82,82,82,82,82,82,82,82,82,82,82,82,82,82,82,82,82,82,82,82,82,82,82,82,82,82,82,82,82],"card_choices":[{"not_picked":["Dagger Throw","Calculated Gamble"],"picked":"Deadly Poison","floor":1},{"not_picked":["Blade Dance","Backflip"],"picked":"Slice","floor":2},{"not_picked":["Underhanded Strike","Quick Slash"],"picked":"PiercingWail","floor":4},{"not_picked":["After Image","Flying Knee"],"picked":"PiercingWail","floor":5},{"not_picked":["Dagger Spray","Poisoned Stab"],"picked":"Tactician","floor":7},{"not_picked":["Acrobatics","Slice"],"picked":"Blur","floor":8},{"not_picked":["Blade Dance","Backstab"],"picked":"Deadly Poison","floor":10},{"not_picked":["Underhanded Strike","Reflex"],"picked":"Heel Hook","floor":11},{"not_picked":["Footwork","Outmaneuver"],"picked":"Deflect","floor":12},{"not_picked":["Acrobatics","PiercingWail"],"picked":"Terror","floor":14},{"not_picked":["Glass Knife","Tools of the Trade"],"picked":"Adrenaline","floor":16},{"not_picked":["Dagger Throw","Quick Slash"],"picked":"Choke","floor":18},{"not_picked":["Poisoned Stab","All Out Attack"],"picked":"Flechettes","floor":19},{"not_picked":["Deadly Poison","Underhanded Strike"],"picked":"Poisoned Stab+1","floor":24},{"not_picked":["Underhanded Strike","All Out Attack+1"],"picked":"Noxious Fumes","floor":27},{"not_picked":["Skewer","Masterful Stab"],"picked":"Poisoned Stab+1","floor":31},{"not_picked":["Venomology","Unload"],"picked":"Night Terror","floor":33},{"not_picked":["Underhanded Strike+1","Dodge and Roll+1"],"picked":"Sucker Punch","floor":35},{"not_picked":["Endless Agony","Flying Knee"],"picked":"Dash","floor":36},{"not_picked":["Backflip+1","Sucker Punch"],"picked":"Terror","floor":37},{"not_picked":["Blind","Forethought"],"picked":"Metamorphosis","floor":38},{"not_picked":["Sucker Punch+1","Underhanded Strike"],"picked":"Bane+1","floor":39},{"not_picked":["Leg Sweep","Heel Hook"],"picked":"Blade Dance+1","floor":46},{"not_picked":["Distraction+1","Masterful Stab+1"],"picked":"Sucker Punch+1","floor":47}],"player_experience":50933,"relics_obtained":[{"floor":8,"key":"Paper Crane"},{"floor":9,"key":"Matryoshka"},{"floor":21,"key":"Oddly Smooth Stone"},{"floor":21,"key":"Mummified Hand"},{"floor":22,"key":"Necronomicon"},{"floor":24,"key":"Mercury Hourglass"},{"floor":26,"key":"Boot"},{"floor":26,"key":"Juzu Bracelet"},{"floor":43,"key":"Happy Flower"}],"event_choices":[{"damage_healed":0,"gold_gain":0,"player_choice":"Shed Blood","damage_taken":19,"max_hp_gain":5,"max_hp_loss":0,"event_name":"Forgotten Altar","floor":20,"gold_loss":0},{"damage_healed":0,"gold_gain":0,"player_choice":"Obtained Book","damage_taken":16,"max_hp_gain":0,"max_hp_loss":0,"event_name":"Cursed Tome","floor":22,"gold_loss":0},{"damage_healed":0,"gold_gain":0,"player_choice":"Ignored","damage_taken":0,"max_hp_gain":0,"max_hp_loss":0,"event_name":"The Mausoleum","floor":29,"gold_loss":0},{"damage_healed":0,"gold_gain":0,"player_choice":"Memory 1","damage_taken":0,"max_hp_gain":0,"max_hp_loss":0,"event_name":"SensoryStone","floor":38,"gold_loss":0},{"damage_healed":0,"gold_gain":0,"player_choice":"Ignored","damage_taken":0,"max_hp_gain":0,"max_hp_loss":0,"event_name":"Mysterious Sphere","floor":42,"gold_loss":0},{"cards_removed":["Noxious Fumes"],"damage_healed":0,"gold_gain":0,"player_choice":"Removed Power","damage_taken":0,"max_hp_gain":0,"max_hp_loss":0,"event_name":"Falling","floor":48,"gold_loss":0}],"is_beta":false,"boss_relics":[{"not_picked":["Cursed Key","HoveringKite"],"picked":"White Beast Statue"},{"not_picked":["Coffee Dripper","Fusion Hammer"],"picked":"Eternal Feather"}],"items_purged_floors":[],"is_endless":false,"potions_floor_spawned":[1,4,7,12,16,18,19,24,27,31,33,35,36,37,39,46,47],"killed_by":"Donu and Deca","ascension_level":0}