{"gold_per_floor":[116,41,41,52,65,94,94,121,203,158],"floor_reached":10,"playtime":291,"items_purged":[],"score":91,"play_id":"a30fb808-298e-4b78-82b0-413346ce1d0f","local_time":"20190923195534","is_ascension_mode":true,"campfire_choices":[{"data":"Defragment","floor":7,"key":"SMITH"}],"neow_cost":"NONE","seed_source_timestamp":1026915952949000,"circlet_count":0,"master_deck":["Strike_B","Strike_B","Strike_B","Defend_B","Defend_B","Defend_B","Defend_B","Zap","Dualcast","Defragment+1","Loop","Sweeping Beam","White Noise","Echo Form"],"relics":["Cracked Core","NeowsBlessing","Pocketwatch","Juzu Bracelet","Gremlin Horn"],"potions_floor_usage":[],"damage_taken":[{"damage":0,"enemies":"Small Slimes","floor":1,"turns":1},{"damage":0,"enemies":"Cultist","floor":4,"turns":1},{"damage":0,"enemies":"Jaw Worm","floor":5,"turns":1},{"damage":50,"enemies":"3 Sentries","floor":6,"turns":8},{"damage":18,"enemies":"Gremlin Nob","floor":8,"turns":3},{"damage":20,"enemies":"Looter","floor":10,"turns":3}],"seed_played":"6731870903911262591","potions_obtained":[{"floor":1,"key":"Energy Potion"},{"floor":4,"key":"SteroidPotion"}],"is_trial":false,"path_per_floor":["M","$","?","M","M","E","R","E","T","M"],"character_chosen":"DEFECT","items_purchased":["Loop"],"campfire_rested":0,"item_purchase_floors":[2],"current_hp_per_floor":[75,75,75,75,75,25,25,7,7,0],"gold":158,"neow_bonus":"THREE_ENEMY_KILL","is_prod":false,"is_daily":false,"chose_seed":false,"campfire_upgraded":1,"win_rate":0,"timestamp":1569261334,"path_taken":["M","$","?","?","M","E","R","E","T","M"],"build_version":"2019-07-17","purchased_purges":0,"victory":false,"max_hp_per_floor":[75,75,75,75,75,75,75,75,75,75],"card_choices":[{"not_picked":["Ball Lightning","Conserve Battery"],"picked":"Defragment","floor":1},{"not_picked":["Barrage","Tempest","Blizzard"],"picked":"SKIP","floor":4},{"not_picked":["Auto Shields","Scrape"],"picked":"Sweeping Beam","floor":5},{"not_picked":["Go for the Eyes","Conserve Battery"],"picked":"White Noise","floor":6},{"not_picked":["Hologram","Barrage"],"picked":"Echo Form","floor":8}],"player_experience":319016,"relics_obtained":[{"floor":6,"key":"Pocketwatch"},{"floor":8,"key":"Juzu Bracelet"},{"floor":9,"key":"Gremlin Horn"}],"event_choices":[{"cards_removed":["Strike_B"],"damage_healed":0,"gold_gain":0,"player_choice":"Purged","damage_taken":0,"max_hp_gain":0,"max_hp_loss":0,"event_name":"Purifier","floor":3,"gold_loss":0}],"is_beta":false,"boss_relics":[],"items_purged_floors":[],"is_endless":false,"potions_floor_spawned":[1,4],"killed_by":"Looter","ascension_level":4}