{"gold_per_floor":[119,119,194,194,213,254,254,285,312,312,332,372,395,395,395,395],"floor_reached":16,"playtime":717,"items_purged":[],"score":130,"play_id":"2c77426c-5037-45ee-9698-d41f3824a42a","local_time":"20191006094626","is_ascension_mode":true,"campfire_choices":[{"floor":7,"key":"REST"},{"floor":10,"key":"REST"},{"floor":15,"key":"REST"}],"neow_cost":"NONE","seed_source_timestamp":86526450057600,"circlet_count":0,"master_deck":["Strike_G","Strike_G","Strike_G","Strike_G","Strike_G","Defend_G","Defend_G","Defend_G","Defend_G","Defend_G+1","Survivor+1","Neutralize","Choke","Cloak And Dagger","Backflip","Prepared","Bouncing Flask","Finisher"],"relics":["Ring of the Snake","Golden Idol","War Paint","Question Card","Lantern","Bronze Scales","Frozen Egg 2"],"potions_floor_usage":[12,12,16],"damage_taken":[{"damage":3,"enemies":"2 Louse","floor":1,"turns":3},{"damage":0,"enemies":"Small Slimes","floor":5,"turns":3},{"damage":32,"enemies":"3 Sentries","floor":6,"turns":14},{"damage":25,"enemies":"Lagavulin","floor":8,"turns":9},{"damage":0,"enemies":"Jaw Worm","floor":11,"turns":2},{"damage":16,"enemies":"Gremlin Nob","floor":12,"turns":3},{"damage":2,"enemies":"3 Louse","floor":13,"turns":3},{"damage":47,"enemies":"Slime Boss","floor":16,"turns":5}],"seed_played":"3761285941766430192","potions_obtained":[{"floor":1,"key":"FearPotion"},{"floor":8,"key":"GamblersBrew"},{"floor":11,"key":"Energy Potion"}],"is_trial":false,"path_per_floor":["M","?","?","?","M","E","R","E","T","R","M","E","M","?","R","B"],"character_chosen":"THE_SILENT","items_purchased":[],"campfire_rested":3,"item_purchase_floors":[],"current_hp_per_floor":[74,71,60,48,48,16,37,12,12,33,33,17,15,15,36,0],"gold":395,"neow_bonus":"TEN_PERCENT_HP_BONUS","is_prod":false,"is_daily":false,"chose_seed":false,"campfire_upgraded":0,"win_rate":0,"timestamp":1570347986,"path_taken":["M","?","?","?","M","E","R","E","T","R","M","E","?","?","R","BOSS"],"build_version":"2019-07-17","purchased_purges":0,"victory":false,"max_hp_per_floor":[77,71,71,71,71,71,71,71,71,71,71,71,71,71,71,71],"card_choices":[{"not_picked":["Dash","Masterful Stab"],"picked":"Choke","floor":1},{"not_picked":["Bane","Riddle With Holes","Slice"],"picked":"SKIP","floor":5},{"not_picked":["Dagger Throw","Dodge and Roll"],"picked":"Cloak And Dagger","floor":6},{"not_picked":["Dash","Calculated Gamble","Bane"],"picked":"Backflip","floor":8},{"not_picked":["Quick Slash","Bane","Dagger Throw"],"picked":"Prepared","floor":11},{"not_picked":["Outmaneuver","Dagger Spray","Poisoned Stab"],"picked":"Bouncing Flask","floor":12},{"not_picked":["Flying Knee","PiercingWail","Venomology"],"picked":"Finisher","floor":13}],"player_experience":208989,"relics_obtained":[{"floor":6,"key":"Question Card"},{"floor":8,"key":"Lantern"},{"floor":9,"key":"Bronze Scales"},{"floor":12,"key":"Frozen Egg 2"}],"event_choices":[{"damage_healed":0,"gold_gain":0,"player_choice":"Lose Max HP","damage_taken":0,"relics_obtained":["Golden Idol"],"max_hp_gain":0,"max_hp_loss":6,"event_name":"Golden Idol","floor":2,"gold_loss":0},{"damage_healed":0,"gold_gain":75,"player_choice":"Gather Gold","damage_taken":11,"max_hp_gain":0,"max_hp_loss":0,"event_name":"World of Goop","floor":3,"gold_loss":0},{"damage_healed":0,"gold_gain":0,"player_choice":"Success","damage_taken":12,"relics_obtained":["War Paint"],"max_hp_gain":0,"max_hp_loss":0,"event_name":"Scrap Ooze","floor":4,"gold_loss":0},{"damage_healed":0,"gold_gain":0,"player_choice":"Ignored","damage_taken":0,"max_hp_gain":0,"max_hp_loss":0,"event_name":"Liars Game","floor":14,"gold_loss":0}],"is_beta":false,"boss_relics":[],"items_purged_floors":[],"is_endless":false,"potions_floor_spawned":[1,8,11],"killed_by":"Slime Boss","ascension_level":2}