{"gold_per_floor":[116,133,58,70,86,86,86,86,86,99,117,127,141,167,167,167],"floor_reached":16,"playtime":675,"items_purged":["Regret"],"score":133,"play_id":"a66b6efb-8147-4408-bdfb-95e515eea934","local_time":"20190209192526","is_ascension_mode":true,"campfire_choices":[{"floor":6,"key":"DIG"},{"floor":8,"key":"DIG"},{"floor":15,"key":"REST"}],"neow_cost":"CURSE","seed_source_timestamp":2323255184890760,"circlet_count":0,"master_deck":["Defend_G","Defend_G","Defend_G","Defend_G","Strike_G","Strike_G","Strike_G","Strike_G","Strike_G","Survivor","Neutralize","Sucker Punch","Blur","Dagger Throw","Burst","Blur","Poisoned Stab","Quick Slash","Slice","Terror","Unload"],"relics":["Ring of the Snake","Shovel","Paper Crane","Centennial Puzzle","Bottled Lightning","Nunchaku"],"potions_floor_usage":[16],"damage_taken":[{"damage":6,"enemies":"2 Louse","floor":1,"turns":4},{"damage":9,"enemies":"Cultist","floor":2,"turns":4},{"damage":0,"enemies":"Small Slimes","floor":4,"turns":3},{"damage":6,"enemies":"2 Fungi Beasts","floor":5,"turns":5},{"damage":4,"enemies":"Red Slaver","floor":10,"turns":5},{"damage":3,"enemies":"Looter","floor":11,"turns":3},{"damage":5,"enemies":"Large Slime","floor":12,"turns":7},{"damage":1,"enemies":"2 Fungi Beasts","floor":13,"turns":4},{"damage":17,"enemies":"3 Sentries","floor":14,"turns":11},{"damage":0,"enemies":"The Guardian","floor":16,"turns":4}],"seed_played":"7850670965442206205","potions_obtained":[{"floor":1,"key":"Strength Potion"},{"floor":2,"key":"PowerPotion"},{"floor":11,"key":"Fire Potion"}],"is_trial":false,"path_per_floor":["M","M","$","M","M","R","?","R","T","M","M","M","M","E","R","B"],"character_chosen":"THE_SILENT","items_purchased":[],"campfire_rested":1,"item_purchase_floors":[],"current_hp_per_floor":[64,55,55,55,49,49,49,49,49,45,42,37,36,19,40,40],"gold":167,"neow_bonus":"ONE_RARE_RELIC","is_prod":false,"is_daily":false,"chose_seed":false,"campfire_upgraded":0,"win_rate":0,"timestamp":1549733126,"path_taken":["M","M","$","M","M","R","?","R","T","M","M","M","M","E","R","BOSS"],"build_version":"2019-01-23","purchased_purges":1,"victory":false,"max_hp_per_floor":[70,70,70,70,70,70,70,70,70,70,70,70,70,70,70,70],"card_choices":[{"not_picked":["Deflect","Calculated Gamble"],"picked":"Sucker Punch","floor":1},{"not_picked":["Dodge and Roll","PiercingWail"],"picked":"Blur","floor":2},{"not_picked":["Underhanded Strike","Noxious Fumes"],"picked":"Dagger Throw","floor":4},{"not_picked":["Bane","Sucker Punch"],"picked":"Burst","floor":5},{"not_picked":["Prepared","Outmaneuver"],"picked":"Poisoned Stab","floor":10},{"not_picked":["Dodge and Roll","Prepared"],"picked":"Quick Slash","floor":11},{"not_picked":["Flying Knee","Outmaneuver"],"picked":"Slice","floor":12},{"not_picked":["Noxious Fumes","Outmaneuver"],"picked":"Terror","floor":13},{"not_picked":["Flying Knee","Outmaneuver"],"picked":"Unload","floor":14}],"player_experience":206211,"relics_obtained":[{"floor":6,"key":"Paper Crane"},{"floor":8,"key":"Centennial Puzzle"},{"floor":9,"key":"Bottled Lightning"},{"floor":14,"key":"Nunchaku"}],"event_choices":[{"damage_healed":0,"gold_gain":0,"cards_transformed":["Defend_G"],"player_choice":"Transformed","damage_taken":0,"max_hp_gain":0,"max_hp_loss":0,"event_name":"Transmorgrifier","floor":7,"gold_loss":0,"cards_obtained":["Blur"]}],"is_beta":false,"boss_relics":[],"items_purged_floors":[3],"is_endless":false,"potions_floor_spawned":[1,2,11,14],"killed_by":"The Guardian","ascension_level":5}