{"gold_per_floor":[113,129,129,143,154,183,183,218,218,218],"floor_reached":10,"playtime":456,"items_purged":[],"score":109,"play_id":"70088204-4875-416e-8757-af731d95a1fe","local_time":"20191012233958","is_ascension_mode":true,"campfire_choices":[{"data":"Reinforced Body","floor":7,"key":"SMITH"}],"neow_cost":"NONE","seed_source_timestamp":103382085032500,"circlet_count":0,"master_deck":["Strike_B","Strike_B","Strike_B","Strike_B","Defend_B","Defend_B","Defend_B","Defend_B","Zap","Dualcast","Coolheaded","Cold Snap","Compile Driver","Reinforced Body+1","Sunder","Auto Shields"],"relics":["Cracked Core","Frozen Egg 2","Shuriken","Kunai"],"potions_floor_usage":[],"damage_taken":[{"damage":6,"enemies":"2 Louse","floor":1,"turns":3},{"damage":0,"enemies":"Cultist","floor":2,"turns":3},{"damage":5,"enemies":"Jaw Worm","floor":4,"turns":3},{"damage":4,"enemies":"Looter","floor":5,"turns":4},{"damage":41,"enemies":"Gremlin Nob","floor":6,"turns":5},{"damage":18,"enemies":"3 Sentries","floor":8,"turns":10},{"damage":18,"enemies":"Lagavulin","floor":10,"turns":7}],"seed_played":"-1550624318898880840","potions_obtained":[{"floor":2,"key":"SpeedPotion"},{"floor":6,"key":"Ancient Potion"},{"floor":8,"key":"GamblersBrew"}],"is_trial":false,"path_per_floor":["M","M","?","M","M","E","R","E","T","E"],"character_chosen":"DEFECT","items_purchased":[],"campfire_rested":0,"item_purchase_floors":[],"current_hp_per_floor":[69,69,74,69,65,24,24,6,6,0],"gold":218,"neow_bonus":"TEN_PERCENT_HP_BONUS","is_prod":false,"is_daily":false,"chose_seed":false,"campfire_upgraded":1,"win_rate":0,"timestamp":1570916398,"path_taken":["M","M","?","M","M","E","R","E","T","E"],"build_version":"2019-07-17","purchased_purges":0,"victory":false,"max_hp_per_floor":[82,82,87,87,87,87,87,87,87,87],"card_choices":[{"not_picked":["Turbo","Blizzard"],"picked":"Coolheaded","floor":1},{"not_picked":["Steam","Stack"],"picked":"Cold Snap","floor":2},{"not_picked":["Scrape","Barrage"],"picked":"Compile Driver","floor":4},{"not_picked":["Steam Power","Storm"],"picked":"Reinforced Body","floor":5},{"not_picked":["Sweeping Beam","Turbo"],"picked":"Sunder","floor":6},{"not_picked":["Scrape","Coolheaded"],"picked":"Auto Shields","floor":8}],"player_experience":398751,"relics_obtained":[{"floor":6,"key":"Frozen Egg 2"},{"floor":8,"key":"Shuriken"},{"floor":9,"key":"Kunai"}],"event_choices":[{"damage_healed":0,"gold_gain":0,"player_choice":"Donut","damage_taken":0,"max_hp_gain":5,"max_hp_loss":0,"event_name":"Big Fish","floor":3,"gold_loss":0}],"is_beta":false,"boss_relics":[],"items_purged_floors":[],"is_endless":false,"potions_floor_spawned":[2,6,8],"killed_by":"Lagavulin","ascension_level":8}