{"gold_per_floor":[111,126,81,81,95,95,105,105,105,140,140,169,180,5,5,110,110,127,95,110,122,132,132],"floor_reached":23,"playtime":1986,"items_purged":[],"score":306,"play_id":"52048742-69ce-49a4-8620-dc39d4f6d8a2","local_time":"20191018223235","is_ascension_mode":true,"campfire_choices":[{"data":"Conserve Battery","floor":6.0,"key":"SMITH"},{"data":"Core Surge","floor":8.0,"key":"SMITH"},{"data":"Glacier","floor":11.0,"key":"SMITH"},{"data":"Loop","floor":15.0,"key":"SMITH"}],"neow_cost":"NONE","seed_source_timestamp":678827980782900,"circlet_count":0,"master_deck":["Strike_B","Strike_B","Strike_B","Strike_B","Defend_B","Defend_B","Defend_B","Defend_B","Zap+1","Dualcast","Genetic Algorithm","Conserve Battery+1","Core Surge+1","Glacier+1","Loop+1","Ball Lightning","Reinforced Body","Echo Form","Genetic Algorithm+1"],"special_seed":0,"relics":["Cracked Core","Dream Catcher","Bottled Flame","Ornamental Fan","Pen Nib","Snecko Eye"],"potions_floor_usage":[],"damage_taken":[{"damage":4.0,"enemies":"2 Louse","floor":1.0,"turns":2.0},{"damage":0.0,"enemies":"Small Slimes","floor":2.0,"turns":3.0},{"damage":5.0,"enemies":"Cultist","floor":5.0,"turns":4.0},{"damage":9.0,"enemies":"Lots of Slimes","floor":7.0,"turns":4.0},{"damage":14.0,"enemies":"Gremlin Nob","floor":10.0,"turns":4.0},{"damage":18.0,"enemies":"3 Sentries","floor":12.0,"turns":8.0},{"damage":0.0,"enemies":"2 Fungi Beasts","floor":13.0,"turns":3.0},{"damage":0.0,"enemies":"The Guardian","floor":16.0,"turns":13.0},{"damage":0.0,"enemies":"Spheric Guardian","floor":18.0,"turns":6.0},{"damage":35.0,"enemies":"2 Thieves","floor":19.0,"turns":5.0},{"damage":0.0,"enemies":"Snake Plant","floor":20.0,"turns":7.0},{"damage":0.0,"enemies":"Sentry and Sphere","floor":21.0,"turns":7.0},{"damage":0.0,"enemies":"Centurion and Healer","floor":22.0,"turns":7.0},{"damage":40,"enemies":"Book of Stabbing","floor":23,"turns":7}],"seed_played":"873020227635825251","potions_obtained":[{"floor":1.0,"key":"Swift Potion"},{"floor":10.0,"key":"Poison Potion"},{"floor":13.0,"key":"Swift Potion"},{"floor":20.0,"key":"FocusPotion"},{"floor":22.0,"key":"Ancient Potion"}],"is_trial":false,"path_per_floor":["M","M","?","?","M","R","M","R","T","E","R","E","M","$","R","B",null,"M","M","M","M","M","E"],"character_chosen":"DEFECT","items_purchased":["Loop","Ball Lightning","Reinforced Body"],"campfire_rested":0,"item_purchase_floors":[14,14,14],"current_hp_per_floor":[71,71,71,71,66,66,57,57,57,43,43,25,25,25,25,25,75,75,40,40,40,40,0],"gold":132,"neow_bonus":"RANDOM_COMMON_RELIC","is_prod":false,"is_daily":false,"chose_seed":false,"campfire_upgraded":4,"win_rate":0,"timestamp":1571459555,"path_taken":["M","M","?","?","M","R","M","R","T","E","R","E","M","$","R","BOSS","M","?","M","M","?","E"],"build_version":"2019-07-17","purchased_purges":0,"victory":false,"max_hp_per_floor":[75,75,75,75,75,75,75,75,75,75,75,75,75,75,75,75,75,75,75,75,75,75,75],"card_choices":[{"not_picked":["Stack","Go for the Eyes","Barrage"],"picked":"SKIP","floor":1.0},{"not_picked":["Steam Power","Hologram"],"picked":"Genetic Algorithm","floor":2.0},{"not_picked":["Turbo","Rebound"],"picked":"Conserve Battery","floor":5.0},{"not_picked":["Rebound","Go for the Eyes"],"picked":"Core Surge","floor":7.0},{"not_picked":["Undo","FTL"],"picked":"Glacier","floor":10.0},{"not_picked":["Sunder","Undo","Blizzard"],"picked":"SKIP","floor":12.0},{"not_picked":["Steam","Steam Power","Reprogram"],"picked":"SKIP","floor":13.0},{"not_picked":["Rainbow","Meteor Strike"],"picked":"Echo Form","floor":16.0},{"not_picked":["Go for the Eyes","Sunder+1"],"picked":"Genetic Algorithm+1","floor":18.0},{"not_picked":["Coolheaded","Stack+1","Reprogram"],"picked":"SKIP","floor":19.0},{"not_picked":["Gash","Skim+1","Leap"],"picked":"SKIP","floor":20.0},{"not_picked":["Cold Snap","Redo+1","Darkness+1"],"picked":"SKIP","floor":21.0},{"not_picked":["Rebound","Hologram+1","Hello World+1"],"picked":"SKIP","floor":22.0}],"player_experience":71642,"relics_obtained":[{"floor":9.0,"key":"Bottled Flame"},{"floor":10.0,"key":"Ornamental Fan"},{"floor":12.0,"key":"Pen Nib"}],"event_choices":[{"damage_healed":0.0,"max_hp_gain":0.0,"max_hp_loss":0.0,"gold_gain":0.0,"event_name":"World of Goop","player_choice":"Left Gold","floor":3.0,"gold_loss":45.0,"damage_taken":0.0},{"damage_healed":0.0,"max_hp_gain":0.0,"max_hp_loss":0.0,"gold_gain":0.0,"event_name":"Accursed Blacksmith","player_choice":"Forge","floor":4.0,"gold_loss":0.0,"damage_taken":0.0,"cards_upgraded":["Zap"]}],"is_beta":false,"boss_relics":[{"not_picked":["Runic Pyramid","Coffee Dripper"],"picked":"Snecko Eye"}],"items_purged_floors":[],"is_endless":false,"potions_floor_spawned":[1,10,13,20,22],"killed_by":"Book of Stabbing","ascension_level":4}