{"gold_per_floor":[118,118,138,151,161,187,187,206,259,277,277,312,312,312,312,435,435,448,464,22,42,142,183,183,219,219,219,234,269,283,306,306,306],"floor_reached":33,"playtime":2156,"items_purged":[],"score":431,"play_id":"eb9e5a9c-7a4f-4622-8495-9ceb502cb394","local_time":"20190302153020","is_ascension_mode":true,"campfire_choices":[{"data":"Footwork","floor":7,"key":"SMITH"},{"floor":11,"key":"REST"},{"data":"Adrenaline","floor":13,"key":"SMITH"},{"data":"Deadly Poison","floor":15,"key":"SMITH"},{"data":"Predator","floor":24,"key":"SMITH"},{"floor":27,"key":"REST"},{"floor":32,"key":"REST"}],"neow_cost":"NONE","seed_source_timestamp":1435570137662710,"circlet_count":0,"master_deck":["Defend_G","Defend_G","Defend_G","Defend_G","Defend_G","Strike_G","Strike_G+1","Strike_G+1","Strike_G","Strike_G","Survivor","Neutralize","Dash","Blur","Predator+1","Footwork+1","Poisoned Stab+1","Adrenaline+1","Dagger Throw+1","Deadly Poison+1","Injury","Wraith Form v2","Well Laid Plans","Endless Agony+1","PiercingWail+1","Prepared","Bouncing Flask","Bane+1","Corpse Explosion","Blade Dance","Poisoned Stab+1"],"relics":["Black Star","PreservedInsect","Molten Egg 2","Lantern","Blood Vial","Ancient Tea Set","Golden Idol","WristBlade","Snake Skull","Bird Faced Urn","Art of War","Mummified Hand","Whetstone","Pen Nib","Ninja Scroll","Orichalcum","Bottled Lightning"],"potions_floor_usage":[6,31,33,33],"damage_taken":[{"damage":0,"enemies":"Jaw Worm","floor":1,"turns":5},{"damage":0,"enemies":"2 Louse","floor":3,"turns":3},{"damage":0,"enemies":"Cultist","floor":4,"turns":5},{"damage":9,"enemies":"Lots of Slimes","floor":5,"turns":6},{"damage":19,"enemies":"3 Sentries","floor":6,"turns":11},{"damage":5,"enemies":"Gremlin Gang","floor":8,"turns":6},{"damage":2,"enemies":"3 Louse","floor":10,"turns":3},{"damage":7,"enemies":"Lagavulin","floor":12,"turns":6},{"damage":12,"enemies":"The Guardian","floor":16,"turns":12},{"damage":3,"enemies":"Chosen","floor":18,"turns":6},{"damage":12,"enemies":"3 Byrds","floor":19,"turns":7},{"damage":25,"enemies":"Snake Plant","floor":21,"turns":5},{"damage":8,"enemies":"Book of Stabbing","floor":23,"turns":5},{"damage":5,"enemies":"Slavers","floor":25,"turns":6},{"damage":2,"enemies":"Cultist and Chosen","floor":28,"turns":3},{"damage":9,"enemies":"Book of Stabbing","floor":29,"turns":3},{"damage":1,"enemies":"Snecko","floor":30,"turns":4},{"damage":14,"enemies":"Centurion and Healer","floor":31,"turns":3},{"damage":74,"enemies":"Automaton","floor":33,"turns":10}],"seed_played":"2533887767680911482","potions_obtained":[{"floor":1,"key":"Weak Potion"},{"floor":4,"key":"Swift Potion"},{"floor":10,"key":"FearPotion"},{"floor":23,"key":"FearPotion"},{"floor":25,"key":"Strength Potion"}],"is_trial":false,"path_per_floor":["M","$","M","M","M","E","R","M","T","M","R","E","R","?","R","B",null,"M","M","$","M","?","E","R","E","T","R","M","E","M","M","R","B"],"character_chosen":"THE_SILENT","items_purchased":["Snake Skull","Bird Faced Urn"],"campfire_rested":3,"item_purchase_floors":[20,20],"current_hp_per_floor":[63,63,63,63,54,35,35,30,30,28,49,42,42,42,42,32,61,60,50,50,31,31,29,29,30,30,51,53,48,49,41,62,0],"gold":306,"neow_bonus":"BOSS_RELIC","is_prod":false,"is_daily":false,"chose_seed":false,"campfire_upgraded":4,"win_rate":0,"timestamp":1551533420,"path_taken":["M","$","M","M","M","E","R","M","T","M","R","E","R","?","R","BOSS","M","M","$","M","?","E","R","E","T","R","M","E","?","?","R","BOSS"],"build_version":"2019-01-23","purchased_purges":0,"victory":false,"max_hp_per_floor":[70,70,70,70,70,70,70,70,70,70,70,70,70,70,70,70,70,70,70,70,70,70,70,70,70,70,70,70,70,70,70,70,70],"card_choices":[{"not_picked":["Riddle With Holes","All Out Attack"],"picked":"Dash","floor":1},{"not_picked":["Acrobatics","Blade Dance"],"picked":"Blur","floor":3},{"not_picked":["Outmaneuver","Flying Knee"],"picked":"Predator","floor":4},{"not_picked":["Quick Slash","Tactician"],"picked":"Footwork","floor":5},{"not_picked":["Underhanded Strike","Outmaneuver"],"picked":"Poisoned Stab","floor":6},{"not_picked":["Footwork","Reflex"],"picked":"Adrenaline","floor":8},{"not_picked":["Sucker Punch+1","Cloak And Dagger"],"picked":"Dagger Throw+1","floor":10},{"not_picked":["Acrobatics","Flechettes+1"],"picked":"Deadly Poison","floor":12},{"not_picked":["Phantasmal Killer","Die Die Die+1"],"picked":"Wraith Form v2","floor":16},{"not_picked":["Deflect","Poisoned Stab+1"],"picked":"Well Laid Plans","floor":18},{"not_picked":["Dodge and Roll","Bouncing Flask"],"picked":"Endless Agony+1","floor":19},{"not_picked":["Flechettes+1","Backflip"],"picked":"PiercingWail+1","floor":21},{"not_picked":["A Thousand Cuts","Grand Finale+1"],"picked":"Prepared","floor":23},{"not_picked":["Flying Knee+1","Dagger Spray+1"],"picked":"Bouncing Flask","floor":25},{"not_picked":["Eviscerate+1","Caltrops"],"picked":"Bane+1","floor":28},{"not_picked":["Corpse Explosion","Deflect+1","Masterful Stab+1"],"picked":"SKIP","floor":29},{"not_picked":["Deflect+1","Masterful Stab+1"],"picked":"Corpse Explosion","floor":29},{"not_picked":["Outmaneuver","Predator+1"],"picked":"Blade Dance","floor":30},{"not_picked":["Outmaneuver","Eviscerate+1"],"picked":"Poisoned Stab+1","floor":31}],"player_experience":237249,"relics_obtained":[{"floor":6,"key":"PreservedInsect"},{"floor":6,"key":"Molten Egg 2"},{"floor":9,"key":"Lantern"},{"floor":12,"key":"Blood Vial"},{"floor":12,"key":"Ancient Tea Set"},{"floor":23,"key":"Art of War"},{"floor":23,"key":"Mummified Hand"},{"floor":25,"key":"Whetstone"},{"floor":25,"key":"Pen Nib"},{"floor":26,"key":"Ninja Scroll"},{"floor":29,"key":"Orichalcum"},{"floor":29,"key":"Bottled Lightning"}],"event_choices":[{"damage_healed":0,"gold_gain":0,"player_choice":"Take Wound","damage_taken":0,"relics_obtained":["Golden Idol"],"max_hp_gain":0,"max_hp_loss":0,"event_name":"Golden Idol","floor":14,"gold_loss":0,"cards_obtained":["Injury"]},{"damage_healed":0,"gold_gain":100,"player_choice":"Pray","damage_taken":0,"max_hp_gain":0,"max_hp_loss":0,"event_name":"Golden Shrine","floor":22,"gold_loss":0}],"is_beta":false,"boss_relics":[{"not_picked":["Fusion Hammer","Sozu"],"picked":"WristBlade"}],"items_purged_floors":[],"is_endless":false,"potions_floor_spawned":[1,4,10,23,25],"killed_by":"Automaton","ascension_level":7}