{"gold_per_floor":[359,378,453,73,92,92,126,126,126,126,126],"floor_reached":11,"playtime":169,"items_purged":["Strike_B"],"score":142,"play_id":"8127ebd8-31e6-4b74-89ac-4243135c8e4d","local_time":"20190925115702","is_ascension_mode":true,"campfire_choices":[{"data":"Darkness","floor":6,"key":"SMITH"},{"data":"Chaos","floor":8,"key":"SMITH"},{"data":"Dualcast","floor":10,"key":"SMITH"}],"neow_cost":"TEN_PERCENT_HP_LOSS","seed_source_timestamp":244394566227871,"circlet_count":0,"master_deck":["AscendersBane","Strike_B","Strike_B","Strike_B","Defend_B","Defend_B","Defend_B","Defend_B","Zap","Dualcast+1","Sunder","Darkness+1","Panacea","Cold Snap","Chaos+1","Redo"],"relics":["Cracked Core","Chemical X","The Courier","White Beast Statue"],"potions_floor_usage":[],"damage_taken":[{"damage":2,"enemies":"Cultist","floor":1,"turns":4},{"damage":3,"enemies":"2 Louse","floor":2,"turns":2},{"damage":10,"enemies":"Jaw Worm","floor":5,"turns":4},{"damage":22,"enemies":"Gremlin Nob","floor":7,"turns":4},{"damage":0,"enemies":"Exordium Wildlife","floor":11,"turns":1}],"seed_played":"-1536423530178582600","potions_obtained":[{"floor":2,"key":"Dexterity Potion"}],"is_trial":false,"path_per_floor":["M","M","?","$","M","R","E","R","T","R","M"],"character_chosen":"DEFECT","items_purchased":["Chemical X","Panacea","Cold Snap"],"campfire_rested":0,"item_purchase_floors":[4,4,4],"current_hp_per_floor":[62,59,48,48,38,38,16,16,16,16,16],"gold":126,"neow_bonus":"TWO_FIFTY_GOLD","is_prod":false,"is_daily":false,"chose_seed":false,"campfire_upgraded":3,"win_rate":0,"timestamp":1569383822,"path_taken":["M","?","?","?","M","R","E","R","T","R","M"],"build_version":"2019-09-24","purchased_purges":1,"victory":false,"max_hp_per_floor":[64,64,64,64,64,64,64,64,64,64,64],"card_choices":[{"not_picked":["Cold Snap","Go for the Eyes"],"picked":"Sunder","floor":1},{"not_picked":["Compile Driver","Streamline"],"picked":"Darkness","floor":2},{"not_picked":["Ball Lightning","Gash"],"picked":"Chaos","floor":5},{"not_picked":["Sunder","Go for the Eyes"],"picked":"Redo","floor":7}],"player_experience":986213,"relics_obtained":[{"floor":7,"key":"The Courier"},{"floor":9,"key":"White Beast Statue"}],"event_choices":[{"damage_healed":0,"gold_gain":75,"player_choice":"Gather Gold","damage_taken":11,"max_hp_gain":0,"max_hp_loss":0,"event_name":"World of Goop","floor":3,"gold_loss":0}],"is_beta":true,"boss_relics":[],"items_purged_floors":[4],"is_endless":false,"potions_floor_spawned":[2],"killed_by":"Exordium Wildlife","ascension_level":20}