{"gold_per_floor":[110,128,144,144,158,172,172,191,260,280,280,104,121,144,144,244,244,257,182,195,205,219,219,253,98,98,98,98,98,98,115,115,115],"floor_reached":33,"playtime":2283,"items_purged":["Strike_G"],"score":287,"play_id":"7b6a2cc6-fc68-44fe-98f5-cfe9ff8ff3ee","local_time":"20191013083915","is_ascension_mode":true,"campfire_choices":[{"floor":7,"key":"REST"},{"floor":15,"key":"REST"},{"floor":23,"key":"REST"},{"floor":27,"key":"REST"},{"data":"Calculated Gamble","floor":30,"key":"SMITH"},{"floor":32,"key":"REST"}],"neow_cost":"PERCENT_DAMAGE","seed_source_timestamp":174404097159200,"circlet_count":0,"master_deck":["Strike_G","Defend_G","Defend_G","Survivor","Neutralize","After Image","Dagger Throw","Escape Plan","Well Laid Plans","Panache","Distraction","Bullet Time+1","Noxious Fumes+1","Deflect+1","Calculated Gamble+1","Backstab"],"relics":["Ring of the Snake","Ornamental Fan","Astrolabe","Bag of Marbles","Happy Flower","Nloth\u0027s Gift"],"potions_floor_usage":[16,16,16,24,24,24],"damage_taken":[{"damage":0,"enemies":"Cultist","floor":1,"turns":4},{"damage":2,"enemies":"Small Slimes","floor":2,"turns":4},{"damage":1,"enemies":"Jaw Worm","floor":3,"turns":5},{"damage":0,"enemies":"Looter","floor":5,"turns":4},{"damage":4,"enemies":"Blue Slaver","floor":6,"turns":5},{"damage":14,"enemies":"Gremlin Gang","floor":8,"turns":6},{"damage":10,"enemies":"Lots of Slimes","floor":10,"turns":8},{"damage":3,"enemies":"Blue Slaver","floor":13,"turns":4},{"damage":9,"enemies":"The Guardian","floor":16,"turns":14},{"damage":0,"enemies":"Shell Parasite","floor":18,"turns":7},{"damage":5,"enemies":"3 Byrds","floor":20,"turns":3},{"damage":5,"enemies":"Shelled Parasite and Fungi","floor":21,"turns":5},{"damage":23,"enemies":"Snake Plant","floor":22,"turns":4},{"damage":45,"enemies":"Gremlin Leader","floor":24,"turns":8},{"damage":0,"enemies":"Centurion and Healer","floor":31,"turns":7},{"damage":71,"enemies":"Champ","floor":33,"turns":16}],"seed_played":"-6436612667012441801","potions_obtained":[{"floor":2,"key":"EssenceOfSteel"},{"floor":5,"key":"EssenceOfSteel"},{"floor":10,"key":"Weak Potion"},{"floor":13,"key":"Strength Potion"},{"floor":16,"key":"Weak Potion"},{"floor":20,"key":"SkillPotion"},{"floor":22,"key":"Dexterity Potion"}],"is_trial":false,"path_per_floor":["M","M","M","$","M","M","R","M","T","M","?","$","M","T","R","B",null,"M","$","M","M","M","R","E","$","T","R","?","?","R","M","R","B"],"character_chosen":"THE_SILENT","items_purchased":["Panache","Lantern"],"campfire_rested":5,"item_purchase_floors":[12,25],"current_hp_per_floor":[49,47,46,46,46,42,63,49,49,39,32,32,29,29,50,41,70,70,70,65,60,37,58,13,13,13,34,34,34,34,34,55,0],"gold":115,"neow_bonus":"REMOVE_TWO","is_prod":false,"is_daily":false,"chose_seed":false,"campfire_upgraded":1,"win_rate":0,"timestamp":1570948755,"path_taken":["M","M","M","?","M","M","R","M","T","M","?","$","M","?","R","BOSS","M","$","M","M","M","R","E","$","T","R","?","?","R","?","R","BOSS"],"build_version":"2019-07-17","purchased_purges":1,"victory":false,"max_hp_per_floor":[70,70,70,70,70,70,70,70,70,70,70,70,70,70,70,70,70,70,70,70,70,70,70,70,70,70,70,70,70,70,70,70,70],"card_choices":[{"not_picked":["Flying Knee","Slice","Poisoned Stab"],"picked":"SKIP","floor":1},{"not_picked":["Backflip","Deadly Poison"],"picked":"After Image","floor":2},{"not_picked":["All Out Attack","Catalyst","Sucker Punch"],"picked":"SKIP","floor":3},{"not_picked":["Setup","Concentrate"],"picked":"Dagger Throw","floor":5},{"not_picked":["Crippling Poison","Deadly Poison"],"picked":"Escape Plan","floor":6},{"not_picked":["Expertise","Underhanded Strike","Eviscerate"],"picked":"SKIP","floor":8},{"not_picked":["Eviscerate","Slice"],"picked":"Well Laid Plans","floor":10},{"not_picked":["Dagger Spray","Venomology"],"picked":"Distraction","floor":13},{"not_picked":["Flying Knee","All Out Attack","Dagger Throw"],"picked":"SKIP","floor":18},{"not_picked":["Dagger Throw","Well Laid Plans+1","Reflex"],"picked":"SKIP","floor":20},{"not_picked":["Skewer","PiercingWail","Sucker Punch"],"picked":"SKIP","floor":21},{"not_picked":["Well Laid Plans","Underhanded Strike+1"],"picked":"Calculated Gamble","floor":22},{"not_picked":["Expertise","Predator"],"picked":"Backstab","floor":24},{"not_picked":["Infinite Blades","Underhanded Strike","PiercingWail"],"picked":"SKIP","floor":31}],"player_experience":325963,"relics_obtained":[{"floor":9,"key":"Ornamental Fan"},{"floor":24,"key":"Bag of Marbles"},{"floor":26,"key":"Happy Flower"}],"event_choices":[{"cards_removed":["Defend_G"],"damage_healed":0,"gold_gain":0,"player_choice":"Card Removal","damage_taken":7,"max_hp_gain":0,"max_hp_loss":0,"event_name":"Golden Wing","floor":11,"gold_loss":0},{"damage_healed":0,"gold_gain":0,"player_choice":"Ignored","damage_taken":0,"max_hp_gain":0,"max_hp_loss":0,"event_name":"The Mausoleum","floor":28,"gold_loss":0},{"damage_healed":0,"gold_gain":0,"player_choice":"Traded Relic","damage_taken":0,"relics_obtained":["Nloth\u0027s Gift"],"max_hp_gain":0,"max_hp_loss":0,"event_name":"N\u0027loth","floor":29,"relics_lost":["Lantern"],"gold_loss":0}],"is_beta":false,"boss_relics":[{"not_picked":["Runic Dome","Snecko Eye"],"picked":"Astrolabe"}],"items_purged_floors":[19],"is_endless":false,"potions_floor_spawned":[2,5,10,13,16,20,22],"killed_by":"Champ","ascension_level":2}