{"gold_per_floor":[10,10,10,24,24,55,55,69,95,45,45,45,65,65,65,194,194,218,70,70,169,94,94,94,112,136,159,179,94,94,108,108,108],"floor_reached":33,"playtime":989,"items_purged":[],"score":292,"play_id":"9139fb96-a158-49ce-a9b1-cdad2342ae93","local_time":"20191018143152","is_ascension_mode":true,"campfire_choices":[{"floor":7,"key":"REST"},{"floor":12,"key":"REST"},{"data":"Zap","floor":15,"key":"SMITH"},{"data":"Scrape","floor":23,"key":"SMITH"},{"floor":30,"key":"REST"},{"floor":32,"key":"REST"}],"neow_cost":"NO_GOLD","seed_source_timestamp":628858323752000,"circlet_count":0,"master_deck":["Strike_B","Strike_B","Defend_B","Defend_B","Defend_B","Defend_B","Zap+1","Dualcast","Loop+1","Gash+1","Beam Cell","Defragment+1","Capacitor","All For One","Rebound","Scrape+1","Defragment","Self Repair","Conserve Battery","Auto Shields+1","Self Repair","Beam Cell","Consume"],"relics":["Cracked Core","Dead Branch","Bronze Scales","Dream Catcher","Golden Idol","Juzu Bracelet","Centennial Puzzle"],"potions_floor_usage":[6,16,18,28,28,33,33],"damage_taken":[{"damage":8,"enemies":"Small Slimes","floor":1,"turns":3},{"damage":0,"enemies":"Cultist","floor":4,"turns":3},{"damage":47,"enemies":"Lagavulin","floor":6,"turns":7},{"damage":4,"enemies":"Jaw Worm","floor":8,"turns":3},{"damage":7,"enemies":"Looter","floor":13,"turns":3},{"damage":15,"enemies":"The Guardian","floor":16,"turns":8},{"damage":20,"enemies":"Spheric Guardian","floor":18,"turns":4},{"damage":9,"enemies":"Chosen","floor":25,"turns":4},{"damage":33,"enemies":"Snake Plant","floor":27,"turns":4},{"damage":0,"enemies":"Sentry and Sphere","floor":28,"turns":3},{"damage":29,"enemies":"Centurion and Healer","floor":31,"turns":6},{"damage":41,"enemies":"Collector","floor":33,"turns":7}],"seed_played":"4407572794535164165","potions_obtained":[{"floor":4,"key":"Weak Potion"},{"floor":8,"key":"FearPotion"},{"floor":16,"key":"EntropicBrew"},{"floor":28,"key":"FearPotion"},{"floor":31,"key":"PowerPotion"}],"is_trial":false,"path_per_floor":["M","$","?","M","?","E","R","M","T","?","$","R","M","?","R","B",null,"M","$","?","?","?","R","?","M","T","M","M","?","R","M","R","B"],"character_chosen":"DEFECT","items_purchased":["Scrape","Defragment"],"campfire_rested":4,"item_purchase_floors":[19,19],"current_hp_per_floor":[67,67,67,67,67,20,42,38,38,38,38,60,53,53,53,38,69,49,49,49,49,49,49,49,40,40,7,14,14,34,19,39,0],"gold":108,"neow_bonus":"ONE_RARE_RELIC","is_prod":false,"is_daily":false,"chose_seed":false,"campfire_upgraded":2,"win_rate":0,"timestamp":1571401912,"path_taken":["M","$","?","M","?","E","R","?","T","?","?","R","M","?","R","BOSS","M","$","?","?","?","R","?","?","T","M","M","?","R","M","R","BOSS"],"build_version":"2019-07-17","purchased_purges":0,"victory":false,"max_hp_per_floor":[75,75,75,75,75,75,75,75,75,75,75,75,75,69,69,69,69,69,69,69,69,69,69,69,69,69,69,69,69,69,69,69,69],"card_choices":[{"not_picked":["Streamline","Rebound"],"picked":"Loop","floor":1},{"not_picked":["Redo","Beam Cell"],"picked":"Gash","floor":4},{"not_picked":["Ball Lightning","Chill"],"picked":"Beam Cell","floor":6},{"not_picked":["Darkness","Steam Power","Sweeping Beam"],"picked":"SKIP","floor":8},{"not_picked":["Undo","Beam Cell"],"picked":"Defragment","floor":12},{"not_picked":["Ball Lightning","Steam Power"],"picked":"Capacitor","floor":13},{"not_picked":["Hyperbeam","Meteor Strike"],"picked":"All For One","floor":16},{"not_picked":["Glacier","Leap"],"picked":"Rebound","floor":18},{"not_picked":["Stack","Compile Driver"],"picked":"Self Repair","floor":25},{"not_picked":["Capacitor","Heatsinks+1"],"picked":"Conserve Battery","floor":27},{"not_picked":["Reprogram","Sunder"],"picked":"Auto Shields+1","floor":28},{"not_picked":["Rebound+1","Stack+1"],"picked":"Self Repair","floor":30},{"not_picked":["Cold Snap","Redo"],"picked":"Beam Cell","floor":31},{"not_picked":["Self Repair","Amplify"],"picked":"Consume","floor":32}],"player_experience":378510,"relics_obtained":[{"floor":6,"key":"Bronze Scales"},{"floor":9,"key":"Dream Catcher"},{"floor":26,"key":"Juzu Bracelet"}],"event_choices":[{"damage_healed":0,"gold_gain":0,"player_choice":"Grow","damage_taken":0,"max_hp_gain":0,"max_hp_loss":0,"event_name":"Living Wall","floor":3,"gold_loss":0,"cards_upgraded":["Loop"]},{"damage_healed":0,"gold_gain":0,"player_choice":"Upgraded","damage_taken":0,"max_hp_gain":0,"max_hp_loss":0,"event_name":"Upgrade Shrine","floor":5,"gold_loss":0,"cards_upgraded":["Gash"]},{"cards_removed":["Strike_B"],"damage_healed":0,"gold_gain":0,"player_choice":"Card Removal","damage_taken":0,"max_hp_gain":0,"max_hp_loss":0,"event_name":"The Cleric","floor":10,"gold_loss":50},{"damage_healed":0,"gold_gain":0,"player_choice":"Lose Max HP","damage_taken":0,"relics_obtained":["Golden Idol"],"max_hp_gain":0,"max_hp_loss":6,"event_name":"Golden Idol","floor":14,"gold_loss":0},{"damage_healed":0,"gold_gain":0,"player_choice":"Ignored","damage_taken":0,"max_hp_gain":0,"max_hp_loss":0,"event_name":"The Mausoleum","floor":20,"gold_loss":0},{"damage_healed":0,"gold_gain":99,"player_choice":"Stole From Cult","damage_taken":0,"max_hp_gain":0,"max_hp_loss":0,"event_name":"Nest","floor":21,"gold_loss":0},{"cards_removed":["Strike_B"],"damage_healed":0,"gold_gain":0,"player_choice":"Gave Gold","damage_taken":0,"max_hp_gain":0,"max_hp_loss":0,"event_name":"Beggar","floor":22,"gold_loss":75},{"damage_healed":0,"gold_gain":0,"player_choice":"Upgraded","damage_taken":0,"max_hp_gain":0,"max_hp_loss":0,"event_name":"Upgrade Shrine","floor":24,"gold_loss":0,"cards_upgraded":["Defragment"]},{"damage_healed":0,"gold_gain":0,"player_choice":"Obtained Relic","damage_taken":0,"relics_obtained":["Centennial Puzzle"],"max_hp_gain":0,"max_hp_loss":0,"event_name":"Addict","floor":29,"gold_loss":85}],"is_beta":false,"boss_relics":[{"not_picked":["Snecko Eye","Coffee Dripper","Philosopher\u0027s Stone"]}],"items_purged_floors":[],"is_endless":false,"potions_floor_spawned":[4,8,16,25,28,31],"killed_by":"Collector","ascension_level":4}