{"gold_per_floor":[110,130,130,145,145,145,179,179,229,248,282,247,247,272,272,392,392,416,430,7,7],"floor_reached":21,"playtime":769,"items_purged":[],"score":217,"play_id":"0cdd13fd-c71a-4770-be25-8522b3883f8a","local_time":"20191011094020","is_ascension_mode":true,"campfire_choices":[{"data":"Gash","floor":6,"key":"SMITH"},{"floor":8,"key":"REST"},{"floor":15,"key":"REST"}],"neow_cost":"NONE","seed_source_timestamp":6782530914000,"circlet_count":0,"master_deck":["Strike_B","Strike_B","Strike_B","Strike_B","Defend_B+1","Defend_B","Defend_B","Defend_B","Zap","Dualcast+1","Go for the Eyes","Gash+1","Rebound","Capacitor","Self Repair","Doom and Gloom","Defragment","Zap","Dramatic Entrance","All For One","Gash","White Noise","Creative AI"],"relics":["Cracked Core","NeowsBlessing","Golden Idol","Oddly Smooth Stone","Strawberry","Anchor","Black Star","Membership Card","Lantern"],"potions_floor_usage":[11,14,16],"damage_taken":[{"damage":0,"enemies":"2 Louse","floor":1,"turns":1},{"damage":0,"enemies":"Small Slimes","floor":2,"turns":1},{"damage":0,"enemies":"Jaw Worm","floor":4,"turns":1},{"damage":35,"enemies":"Gremlin Nob","floor":7,"turns":4},{"damage":13,"enemies":"3 Louse","floor":10,"turns":3},{"damage":22,"enemies":"Lagavulin","floor":11,"turns":7},{"damage":12,"enemies":"Exordium Thugs","floor":14,"turns":5},{"damage":36,"enemies":"Slime Boss","floor":16,"turns":8},{"damage":23,"enemies":"Spheric Guardian","floor":18,"turns":4},{"damage":39,"enemies":"2 Thieves","floor":19,"turns":4},{"damage":31,"enemies":"Snecko","floor":21,"turns":6}],"seed_played":"-6840276129457894495","potions_obtained":[{"floor":2,"key":"Ancient Potion"},{"floor":7,"key":"FearPotion"},{"floor":11,"key":"Regen Potion"},{"floor":14,"key":"LiquidBronze"},{"floor":19,"key":"FearPotion"}],"is_trial":false,"path_per_floor":["M","M","?","M","?","R","E","R","T","M","E","$","?","M","R","B",null,"M","M","$","M"],"character_chosen":"DEFECT","items_purchased":["Defragment","Creative AI","Membership Card","Lantern"],"campfire_rested":2,"item_purchase_floors":[12,20,20,20],"current_hp_per_floor":[75,75,69,69,55,55,20,40,47,34,19,19,19,26,48,19,76,60,28,28,0],"gold":7,"neow_bonus":"THREE_ENEMY_KILL","is_prod":false,"is_daily":false,"chose_seed":false,"campfire_upgraded":1,"win_rate":0,"timestamp":1570779620,"path_taken":["M","M","?","M","?","R","E","R","T","M","E","?","?","M","R","BOSS","M","M","$","M"],"build_version":"2019-07-17","purchased_purges":0,"victory":false,"max_hp_per_floor":[75,75,69,69,69,69,69,69,76,76,76,76,76,76,76,76,76,76,76,76,76],"card_choices":[{"not_picked":["Hologram","Redo"],"picked":"Go for the Eyes","floor":1},{"not_picked":["Fusion","Sweeping Beam"],"picked":"Gash","floor":2},{"not_picked":["Sweeping Beam","Machine Learning"],"picked":"Rebound","floor":4},{"not_picked":["Tempest","Steam"],"picked":"Capacitor","floor":7},{"not_picked":["Barrage","Rainbow"],"picked":"Self Repair","floor":10},{"not_picked":["Compile Driver","Recycle"],"picked":"Doom and Gloom","floor":11},{"not_picked":["Ball Lightning","Sweeping Beam","Hello World"],"picked":"SKIP","floor":14},{"not_picked":["Echo Form","Multi-Cast"],"picked":"All For One","floor":16},{"not_picked":["Darkness","Blizzard"],"picked":"Gash","floor":18},{"not_picked":["Barrage","Rebound"],"picked":"White Noise","floor":19}],"player_experience":294977,"relics_obtained":[{"floor":7,"key":"Oddly Smooth Stone"},{"floor":9,"key":"Strawberry"},{"floor":11,"key":"Anchor"}],"event_choices":[{"damage_healed":0,"gold_gain":0,"player_choice":"Lose Max HP","damage_taken":0,"relics_obtained":["Golden Idol"],"max_hp_gain":0,"max_hp_loss":6,"event_name":"Golden Idol","floor":3,"gold_loss":0},{"damage_healed":0,"gold_gain":0,"player_choice":"Entered Light","damage_taken":14,"max_hp_gain":0,"max_hp_loss":0,"event_name":"Shining Light","floor":5,"gold_loss":0,"cards_upgraded":["Dualcast","Defend_B"]},{"damage_healed":0,"gold_gain":0,"player_choice":"2 cards matched","damage_taken":0,"max_hp_gain":0,"max_hp_loss":0,"event_name":"Match and Keep!","floor":13,"gold_loss":0,"cards_obtained":["Zap","Dramatic Entrance"]}],"is_beta":false,"boss_relics":[{"not_picked":["Pandora\u0027s Box","Cursed Key"],"picked":"Black Star"}],"items_purged_floors":[],"is_endless":false,"potions_floor_spawned":[2,7,11,14,19],"killed_by":"Snecko","ascension_level":3}