{"path_per_floor":["M","$","M","$","?","R","$","R","T","M","?","?","M","?","R","B",null,"M","?","?","?","?","R","M","R","T","M","?","M","M","$","R","B",null,"M","?","M","?","$","R","$","M","T","M","E","?","M","M","R","B"],"character_chosen":"IRONCLAD","items_purchased":["Paper Frog","Shrug It Off","Matryoshka","Heavy Blade"],"gold_per_floor":[365,21,35,35,35,35,35,35,81,98,98,98,109,109,109,211,211,223,423,323,323,323,323,341,341,368,387,387,406,416,18,18,113,113,129,129,139,139,14,14,14,34,34,47,76,76,87,102,102,102],"floor_reached":51,"campfire_rested":2,"playtime":3270,"current_hp_per_floor":[40,40,45,45,71,71,71,71,71,77,77,61,62,55,55,19,80,68,68,68,52,37,37,40,40,40,36,36,22,19,19,44,10,85,76,76,56,56,56,56,56,31,31,13,16,16,19,25,50,47],"items_purged":["Strike_R","Strike_R","Barricade"],"gold":102,"play_id":"910ead66-9c4b-4b01-b72e-1e8045ab1ccc","is_prod":false,"is_daily":false,"is_ascension_mode":false,"campfire_upgraded":6,"path_taken":["M","?","M","$","?","R","$","R","T","M","?","?","M","?","R","BOSS","M","?","?","?","?","R","M","R","T","M","?","M","M","$","R","BOSS","M","?","M","?","$","R","?","M","T","M","E","?","M","M","R","BOSS"],"build_version":"2018-01-25-PROD3","purchased_purges":3,"victory":true,"master_deck":["Strike_R+1","Defend_R","Defend_R+1","Defend_R","Defend_R","Bash+1","Twin Strike","Shrug It Off+1","Iron Wave+1","Dropkick","Uppercut+1","Flex","J.A.X.","Necronomicurse","Seeing Red+1","Uppercut+1","Heavy Blade+1","Heavy Blade+1","Body Slam+1","Dropkick+1"],"max_hp_per_floor":[80,80,80,80,80,80,80,80,80,80,80,80,80,80,80,80,80,80,80,80,80,85,85,85,85,85,85,85,85,85,85,85,85,85,85,85,85,85,85,85,85,85,85,85,85,85,85,85,85,85],"relics":["Burning Blood","Paper Frog","Juzu Bracelet","Lizard Tail","Necronomicon","Vajra","Matryoshka","White Beast Statue","Pen Nib","Orichalcum","Mummified Hand"],"card_choices":[{"not_picked":["Limit Break","Sever Soul"],"picked":"Twin Strike"},{"not_picked":["True Grit","Clothesline"],"picked":"Iron Wave"},{"not_picked":["Clothesline","Clash"],"picked":"Dropkick"},{"not_picked":["Spot Weakness","Iron Wave"],"picked":"Uppercut"},{"not_picked":["Double Tap","Limit Break"],"picked":"Barricade"},{"not_picked":["Anger","True Grit"],"picked":"Flex"},{"not_picked":["Iron Wave","Cleave"],"picked":"Seeing Red"},{"not_picked":["Clothesline","Thunderclap"],"picked":"Heavy Blade"},{"not_picked":["Corruption","Seeing Red"],"picked":"Body Slam"},{"not_picked":["Heavy Blade","Iron Wave"],"picked":"Dropkick"}],"player_experience":39763,"potions_floor_usage":[27,29,29,42,44,44,44,45,50,50,50],"damage_taken":[{"damage":6,"enemies":"Blue Slaver","floor":1,"turns":7},{"damage":1,"enemies":"Cultist","floor":3,"turns":4},{"damage":0,"enemies":"Small Slimes","floor":10,"turns":3},{"damage":5,"enemies":"3 Louse","floor":13,"turns":3},{"damage":42,"enemies":"Hexaghost","floor":16,"turns":12},{"damage":18,"enemies":"Spheric Guardian","floor":18,"turns":11},{"damage":3,"enemies":"Chosen","floor":24,"turns":3},{"damage":10,"enemies":"Snecko","floor":27,"turns":5},{"damage":20,"enemies":"Slaver and Parasite","floor":29,"turns":5},{"damage":9,"enemies":"Centurion and Healer","floor":30,"turns":4},{"damage":40,"enemies":"Automaton","floor":33,"turns":6},{"damage":15,"enemies":"Orb Walker","floor":35,"turns":3},{"damage":26,"enemies":"3 Darklings","floor":37,"turns":5},{"damage":37,"enemies":"Sphere and 2 Shapes","floor":42,"turns":4},{"damage":36,"enemies":"4 Shapes","floor":44,"turns":9},{"damage":3,"enemies":"Giant Head","floor":45,"turns":4},{"damage":3,"enemies":"Maw","floor":47,"turns":4},{"damage":0,"enemies":"3 Darklings","floor":48,"turns":3},{"damage":24,"enemies":"Awakened One","floor":50,"turns":9}],"event_choices":[{"event_name":"Big Fish","player_choice":"Banana","floor":5,"damage_taken":0},{"event_name":"Living Wall","player_choice":"Forget","floor":11,"damage_taken":0},{"event_name":"Shining Light","player_choice":"Entered Light","floor":12,"damage_taken":0},{"event_name":"Golden Wing","player_choice":"Card Removal","floor":14,"damage_taken":0},{"event_name":"Wheel of Change","player_choice":"Gold","floor":19,"damage_taken":0},{"event_name":"Drug Dealer","player_choice":"Got JAXXED","floor":20,"damage_taken":0},{"event_name":"Cursed Tome","player_choice":"Obtained Book","floor":21,"damage_taken":0},{"event_name":"Forgotten Altar","player_choice":"Shed Blood","floor":22,"damage_taken":0},{"event_name":"Duplicator","player_choice":"One dupe","floor":28,"damage_taken":0},{"event_name":"The Lab","player_choice":"Got Potions","floor":36,"damage_taken":0},{"event_name":"Upgrade Shrine","player_choice":"Upgraded","floor":38,"damage_taken":0},{"event_name":"Mysterious Sphere","player_choice":"Ignore","floor":46,"damage_taken":0}],"boss_relics":[{"not_picked":["Velvet Choker","Eternal Feather"],"picked":"Lizard Tail"},{"not_picked":["Question Card","Tiny House"],"picked":"White Beast Statue"}],"potions_floor_spawned":[3,10,18,24,35,37,42,44,45,47,48],"seed_played":"-7906267619050878762","ascension_level":0,"is_trial":false}