{"path_per_floor":["M","?","?","?","M","R","M","$","T","M","?","M","M","M","R","B",null,"M","M","?","$","M","R","M","R","T","M"],"character_chosen":"THE_SILENT","items_purchased":["Infinite Blades","Accuracy"],"gold_per_floor":[114,189,139,139,155,155,167,54,54,65,65,75,95,110,110,212,212,223,241,241,67,83,83,93,93,139,150],"floor_reached":28,"campfire_rested":1,"playtime":1997,"current_hp_per_floor":[70,59,59,59,57,57,57,57,57,53,53,53,51,51,51,29,70,52,39,39,39,2,38,32,32,32,13],"items_purged":["Strike_G","Deadly Poison"],"gold":150,"play_id":"509d7b1c-c2e8-49e2-9acd-798eae388b1e","is_prod":false,"is_daily":false,"is_ascension_mode":false,"campfire_upgraded":3,"path_taken":["M","?","?","?","M","R","M","$","T","M","?","?","M","M","R","BOSS","M","M","?","?","M","R","?","R","T","M","E"],"build_version":"2018-02-01-PROD3","purchased_purges":2,"victory":false,"master_deck":["Survivor","Neutralize","Cloak And Dagger","Storm of Steel+1","Cloak And Dagger","Infinite Blades","Cloak And Dagger","Accuracy+1","Tools of the Trade","Quick Slash","Dagger Throw","Leg Sweep","Backstab","Flechettes","Backflip","Backflip+1","Accuracy+1","Prepared","Infinite Blades"],"max_hp_per_floor":[70,70,70,70,70,70,70,70,70,70,70,70,70,70,70,70,70,70,70,70,70,70,70,70,70,70,70],"relics":["Ring of the Snake","Regal Pillow","Ice Cream","Pandora\u0027s Box","Art of War"],"card_choices":[{"not_picked":["Outmaneuver","Flying Knee"],"picked":"Cloak And Dagger"},{"not_picked":["Underhanded Strike","Calculated Gamble"],"picked":"Cloak And Dagger"},{"not_picked":["Sucker Punch","Deadly Poison"],"picked":"Cloak And Dagger"},{"not_picked":["Bane","PiercingWail"],"picked":"Accuracy"},{"not_picked":["Unload","Wraith Form"],"picked":"Tools of the Trade"},{"not_picked":["PiercingWail","Poisoned Stab"],"picked":"Backflip"},{"not_picked":["Dagger Spray","Escape Plan"],"picked":"Backflip"},{"not_picked":["Quick Slash","Bouncing Flask"],"picked":"Prepared"},{"not_picked":["Noxious Fumes","Deadly Poison"],"picked":"Infinite Blades"}],"player_experience":70685,"potions_floor_usage":[13,14,16,27,27,28],"damage_taken":[{"damage":0,"enemies":"Jaw Worm","floor":1,"turns":4},{"damage":2,"enemies":"Small Slimes","floor":5,"turns":5},{"damage":0,"enemies":"Cultist","floor":7,"turns":3},{"damage":4,"enemies":"Looter","floor":10,"turns":3},{"damage":0,"enemies":"Large Slime","floor":12,"turns":9},{"damage":2,"enemies":"Exordium Wildlife","floor":13,"turns":4},{"damage":0,"enemies":"Looter","floor":14,"turns":1},{"damage":22,"enemies":"The Guardian","floor":16,"turns":7},{"damage":18,"enemies":"Shell Parasite","floor":18,"turns":4},{"damage":13,"enemies":"Spheric Guardian","floor":19,"turns":4},{"damage":37,"enemies":"Slaver and Parasite","floor":22,"turns":4},{"damage":6,"enemies":"Centurion and Healer","floor":24,"turns":5},{"damage":19,"enemies":"Chosen and Byrds","floor":27,"turns":4},{"damage":15,"enemies":"Slavers","floor":28,"turns":3}],"event_choices":[{"event_name":"World of Goop","player_choice":"Gather Gold","floor":2,"damage_taken":0},{"event_name":"The Cleric","player_choice":"Card Removal","floor":3,"damage_taken":0},{"event_name":"Match and Keep!","player_choice":"1 cards matched","floor":4,"damage_taken":0},{"event_name":"Match and Keep!","player_choice":"1 cards matched","floor":4,"damage_taken":0},{"event_name":"Bonfire Elementals","player_choice":"BASIC","floor":11,"damage_taken":0},{"event_name":"Back to Basics","player_choice":"Elegance","floor":20,"damage_taken":0}],"boss_relics":[{"not_picked":["Orrery","Tiny House"],"picked":"Pandora\u0027s Box"}],"potions_floor_spawned":[1,7,13,18,22,24],"seed_played":"1343352416227320814","killed_by":"Slavers","ascension_level":0,"is_trial":false}