{"gold_per_floor":[112,62,62,77,77,105,105,136,189,203,215,234,268,288,288,288],"floor_reached":16,"playtime":589,"items_purged":[],"score":171,"play_id":"11ca9041-af6f-4b61-a86a-5e3b231221ef","local_time":"20191012233204","is_ascension_mode":true,"campfire_choices":[{"data":"Fusion","floor":15,"key":"SMITH"}],"neow_cost":"NONE","seed_source_timestamp":102775191314600,"circlet_count":0,"master_deck":["Strike_B","Strike_B","Strike_B","Defend_B","Defend_B","Defend_B","Defend_B","Zap","Dualcast","Gash","Rebound+1","Electrodynamics","Barrage","Fusion+1","Melter","Leap","Sweeping Beam","Chill"],"relics":["Cracked Core","Pen Nib","Ginger","Potion Belt","Mercury Hourglass"],"potions_floor_usage":[6],"damage_taken":[{"damage":5,"enemies":"Small Slimes","floor":1,"turns":4},{"damage":4,"enemies":"2 Louse","floor":4,"turns":3},{"damage":25,"enemies":"Lagavulin","floor":6,"turns":7},{"damage":20,"enemies":"3 Sentries","floor":8,"turns":5},{"damage":0,"enemies":"Cultist","floor":10,"turns":3},{"damage":3,"enemies":"Blue Slaver","floor":11,"turns":3},{"damage":0,"enemies":"3 Louse","floor":12,"turns":2},{"damage":20,"enemies":"Gremlin Nob","floor":13,"turns":4},{"damage":0,"enemies":"Gremlin Gang","floor":14,"turns":2},{"damage":25,"enemies":"The Guardian","floor":16,"turns":8}],"seed_played":"-5246139086792800571","potions_obtained":[{"floor":0,"key":"GamblersBrew"},{"floor":0,"key":"FairyPotion"},{"floor":0,"key":"Swift Potion"},{"floor":1,"key":"Fire Potion"},{"floor":6,"key":"LiquidBronze"},{"floor":8,"key":"Explosive Potion"},{"floor":14,"key":"FairyPotion"}],"is_trial":false,"path_per_floor":["M","?","?","M","?","E","?","E","T","M","M","M","E","M","R","B"],"character_chosen":"DEFECT","items_purchased":[],"campfire_rested":0,"item_purchase_floors":[],"current_hp_per_floor":[63,63,68,64,64,39,31,11,11,11,8,8,8,8,8,0],"gold":288,"neow_bonus":"THREE_SMALL_POTIONS","is_prod":false,"is_daily":false,"chose_seed":false,"campfire_upgraded":1,"win_rate":0,"timestamp":1570915924,"path_taken":["M","?","?","M","?","E","?","E","T","M","M","?","E","M","R","BOSS"],"build_version":"2019-07-17","purchased_purges":0,"victory":false,"max_hp_per_floor":[75,75,80,80,80,80,80,80,80,80,80,80,80,80,80,80],"card_choices":[{"not_picked":["Undo","Beam Cell"],"picked":"Gash","floor":1},{"not_picked":["Hologram","Self Repair"],"picked":"Rebound","floor":4},{"not_picked":["Steam","Rebound"],"picked":"Electrodynamics","floor":6},{"not_picked":["Heatsinks","Redo"],"picked":"Barrage","floor":8},{"not_picked":["Barrage","Heatsinks"],"picked":"Fusion","floor":10},{"not_picked":["Ball Lightning","Gash"],"picked":"Melter","floor":11},{"not_picked":["Self Repair","Rebound"],"picked":"Leap","floor":12},{"not_picked":["Turbo","Recycle"],"picked":"Sweeping Beam","floor":13},{"not_picked":["Streamline","Rebound"],"picked":"Chill","floor":14}],"player_experience":398162,"relics_obtained":[{"floor":6,"key":"Pen Nib"},{"floor":8,"key":"Ginger"},{"floor":9,"key":"Potion Belt"},{"floor":13,"key":"Mercury Hourglass"}],"event_choices":[{"cards_removed":["Strike_B"],"damage_healed":0,"gold_gain":0,"player_choice":"Card Removal","damage_taken":0,"max_hp_gain":0,"max_hp_loss":0,"event_name":"The Cleric","floor":2,"gold_loss":50},{"damage_healed":0,"gold_gain":0,"player_choice":"Donut","damage_taken":0,"max_hp_gain":5,"max_hp_loss":0,"event_name":"Big Fish","floor":3,"gold_loss":0},{"damage_healed":0,"gold_gain":0,"player_choice":"Grow","damage_taken":0,"max_hp_gain":0,"max_hp_loss":0,"event_name":"Living Wall","floor":5,"gold_loss":0,"cards_upgraded":["Rebound"]},{"damage_healed":0,"gold_gain":0,"player_choice":"Damaged","damage_taken":8,"max_hp_gain":0,"max_hp_loss":0,"event_name":"Wheel of Change","floor":7,"gold_loss":0}],"is_beta":false,"boss_relics":[],"items_purged_floors":[],"is_endless":false,"potions_floor_spawned":[1,6,8,14],"killed_by":"The Guardian","ascension_level":8}