{"gold_per_floor":[113,188,188,188,61,61,80,80,80,29,29,55,65,65,65,167,167,186,186,205,217,228,228,228,228,309,325,344,45,145,145],"floor_reached":31,"playtime":867,"items_purged":["Regret"],"score":258,"play_id":"f1163e35-5e8c-4a5e-8c1c-6959f07702dd","local_time":"20190301052151","is_ascension_mode":false,"campfire_choices":[{"data":"Beam Cell","floor":6,"key":"SMITH"},{"data":"Go for the Eyes","floor":8,"key":"SMITH"},{"data":"Gash","floor":11,"key":"SMITH"},{"data":"Gash","floor":15,"key":"SMITH"},{"floor":23,"key":"REST"},{"floor":25,"key":"REST"}],"neow_cost":"NONE","seed_source_timestamp":553949426091700,"circlet_count":0,"master_deck":["Strike_B","Strike_B","Strike_B","Defend_B","Defend_B","Defend_B","Defend_B","Zap","Dualcast","Beam Cell+1","Ball Lightning","Go for the Eyes+1","Gash+1","Gash+1","Pain","Reinforced Body","Redo","Necronomicurse","Streamline+1","Streamline+1"],"relics":["Cracked Core","NeowsBlessing","Blood Vial","Matryoshka","Lantern","Molten Egg 2","Busted Crown","WarpedTongs","Necronomicon","Oddly Smooth Stone","Bottled Flame","Singing Bowl"],"potions_floor_usage":[1,22,31],"damage_taken":[{"damage":0,"enemies":"Small Slimes","floor":1,"turns":1},{"damage":0,"enemies":"Jaw Worm","floor":7,"turns":1},{"damage":0,"enemies":"Lagavulin","floor":12,"turns":1},{"damage":0,"enemies":"2 Louse","floor":13,"turns":2},{"damage":49,"enemies":"Hexaghost","floor":16,"turns":8},{"damage":27,"enemies":"2 Thieves","floor":18,"turns":4},{"damage":12,"enemies":"Chosen","floor":20,"turns":4},{"damage":27,"enemies":"Snake Plant","floor":21,"turns":5},{"damage":4,"enemies":"Chosen and Byrds","floor":22,"turns":4},{"damage":30,"enemies":"Cultist and Chosen","floor":27,"turns":7},{"damage":14,"enemies":"Snecko","floor":28,"turns":5},{"damage":12,"enemies":"Centurion and Healer","floor":31,"turns":1}],"seed_played":"-6045678958640468506","potions_obtained":[{"floor":1,"key":"Fruit Juice"},{"floor":7,"key":"Ancient Potion"},{"floor":21,"key":"AttackPotion"},{"floor":28,"key":"PowerPotion"}],"is_trial":false,"path_per_floor":["M","?","?","?","$","R","M","R","T","$","R","E","M","?","R","B",null,"M","?","M","M","M","R","?","R","T","M","M","$","?","M"],"character_chosen":"DEFECT","items_purchased":["Ball Lightning","Gash","Streamline+1","Singing Bowl"],"campfire_rested":2,"item_purchase_floors":[5,10,29,29],"current_hp_per_floor":[80,69,69,69,69,69,71,71,71,71,71,73,75,72,72,25,80,53,53,43,18,16,40,24,48,48,20,8,8,8,0],"gold":145,"neow_bonus":"THREE_ENEMY_KILL","is_prod":false,"is_daily":false,"chose_seed":false,"campfire_upgraded":4,"win_rate":0.0,"timestamp":1551435711,"path_taken":["M","?","?","?","$","R","M","R","T","$","R","E","?","?","R","BOSS","M","?","?","M","?","R","?","R","T","M","M","$","?","M"],"build_version":"2019-01-23","purchased_purges":1,"victory":false,"max_hp_per_floor":[80,80,80,80,80,80,80,80,80,80,80,80,80,80,80,80,80,80,80,80,80,80,80,80,80,80,80,80,80,80,80],"card_choices":[{"not_picked":["Hologram","Stack"],"picked":"Beam Cell","floor":1},{"not_picked":["Stack","Redo"],"picked":"Go for the Eyes","floor":7},{"not_picked":["All For One","Sweeping Beam","Undo"],"picked":"SKIP","floor":12},{"not_picked":["Ball Lightning","Aggregate"],"picked":"Gash","floor":13},{"not_picked":["Coolheaded"],"picked":"SKIP","floor":18},{"not_picked":["Cold Snap+1"],"picked":"SKIP","floor":20},{"not_picked":[],"picked":"Reinforced Body","floor":21},{"not_picked":[],"picked":"Redo","floor":22},{"not_picked":["Sweeping Beam+1"],"picked":"SKIP","floor":27},{"not_picked":[],"picked":"Streamline+1","floor":28}],"player_experience":205182,"relics_obtained":[{"floor":9,"key":"Matryoshka"},{"floor":12,"key":"Lantern"},{"floor":24,"key":"Necronomicon"},{"floor":26,"key":"Oddly Smooth Stone"},{"floor":26,"key":"Bottled Flame"}],"event_choices":[{"damage_healed":0,"gold_gain":75,"player_choice":"Gather Gold","damage_taken":11,"max_hp_gain":0,"max_hp_loss":0,"event_name":"World of Goop","floor":2,"gold_loss":0},{"cards_removed":["Strike_B"],"damage_healed":0,"gold_gain":0,"player_choice":"Forget","damage_taken":0,"max_hp_gain":0,"max_hp_loss":0,"event_name":"Living Wall","floor":3,"gold_loss":0},{"damage_healed":0,"gold_gain":0,"player_choice":"Box","damage_taken":0,"relics_obtained":["Blood Vial"],"max_hp_gain":0,"max_hp_loss":0,"event_name":"Big Fish","floor":4,"gold_loss":0,"cards_obtained":["Regret"]},{"damage_healed":0,"gold_gain":0,"player_choice":"Success","damage_taken":3,"relics_obtained":["Molten Egg 2"],"max_hp_gain":0,"max_hp_loss":0,"event_name":"Scrap Ooze","floor":14,"gold_loss":0},{"damage_healed":0,"gold_gain":0,"player_choice":"Rummage","damage_taken":0,"relics_obtained":["WarpedTongs"],"max_hp_gain":0,"max_hp_loss":0,"event_name":"Accursed Blacksmith","floor":19,"gold_loss":0,"cards_obtained":["Pain"]},{"damage_healed":0,"gold_gain":0,"player_choice":"Obtained Book","damage_taken":16,"max_hp_gain":0,"max_hp_loss":0,"event_name":"Cursed Tome","floor":24,"gold_loss":0},{"damage_healed":0,"gold_gain":100,"player_choice":"Pray","damage_taken":0,"max_hp_gain":0,"max_hp_loss":0,"event_name":"Golden Shrine","floor":30,"gold_loss":0}],"is_beta":false,"boss_relics":[{"not_picked":["Inserter","Snecko Eye"],"picked":"Busted Crown"}],"items_purged_floors":[5],"is_endless":false,"potions_floor_spawned":[1,7,21,28],"killed_by":"Centurion and Healer","ascension_level":0}