{"gold_per_floor":[119,131,149,149,159,159,188,188,188,206,225,225,255,267,267,362,362,373,373,61,72,84,84,103,132,156,174,174],"floor_reached":28,"playtime":1300,"items_purged":[],"score":343,"play_id":"0d37db2c-4f89-4443-bfe7-25e00f520306","local_time":"20190509182139","is_ascension_mode":true,"campfire_choices":[{"floor":6,"key":"REST"},{"floor":8,"key":"REST"},{"floor":15,"key":"REST"},{"floor":23,"key":"REST"}],"neow_cost":"NONE","seed_source_timestamp":2490848002022656,"circlet_count":0,"master_deck":["Defend_G","Defend_G","Defend_G","Defend_G","Defend_G","Strike_G","Strike_G","Strike_G","Strike_G","Strike_G","Survivor","Neutralize","Slice","Dagger Spray+1","Poisoned Stab","Dagger Spray","Storm of Steel","Bouncing Flask","Backstab","Well Laid Plans","Dodge and Roll","Crippling Poison","Quick Slash","Burst","Backflip+1","Accuracy","Blade Dance","Deadly Poison+1","Dodge and Roll","Prepared","Concentrate","All Out Attack+1","Normality","Finisher"],"relics":["Ring of the Snake","Dream Catcher","Mercury Hourglass","Du-Vu Doll","Kunai","Cursed Key","Sling","Shovel","Centennial Puzzle"],"potions_floor_usage":[7,14,16,19,22,25,25],"damage_taken":[{"damage":8,"enemies":"Cultist","floor":1,"turns":6},{"damage":2,"enemies":"2 Louse","floor":2,"turns":4},{"damage":6,"enemies":"Jaw Worm","floor":3,"turns":5},{"damage":8,"enemies":"Large Slime","floor":5,"turns":5},{"damage":34,"enemies":"Lagavulin","floor":7,"turns":6},{"damage":0,"enemies":"Lots of Slimes","floor":10,"turns":1},{"damage":0,"enemies":"Exordium Wildlife","floor":11,"turns":2},{"damage":17,"enemies":"3 Sentries","floor":13,"turns":4},{"damage":14,"enemies":"Exordium Thugs","floor":14,"turns":2},{"damage":23,"enemies":"Hexaghost","floor":16,"turns":9},{"damage":13,"enemies":"Shell Parasite","floor":18,"turns":4},{"damage":4,"enemies":"Chosen","floor":21,"turns":3},{"damage":19,"enemies":"Centurion and Healer","floor":22,"turns":5},{"damage":42,"enemies":"Sentry and Sphere","floor":24,"turns":6},{"damage":5,"enemies":"Book of Stabbing","floor":25,"turns":4},{"damage":6,"enemies":"Cultist and Chosen","floor":27,"turns":4},{"damage":10,"enemies":"Centurion and Healer","floor":28,"turns":1}],"seed_played":"3738891965060519282","potions_obtained":[{"floor":5,"key":"Explosive Potion"},{"floor":10,"key":"Ancient Potion"},{"floor":13,"key":"GamblersBrew"},{"floor":14,"key":"Poison Potion"},{"floor":16,"key":"Energy Potion"},{"floor":19,"key":"Fruit Juice"},{"floor":19,"key":"FearPotion"},{"floor":19,"key":"Swift Potion"},{"floor":24,"key":"SteroidPotion"},{"floor":27,"key":"Poison Potion"}],"is_trial":false,"path_per_floor":["M","M","M","?","M","R","E","R","T","M","M","?","E","M","R","B",null,"M","?","$","M","M","R","M","E","T","M","M"],"character_chosen":"THE_SILENT","items_purchased":["Accuracy","Blade Dance","Sling"],"campfire_rested":4,"item_purchase_floors":[20,20,20],"current_hp_per_floor":[62,60,54,54,46,69,35,58,58,58,58,51,34,20,43,20,63,50,55,55,51,32,56,14,9,9,3,0],"gold":174,"neow_bonus":"TEN_PERCENT_HP_BONUS","is_prod":false,"is_daily":false,"chose_seed":false,"campfire_upgraded":0,"win_rate":0,"timestamp":1557415299,"path_taken":["M","M","M","?","M","R","E","R","T","M","M","?","E","?","R","BOSS","M","?","$","M","?","R","M","E","T","M","M"],"build_version":"2019-01-23","purchased_purges":0,"victory":false,"max_hp_per_floor":[77,77,77,77,77,77,77,77,77,77,77,77,77,77,77,77,77,77,82,82,82,82,82,82,82,82,82,82],"card_choices":[{"not_picked":["Outmaneuver","Acrobatics"],"picked":"Slice","floor":1},{"not_picked":["Flying Knee","Endless Agony"],"picked":"Dagger Spray","floor":2},{"not_picked":["Distraction","Reflex"],"picked":"Poisoned Stab","floor":3},{"not_picked":["Underhanded Strike","Finisher"],"picked":"Dagger Spray","floor":5},{"not_picked":["Backflip","Quick Slash"],"picked":"Storm of Steel","floor":7},{"not_picked":["Dagger Throw","Dodge and Roll"],"picked":"Bouncing Flask","floor":8},{"not_picked":["Bane","Dagger Throw"],"picked":"Backstab","floor":10},{"not_picked":["Setup","Underhanded Strike"],"picked":"Well Laid Plans","floor":11},{"not_picked":["Skewer","Acrobatics"],"picked":"Dodge and Roll","floor":13},{"not_picked":["Catalyst","Backflip"],"picked":"Crippling Poison","floor":14},{"not_picked":["Sucker Punch","Dodge and Roll"],"picked":"Quick Slash","floor":15},{"not_picked":["Doppelganger","Unload"],"picked":"Burst","floor":16},{"not_picked":["Acrobatics","Dash"],"picked":"Backflip+1","floor":18},{"not_picked":["Well Laid Plans","Underhanded Strike"],"picked":"Deadly Poison+1","floor":21},{"not_picked":["Deflect","Flying Knee"],"picked":"Dodge and Roll","floor":22},{"not_picked":["Backflip","Dagger Spray"],"picked":"Prepared","floor":23},{"not_picked":["Expertise+1","Dagger Throw"],"picked":"Concentrate","floor":24},{"not_picked":["Masterful Stab","Quick Slash"],"picked":"All Out Attack+1","floor":25},{"not_picked":["Choke","All Out Attack+1"],"picked":"Finisher","floor":27}],"player_experience":327161,"relics_obtained":[{"floor":7,"key":"Dream Catcher"},{"floor":9,"key":"Mercury Hourglass"},{"floor":13,"key":"Kunai"},{"floor":25,"key":"Shovel"},{"floor":26,"key":"Centennial Puzzle"}],"event_choices":[{"damage_healed":0,"gold_gain":0,"player_choice":"Grow","damage_taken":0,"max_hp_gain":0,"max_hp_loss":0,"event_name":"Living Wall","floor":4,"gold_loss":0,"cards_upgraded":["Dagger Spray"]},{"damage_healed":0,"gold_gain":0,"player_choice":"Success","damage_taken":7,"relics_obtained":["Du-Vu Doll"],"max_hp_gain":0,"max_hp_loss":0,"event_name":"Scrap Ooze","floor":12,"gold_loss":0},{"damage_healed":0,"gold_gain":0,"player_choice":"Got Potions","damage_taken":0,"max_hp_gain":0,"max_hp_loss":0,"event_name":"Lab","floor":19,"gold_loss":0}],"is_beta":false,"boss_relics":[{"not_picked":["Pandora\u0027s Box","Busted Crown"],"picked":"Cursed Key"}],"items_purged_floors":[],"is_endless":false,"potions_floor_spawned":[5,10,13,14,16,21,24,27],"killed_by":"Centurion and Healer","ascension_level":7}