{"gold_per_floor":[118,118,18,18,18,18,32,52,134,154,154,154,170,201,201,306,306,323,423,433,433,446,446,456,475,498,413,413],"floor_reached":28,"playtime":1899,"items_purged":["Regret"],"score":345,"play_id":"e9c848be-44c3-4cc2-861f-4b981e62685b","local_time":"20190123155725","daily_mods":["Heirloom","Insanity"],"is_ascension_mode":false,"campfire_choices":[{"data":"Darkness","floor":6.0,"key":"PURGE"},{"floor":12,"key":"REST"},{"data":"Genetic Algorithm","floor":15,"key":"SMITH"},{"floor":23,"key":"REST"}],"neow_cost":"","seed_source_timestamp":0,"circlet_count":0,"master_deck":["Fusion","Reprogram","Zap","Doom and Gloom","Force Field","Cold Snap","Zap","Defragment","Hello World","Storm+1","Thunder Strike","Seek","Coolheaded","Rip and Tear","Streamline","Barrage","All For One","Electrodynamics+1","Steam","Dualcast","Stack","Reinforced Body","Steam Power","Static Discharge","Meteor Strike","Tempest","Meteor Strike","Fission","Amplify","Consume","Capacitor","Core Surge","Cold Snap","Steam","Electrodynamics","Blizzard","Steam","Dualcast","Gash","Glacier","Conserve Battery","Biased Cognition","Darkness","Streamline","Hologram","Gash","Chaos","Leap","Meteor Strike+1","Genetic Algorithm+1","Go for the Eyes+1","Sweeping Beam+1","Turbo","Beam Cell+1","Leap","Genetic Algorithm","All For One+1","Go for the Eyes+1","Redo+1","Pain","Echo Form","Redo+1","Gash+1"],"special_seed":0,"relics":["FrozenCore","Peace Pipe","Molten Egg 2","Tiny Chest","Bag of Preparation","Shuriken","Mango","WarpedTongs","Oddly Smooth Stone","Ornamental Fan"],"potions_floor_usage":[25,28],"damage_taken":[{"damage":0.0,"enemies":"2 Louse","floor":1.0,"turns":1.0},{"damage":6.0,"enemies":"Cultist","floor":7.0,"turns":4.0},{"damage":10.0,"enemies":"Jaw Worm","floor":8.0,"turns":4.0},{"damage":15,"enemies":"2 Fungi Beasts","floor":10,"turns":3},{"damage":4,"enemies":"Large Slime","floor":13,"turns":3},{"damage":0,"enemies":"Lagavulin","floor":14,"turns":5},{"damage":0,"enemies":"Slime Boss","floor":16,"turns":3},{"damage":5,"enemies":"Spheric Guardian","floor":18,"turns":4},{"damage":16,"enemies":"Colosseum Slavers","floor":19,"turns":5},{"damage":21,"enemies":"Colosseum Nobs","floor":19,"turns":5},{"damage":17,"enemies":"Shell Parasite","floor":20,"turns":3},{"damage":15,"enemies":"Snecko","floor":22,"turns":4},{"damage":23,"enemies":"Snake Plant","floor":24,"turns":2},{"damage":13,"enemies":"Shelled Parasite and Fungi","floor":25,"turns":5},{"damage":8,"enemies":"3 Cultists","floor":28,"turns":2}],"seed_played":"-1293607440336561472","potions_obtained":[{"floor":13,"key":"Explosive Potion"},{"floor":16,"key":"Swift Potion"},{"floor":19,"key":"SteroidPotion"},{"floor":22,"key":"Dexterity Potion"}],"is_trial":true,"path_per_floor":["M","?","$","?","$","R","M","M","T","M","?","R","M","E","R","B",null,"M","?","M","?","M","R","M","M","T","?","M"],"character_chosen":"DEFECT","items_purchased":["Go for the Eyes+1"],"campfire_rested":2,"item_purchase_floors":[3],"current_hp_per_floor":[75,75,75,60,60,60,54,44,44,29,29,51,47,47,47,47,75,70,47,30,30,15,41,18,5,5,5,0],"gold":413,"neow_bonus":"","is_prod":false,"is_daily":false,"chose_seed":false,"campfire_upgraded":1,"win_rate":0.0,"timestamp":1548277045,"path_taken":["M","?","$","?","?","R","M","?","T","M","?","R","M","E","R","BOSS","M","?","M","?","?","R","M","M","T","?","M"],"build_version":"2019-01-23","purchased_purges":1,"victory":false,"max_hp_per_floor":[75,75,75,75,75,75,75,75,75,75,75,75,75,75,75,75,75,75,89,89,89,89,89,89,89,89,89,89],"card_choices":[{"not_picked":["Coolheaded","Skim"],"picked":"Genetic Algorithm","floor":1.0},{"not_picked":["Stack","Static Discharge"],"picked":"Sweeping Beam+1","floor":7.0},{"not_picked":["Undo","Compile Driver+1"],"picked":"Turbo","floor":8.0},{"not_picked":["Sweeping Beam+1","Undo"],"picked":"Beam Cell+1","floor":10},{"not_picked":["Go for the Eyes+1","Darkness"],"picked":"Leap","floor":13},{"not_picked":["Stack","Lockon+1"],"picked":"Genetic Algorithm","floor":14},{"not_picked":["Creative AI","Seek"],"picked":"All For One+1","floor":16},{"not_picked":["Leap","Beam Cell+1"],"picked":"Go for the Eyes+1","floor":18},{"not_picked":["Compile Driver+1","Leap+1"],"picked":"Redo+1","floor":20},{"not_picked":["Steam","Streamline+1"],"picked":"Echo Form","floor":22},{"not_picked":["Reinforced Body","Sweeping Beam+1"],"picked":"Redo+1","floor":24},{"not_picked":["Streamline+1","Capacitor"],"picked":"Gash+1","floor":25}],"player_experience":182961,"relics_obtained":[{"floor":9,"key":"Tiny Chest"},{"floor":14,"key":"Bag of Preparation"},{"floor":19,"key":"Shuriken"},{"floor":19,"key":"Mango"},{"floor":26,"key":"Oddly Smooth Stone"}],"event_choices":[{"event_name":"Big Fish","player_choice":"Box","floor":2.0,"damage_taken":0.0},{"event_name":"Shining Light","player_choice":"Entered Light","floor":4.0,"damage_taken":0.0},{"damage_healed":0,"gold_gain":0,"player_choice":"Grow","damage_taken":0,"max_hp_gain":0,"max_hp_loss":0,"event_name":"Living Wall","floor":11,"gold_loss":0,"cards_upgraded":["Storm"]},{"damage_healed":0,"gold_gain":0,"player_choice":"Fight","damage_taken":0,"max_hp_gain":0,"max_hp_loss":0,"event_name":"Colosseum","floor":19,"gold_loss":0},{"damage_healed":0,"gold_gain":0,"player_choice":"Fought Nobs","damage_taken":0,"max_hp_gain":0,"max_hp_loss":0,"event_name":"Colosseum","floor":19,"gold_loss":0},{"damage_healed":0,"gold_gain":0,"player_choice":"Rummage","damage_taken":0,"relics_obtained":["WarpedTongs"],"max_hp_gain":0,"max_hp_loss":0,"event_name":"Accursed Blacksmith","floor":21,"gold_loss":0,"cards_obtained":["Pain"]},{"damage_healed":0,"gold_gain":0,"player_choice":"Obtained Relic","damage_taken":0,"relics_obtained":["Ornamental Fan"],"max_hp_gain":0,"max_hp_loss":0,"event_name":"Addict","floor":27,"gold_loss":85}],"is_beta":false,"boss_relics":[{"not_picked":["Fusion Hammer","Cursed Key"],"picked":"FrozenCore"}],"items_purged_floors":[3],"is_endless":false,"potions_floor_spawned":[13,16,19,19,22],"killed_by":"3 Cultists","ascension_level":0}