{"gold_per_floor":[17,17,17,17,33,33,59,75,100,100,116,128,144,191,191,191],"floor_reached":16,"playtime":877,"items_purged":[],"score":107,"play_id":"b621bfcd-3c52-4256-9357-5e73548c6d36","local_time":"20191020185331","is_ascension_mode":true,"campfire_choices":[{"data":"Coolheaded","floor":6,"key":"SMITH"},{"data":"Zap","floor":10,"key":"SMITH"},{"floor":15,"key":"REST"}],"neow_cost":"NO_GOLD","seed_source_timestamp":553397537185000,"circlet_count":0,"master_deck":["Strike_B","Strike_B+1","Strike_B+1","Defend_B","Defend_B","Defend_B","Defend_B","Zap+1","Dualcast","Recycle","Regret","Coolheaded+1","Seek","Glacier"],"relics":["Cracked Core","Unceasing Top","Orichalcum","Boot","Whetstone","PreservedInsect"],"potions_floor_usage":[7,16],"damage_taken":[{"damage":0,"enemies":"Cultist","floor":1,"turns":4},{"damage":1,"enemies":"2 Louse","floor":5,"turns":3},{"damage":31,"enemies":"Lagavulin","floor":7,"turns":9},{"damage":3,"enemies":"Jaw Worm","floor":8,"turns":4},{"damage":29,"enemies":"Gremlin Gang","floor":11,"turns":5},{"damage":6,"enemies":"Exordium Thugs","floor":12,"turns":6},{"damage":2,"enemies":"Looter","floor":13,"turns":3},{"damage":28,"enemies":"Slime Boss","floor":16,"turns":3}],"seed_played":"-6992186382970972877","potions_obtained":[{"floor":1,"key":"Fire Potion"},{"floor":12,"key":"PowerPotion"}],"is_trial":false,"path_per_floor":["M","?","?","$","M","R","E","M","T","R","M","M","M","T","R","B"],"character_chosen":"DEFECT","items_purchased":[],"campfire_rested":1,"item_purchase_floors":[],"current_hp_per_floor":[75,75,75,75,74,74,43,40,40,40,11,5,3,3,25,0],"gold":191,"neow_bonus":"ONE_RARE_RELIC","is_prod":false,"is_daily":false,"chose_seed":false,"campfire_upgraded":2,"win_rate":0,"timestamp":1571612011,"path_taken":["M","?","?","?","M","R","E","M","T","R","M","M","?","?","R","BOSS"],"build_version":"2019-07-17","purchased_purges":0,"victory":false,"max_hp_per_floor":[75,75,75,75,75,75,75,75,75,75,75,75,75,75,75,75],"card_choices":[{"not_picked":["Chaos","Ball Lightning","Turbo"],"picked":"SKIP","floor":1},{"not_picked":["Redo","Go for the Eyes"],"picked":"Coolheaded","floor":5},{"not_picked":["Leap","Storm","Beam Cell"],"picked":"SKIP","floor":7},{"not_picked":["Self Repair","Reinforced Body"],"picked":"Seek","floor":8},{"not_picked":["Storm","Auto Shields"],"picked":"Glacier","floor":11},{"not_picked":["Redo","Rip and Tear","Streamline"],"picked":"SKIP","floor":12},{"not_picked":["Storm","Beam Cell","Rebound"],"picked":"SKIP","floor":13}],"player_experience":224523,"relics_obtained":[{"floor":7,"key":"Boot"},{"floor":9,"key":"Whetstone"},{"floor":14,"key":"PreservedInsect"}],"event_choices":[{"damage_healed":0,"gold_gain":0,"cards_transformed":["Strike_B"],"player_choice":"Change","damage_taken":0,"max_hp_gain":0,"max_hp_loss":0,"event_name":"Living Wall","floor":2,"gold_loss":0,"cards_obtained":["Recycle"]},{"damage_healed":0,"gold_gain":0,"player_choice":"Box","damage_taken":0,"relics_obtained":["Orichalcum"],"max_hp_gain":0,"max_hp_loss":0,"event_name":"Big Fish","floor":3,"gold_loss":0,"cards_obtained":["Regret"]}],"is_beta":false,"boss_relics":[],"items_purged_floors":[],"is_endless":false,"potions_floor_spawned":[1,12],"killed_by":"Slime Boss","ascension_level":1}