{"gold_per_floor":[109,128,7,27,46,46,62,62,62,74,84,84,84,97,97,202,202,213,213,223,30,47,47,47],"floor_reached":24,"playtime":1387,"items_purged":[],"score":192,"play_id":"78c776d7-a783-4107-ace4-913af3c64958","local_time":"20190929184011","is_ascension_mode":false,"campfire_choices":[{"data":"Footwork","floor":6,"key":"SMITH"},{"data":"Noxious Fumes","floor":12,"key":"SMITH"},{"data":"Backflip","floor":15,"key":"SMITH"},{"data":"Night Terror","floor":23,"key":"SMITH"}],"neow_cost":"NONE","seed_source_timestamp":245972078889100,"circlet_count":0,"master_deck":["Strike_G","Strike_G+1","Strike_G","Strike_G+1","Defend_G","Defend_G","Defend_G","Defend_G","Survivor","Neutralize","Footwork+1","Blur","Crippling Poison","Bane","Bane","Backflip+1","Noxious Fumes+1","Backflip","Terror","Flechettes","Night Terror+1","Noxious Fumes","Bane+1","Deflect"],"relics":["Ring of the Snake","Whetstone","Letter Opener","Snecko Eye","TwistedFunnel"],"potions_floor_usage":[22,24,24],"damage_taken":[{"damage":0,"enemies":"Cultist","floor":1,"turns":4},{"damage":3,"enemies":"2 Louse","floor":2,"turns":3},{"damage":1,"enemies":"Small Slimes","floor":4,"turns":4},{"damage":0,"enemies":"2 Fungi Beasts","floor":5,"turns":4},{"damage":0,"enemies":"3 Louse","floor":7,"turns":3},{"damage":1,"enemies":"Looter","floor":10,"turns":5},{"damage":0,"enemies":"Exordium Wildlife","floor":11,"turns":3},{"damage":0,"enemies":"Blue Slaver","floor":14,"turns":4},{"damage":18,"enemies":"Hexaghost","floor":16,"turns":11},{"damage":0,"enemies":"Chosen","floor":18,"turns":4},{"damage":6,"enemies":"Spheric Guardian","floor":20,"turns":5},{"damage":13,"enemies":"Centurion and Healer","floor":22,"turns":5},{"damage":59,"enemies":"Slavers","floor":24,"turns":4}],"seed_played":"997306588187247578","potions_obtained":[{"floor":1,"key":"PowerPotion"},{"floor":2,"key":"PowerPotion"},{"floor":4,"key":"GamblersBrew"},{"floor":10,"key":"Fire Potion"}],"is_trial":false,"path_per_floor":["M","M","$","M","M","R","M","$","T","M","M","R","?","M","R","B",null,"M","?","M","$","M","R","E"],"character_chosen":"THE_SILENT","items_purchased":["Crippling Poison","Bane","TwistedFunnel"],"campfire_rested":0,"item_purchase_floors":[3,3,21],"current_hp_per_floor":[70,67,67,66,66,66,66,66,66,65,65,65,65,65,65,47,70,70,70,64,64,51,51,0],"gold":47,"neow_bonus":"RANDOM_COMMON_RELIC","is_prod":false,"is_daily":false,"chose_seed":false,"campfire_upgraded":4,"win_rate":0.0,"timestamp":1569775211,"path_taken":["M","M","?","M","M","R","?","$","T","M","M","R","?","M","R","BOSS","M","?","M","?","M","R","E"],"build_version":"2019-07-17","purchased_purges":0,"victory":false,"max_hp_per_floor":[70,70,70,70,70,70,70,70,70,70,70,70,70,70,70,70,70,70,70,70,70,70,70,70],"card_choices":[{"not_picked":["Slice","Choke"],"picked":"Footwork","floor":1},{"not_picked":["PiercingWail","Flechettes"],"picked":"Blur","floor":2},{"not_picked":["Underhanded Strike","Prepared"],"picked":"Bane","floor":4},{"not_picked":["PiercingWail","Outmaneuver"],"picked":"Backflip","floor":5},{"not_picked":["Blade Dance","Flechettes"],"picked":"Noxious Fumes","floor":7},{"not_picked":["Reflex","Blur"],"picked":"Backflip","floor":10},{"not_picked":["Dodge and Roll","Dagger Throw"],"picked":"Terror","floor":11},{"not_picked":["All Out Attack","Choke"],"picked":"Flechettes","floor":14},{"not_picked":["Tools of the Trade","Phantasmal Killer"],"picked":"Night Terror","floor":16},{"not_picked":["Quick Slash","Dagger Throw"],"picked":"Noxious Fumes","floor":18},{"not_picked":["Choke","Prepared"],"picked":"Bane+1","floor":20},{"not_picked":["Dash","Underhanded Strike+1"],"picked":"Deflect","floor":22}],"player_experience":65207,"relics_obtained":[{"floor":9,"key":"Letter Opener"}],"event_choices":[{"cards_removed":["Strike_G"],"damage_healed":0,"gold_gain":0,"player_choice":"Offered Basic","damage_taken":0,"max_hp_gain":0,"max_hp_loss":0,"event_name":"Bonfire Elementals","floor":13,"gold_loss":0},{"cards_removed":["Defend_G"],"damage_healed":0,"gold_gain":0,"player_choice":"Card Removal","damage_taken":0,"max_hp_gain":0,"max_hp_loss":0,"event_name":"Wheel of Change","floor":19,"gold_loss":0}],"is_beta":false,"boss_relics":[{"not_picked":["Tiny House","Orrery"],"picked":"Snecko Eye"}],"items_purged_floors":[],"is_endless":false,"potions_floor_spawned":[1,2,4,10,18],"killed_by":"Slavers","ascension_level":0}