{"gold_per_floor":[109,121,221,231,245,245,280,280,280,291,291,308,308,343,343,442,442,459,473,388,67,82,82,82],"floor_reached":24,"playtime":1766,"items_purged":[],"score":239,"play_id":"6d3e5f80-cd67-4e16-b564-9fcdab72a3bf","local_time":"20190107224738","is_ascension_mode":true,"campfire_choices":[{"floor":6,"key":"REST"},{"floor":8,"key":"REST"},{"floor":11,"key":"REST"},{"floor":15,"key":"REST"},{"floor":23,"key":"REST"}],"neow_cost":"NONE","seed_source_timestamp":1485795212188745,"circlet_count":0,"master_deck":["Defend_G","Defend_G","Defend_G","Defend_G","Defend_G","Strike_G","Strike_G","Strike_G","Strike_G","Strike_G","Survivor","Neutralize","Catalyst","Poisoned Stab","Poisoned Stab","Noxious Fumes","PiercingWail","Slice","Riddle With Holes","Phantasmal Killer","Calculated Gamble","Acrobatics","Deadly Poison","Bouncing Flask","Distraction","Night Terror","Catalyst","PiercingWail","Backstab","Flash of Steel","Cloak And Dagger"],"relics":["Orrery","Potion Belt","Bottled Tornado","Gambling Chip","Fusion Hammer","Darkstone Periapt"],"potions_floor_usage":[7,10,19,19,19,21,22,24],"damage_taken":[{"damage":1,"enemies":"Cultist","floor":1,"turns":5},{"damage":1,"enemies":"Jaw Worm","floor":2,"turns":3},{"damage":2,"enemies":"2 Louse","floor":4,"turns":3},{"damage":10,"enemies":"Looter","floor":5,"turns":5},{"damage":39,"enemies":"3 Sentries","floor":7,"turns":7},{"damage":9,"enemies":"2 Fungi Beasts","floor":10,"turns":3},{"damage":4,"enemies":"3 Louse","floor":12,"turns":4},{"damage":6,"enemies":"Lagavulin","floor":14,"turns":5},{"damage":33,"enemies":"Hexaghost","floor":16,"turns":8},{"damage":11,"enemies":"Spheric Guardian","floor":18,"turns":3},{"damage":31,"enemies":"2 Thieves","floor":19,"turns":4},{"damage":28,"enemies":"Shelled Parasite and Fungi","floor":22,"turns":5},{"damage":57,"enemies":"Gremlin Leader","floor":24,"turns":11}],"seed_played":"-4486132333901657178","potions_obtained":[{"floor":1,"key":"SkillPotion"},{"floor":4,"key":"SkillPotion"},{"floor":5,"key":"LiquidBronze"},{"floor":7,"key":"SteroidPotion"},{"floor":12,"key":"EssenceOfSteel"},{"floor":18,"key":"Weak Potion"}],"is_trial":false,"path_per_floor":["M","M","?","M","M","R","E","R","T","M","R","M","?","E","R","B",null,"M","M","?","$","M","R","E"],"character_chosen":"THE_SILENT","items_purchased":["Backstab","Flash of Steel","Regen Potion","Fruit Juice"],"campfire_rested":5,"item_purchase_floors":[21,21,21,21],"current_hp_per_floor":[69,68,68,66,56,70,31,52,52,43,64,60,60,54,70,37,70,59,28,28,33,19,41,0],"gold":82,"neow_bonus":"BOSS_RELIC","is_prod":false,"is_daily":false,"chose_seed":false,"campfire_upgraded":0,"win_rate":0,"timestamp":1546894058,"path_taken":["M","M","?","?","M","R","E","R","T","M","R","M","?","E","R","BOSS","M","M","?","$","M","R","E"],"build_version":"2019-01-03v4","purchased_purges":0,"victory":false,"max_hp_per_floor":[70,70,70,70,70,70,70,70,70,70,70,70,70,70,70,70,70,70,70,70,75,75,75,75],"card_choices":[{"not_picked":["Dodge and Roll","Poisoned Stab"],"picked":"Catalyst","floor":0},{"not_picked":["Acrobatics","Expertise"],"picked":"Poisoned Stab","floor":0},{"not_picked":["Dagger Spray","Dodge and Roll"],"picked":"Poisoned Stab","floor":0},{"not_picked":["Dagger Throw","Sucker Punch"],"picked":"Noxious Fumes","floor":0},{"not_picked":["Dash","Terror"],"picked":"PiercingWail","floor":0},{"not_picked":["All Out Attack","Blade Dance"],"picked":"Slice","floor":1},{"not_picked":["Reflex","Quick Slash"],"picked":"Riddle With Holes","floor":2},{"not_picked":["Flechettes","Dagger Spray"],"picked":"Phantasmal Killer","floor":4},{"not_picked":["Sucker Punch","Dagger Throw"],"picked":"Calculated Gamble","floor":5},{"not_picked":["Slice","Cloak And Dagger"],"picked":"Acrobatics","floor":7},{"not_picked":["Heel Hook","Flying Knee"],"picked":"Deadly Poison","floor":10},{"not_picked":["Dagger Throw","Quick Slash"],"picked":"Bouncing Flask","floor":12},{"not_picked":["Concentrate","Dagger Spray"],"picked":"Distraction","floor":14},{"not_picked":["A Thousand Cuts","Venomology"],"picked":"Night Terror","floor":16},{"not_picked":["Backflip","Cloak And Dagger+1"],"picked":"Catalyst","floor":18},{"not_picked":["Poisoned Stab","Deflect"],"picked":"PiercingWail","floor":19},{"not_picked":["Blade Dance","Flying Knee+1"],"picked":"Cloak And Dagger","floor":22}],"player_experience":128946,"relics_obtained":[{"floor":7,"key":"Potion Belt"},{"floor":9,"key":"Bottled Tornado"},{"floor":14,"key":"Gambling Chip"}],"event_choices":[{"damage_healed":0,"gold_gain":100,"player_choice":"Pray","damage_taken":0,"max_hp_gain":0,"max_hp_loss":0,"event_name":"Golden Shrine","floor":3,"gold_loss":0},{"damage_healed":0,"gold_gain":0,"player_choice":"Ignored","damage_taken":0,"max_hp_gain":0,"max_hp_loss":0,"event_name":"Shining Light","floor":13,"gold_loss":0},{"damage_healed":0,"gold_gain":0,"player_choice":"Obtained Relic","damage_taken":0,"relics_obtained":["Darkstone Periapt"],"max_hp_gain":0,"max_hp_loss":0,"event_name":"Addict","floor":20,"gold_loss":85}],"is_beta":false,"boss_relics":[{"not_picked":["Pandora\u0027s Box","Runic Dome"],"picked":"Fusion Hammer"}],"items_purged_floors":[],"is_endless":false,"potions_floor_spawned":[1,4,5,7,12,18],"killed_by":"Gremlin Leader","ascension_level":3}