{"gold_per_floor":[119,135,146,146,161,161,192,170,170,170],"floor_reached":10,"playtime":590,"items_purged":[],"score":75,"play_id":"9814f24b-f4f2-4c9a-8aef-9f67f6885255","local_time":"20191006124459","is_ascension_mode":true,"campfire_choices":[{"floor":6,"key":"REST"}],"neow_cost":"NONE","seed_source_timestamp":97367562119000,"circlet_count":0,"master_deck":["Strike_G","Strike_G+1","Strike_G","Strike_G","Strike_G","Defend_G","Defend_G","Defend_G","Defend_G","Defend_G","Survivor","Neutralize","Choke+1","Dash","Cloak And Dagger","Footwork"],"relics":["Ring of the Snake","Pen Nib"],"potions_floor_usage":[7],"damage_taken":[{"damage":11,"enemies":"Jaw Worm","floor":1,"turns":6},{"damage":4,"enemies":"Small Slimes","floor":2,"turns":4},{"damage":0,"enemies":"Cultist","floor":3,"turns":3},{"damage":3,"enemies":"Blue Slaver","floor":5,"turns":4},{"damage":58,"enemies":"Gremlin Nob","floor":7,"turns":7},{"damage":14,"enemies":"Lagavulin","floor":10,"turns":3}],"seed_played":"7554961256792035300","potions_obtained":[{"floor":3,"key":"Fruit Juice"}],"is_trial":false,"path_per_floor":["M","M","M","?","M","R","E","?","T","E"],"character_chosen":"THE_SILENT","items_purchased":[],"campfire_rested":1,"item_purchase_floors":[],"current_hp_per_floor":[66,62,62,47,44,67,14,14,14,0],"gold":170,"neow_bonus":"TEN_PERCENT_HP_BONUS","is_prod":false,"is_daily":false,"chose_seed":false,"campfire_upgraded":0,"win_rate":0,"timestamp":1570358699,"path_taken":["M","M","M","?","M","R","E","?","T","E"],"build_version":"2019-07-17","purchased_purges":0,"victory":false,"max_hp_per_floor":[77,77,77,77,77,77,82,82,82,82],"card_choices":[{"not_picked":["Poisoned Stab","Well Laid Plans"],"picked":"Choke","floor":1},{"not_picked":["Deadly Poison","Leg Sweep"],"picked":"Dash","floor":2},{"not_picked":["Setup","Predator"],"picked":"Cloak And Dagger","floor":3},{"not_picked":["Sucker Punch","Deflect"],"picked":"Footwork","floor":5},{"not_picked":["Poisoned Stab","Choke","Venomology"],"picked":"SKIP","floor":7}],"player_experience":219617,"relics_obtained":[{"floor":7,"key":"Pen Nib"}],"event_choices":[{"damage_healed":0,"gold_gain":0,"player_choice":"Entered Light","damage_taken":15,"max_hp_gain":0,"max_hp_loss":0,"event_name":"Shining Light","floor":4,"gold_loss":0,"cards_upgraded":["Choke","Strike_G"]},{"damage_healed":0,"gold_gain":0,"player_choice":"Left Gold","damage_taken":0,"max_hp_gain":0,"max_hp_loss":0,"event_name":"World of Goop","floor":8,"gold_loss":22}],"is_beta":false,"boss_relics":[],"items_purged_floors":[],"is_endless":false,"potions_floor_spawned":[3],"killed_by":"Lagavulin","ascension_level":2}