{"gold_per_floor":[111,111,81,100,25,25,65,65,65,119,155,155,173,20,20,115,115,131,56,81,99,99,132,144,197,209,239,126,306,340,353,353,353],"floor_reached":33,"playtime":1007,"items_purged":["Clash","Strike_R","Strike_R"],"score":672,"play_id":"31a88df9-fcd9-4f74-94e3-ff6d175691f0","local_time":"20190922234553","is_ascension_mode":true,"campfire_choices":[{"data":"Fire Breathing","floor":6.0,"key":"SMITH"},{"data":"Reckless Charge","floor":8.0,"key":"SMITH"},{"data":"Shrug It Off","floor":12.0,"key":"SMITH"},{"data":"True Grit","floor":15.0,"key":"SMITH"},{"data":"Disarm","floor":24,"key":"SMITH"},{"data":"Body Slam","floor":32,"key":"SMITH"}],"neow_cost":"TEN_PERCENT_HP_LOSS","seed_source_timestamp":26823920538424,"circlet_count":0,"master_deck":["AscendersBane","Defend_R","Defend_R","Defend_R","Defend_R","Bash","Limit Break","Shrug It Off+1","Fire Breathing+1","Reckless Charge+1","True Grit+1","Offering","Disarm+1","Battle Trance","Body Slam+1"],"special_seed":0,"relics":["Burning Blood","Golden Idol","StrikeDummy","InkBottle","MealTicket","Omamori","Runic Pyramid","MawBank","Juzu Bracelet","Frozen Egg 2","The Courier"],"potions_floor_usage":[23,25,30,30],"damage_taken":[{"damage":4.0,"enemies":"Small Slimes","floor":1.0,"turns":4.0},{"damage":0.0,"enemies":"Cultist","floor":4.0,"turns":4.0},{"damage":49.0,"enemies":"Lagavulin","floor":7.0,"turns":8.0},{"damage":12.0,"enemies":"3 Sentries","floor":11.0,"turns":4.0},{"damage":7.0,"enemies":"Jaw Worm","floor":13.0,"turns":4.0},{"damage":24.0,"enemies":"Hexaghost","floor":16.0,"turns":8.0},{"damage":15.0,"enemies":"3 Byrds","floor":18.0,"turns":4.0},{"damage":6,"enemies":"Chosen","floor":20,"turns":4},{"damage":30,"enemies":"Snake Plant","floor":21,"turns":6},{"damage":10,"enemies":"Slavers","floor":23,"turns":4},{"damage":10,"enemies":"Gremlin Leader","floor":25,"turns":7},{"damage":6,"enemies":"Centurion and Healer","floor":27,"turns":6},{"damage":6,"enemies":"Slavers","floor":30,"turns":3},{"damage":6,"enemies":"Cultist and Chosen","floor":31,"turns":3},{"damage":49,"enemies":"Champ","floor":33,"turns":7}],"seed_played":"6032144469332880751","potions_obtained":[{"floor":3.0,"key":"Explosive Potion"},{"floor":3.0,"key":"GamblersBrew"},{"floor":7.0,"key":"FearPotion"},{"floor":11.0,"key":"SpeedPotion"},{"floor":16.0,"key":"Dexterity Potion"},{"floor":18.0,"key":"Weak Potion"},{"floor":23,"key":"BloodPotion"},{"floor":27,"key":"SkillPotion"}],"is_trial":false,"path_per_floor":["M","?","?","M","$","R","E","R","T","T","E","R","M","$","R","B",null,"M","?","M","M","?","E","R","E","T","M","$","?","E","M","R","B"],"character_chosen":"IRONCLAD","items_purchased":["PowerPotion"],"campfire_rested":0,"item_purchase_floors":[14],"current_hp_per_floor":[68,62,62,62,62,62,19,19,19,19,13,13,12,27,27,9,49,40,40,40,16,16,12,12,20,20,20,35,17,17,17,17,0],"gold":353,"neow_bonus":"TRANSFORM_TWO_CARDS","is_prod":false,"is_daily":false,"chose_seed":false,"campfire_upgraded":6,"win_rate":0,"timestamp":1569167153,"path_taken":["M","?","?","?","$","R","E","R","T","?","E","R","M","$","R","BOSS","M","?","?","?","?","E","R","E","T","M","$","?","E","M","R","BOSS"],"build_version":"2019-09-20","purchased_purges":3,"victory":false,"max_hp_per_floor":[68,62,62,62,62,62,62,62,62,62,62,62,62,62,62,62,62,62,62,62,62,62,62,62,62,62,62,62,62,62,62,62,62],"card_choices":[{"not_picked":["Havoc","Anger"],"picked":"Shrug It Off","floor":1.0},{"not_picked":["Body Slam","Wild Strike"],"picked":"Fire Breathing","floor":4.0},{"not_picked":["Spot Weakness","Dark Embrace"],"picked":"Reckless Charge","floor":7.0},{"not_picked":["Cleave","Shrug It Off"],"picked":"True Grit","floor":11.0},{"not_picked":["Infernal Blade","Combust","Cleave"],"picked":"SKIP","floor":13.0},{"not_picked":["Fiend Fire","Limit Break"],"picked":"Offering","floor":16.0},{"not_picked":["True Grit","Twin Strike+1","Perfected Strike+1"],"picked":"SKIP","floor":18.0},{"not_picked":["Havoc","Sword Boomerang","True Grit"],"picked":"SKIP","floor":20},{"not_picked":["Rupture","Thunderclap"],"picked":"Disarm","floor":21},{"not_picked":["Warcry","Sever Soul","Iron Wave"],"picked":"SKIP","floor":23},{"not_picked":["Perfected Strike","Entrench"],"picked":"Battle Trance","floor":25},{"not_picked":["Rage","Thunderclap","Entrench"],"picked":"SKIP","floor":27},{"not_picked":["Armaments+1","Twin Strike"],"picked":"Body Slam","floor":30},{"not_picked":["Sever Soul","Limit Break","Clothesline"],"picked":"SKIP","floor":31}],"player_experience":925126,"relics_obtained":[{"floor":7.0,"key":"StrikeDummy"},{"floor":9.0,"key":"InkBottle"},{"floor":10.0,"key":"MealTicket"},{"floor":11.0,"key":"Omamori"},{"floor":23,"key":"MawBank"},{"floor":25,"key":"Juzu Bracelet"},{"floor":26,"key":"Frozen Egg 2"},{"floor":30,"key":"The Courier"}],"event_choices":[{"damage_healed":0.0,"max_hp_gain":0.0,"max_hp_loss":6.0,"gold_gain":0.0,"event_name":"Golden Idol","player_choice":"Lose Max HP","floor":2.0,"gold_loss":0.0,"damage_taken":0.0,"relics_obtained":["Golden Idol"]},{"damage_healed":0.0,"max_hp_gain":0.0,"max_hp_loss":0.0,"gold_gain":0.0,"event_name":"The Woman in Blue","player_choice":"Bought 2 Potions","floor":3.0,"gold_loss":0.0,"damage_taken":0.0},{"cards_removed":["Strike_R"],"damage_healed":0,"gold_gain":0,"player_choice":"Single Remove","damage_taken":0,"max_hp_gain":0,"max_hp_loss":0,"event_name":"Designer","floor":19,"gold_loss":75},{"damage_healed":0,"gold_gain":0,"player_choice":"Ignored","damage_taken":0,"max_hp_gain":0,"max_hp_loss":0,"event_name":"Cursed Tome","floor":22,"gold_loss":0},{"damage_healed":0,"gold_gain":180,"player_choice":"GOLD GOLD ","damage_taken":18,"max_hp_gain":0,"max_hp_loss":0,"event_name":"Knowing Skull","floor":29,"potions_obtained":[],"gold_loss":0,"cards_obtained":[]}],"is_beta":true,"boss_relics":[{"not_picked":["Busted Crown","Cursed Key"],"picked":"Runic Pyramid"}],"items_purged_floors":[5,14,28],"is_endless":false,"potions_floor_spawned":[4,7,11,16,18,23,27],"killed_by":"Champ","ascension_level":20}