{"gold_per_floor":[219,239,141,151,167,167,181,213,513,513,513,523,535,564,564,668,668,680,700,221,233,233,233,259,259,286,300,311,311,327,360,360,360],"floor_reached":33,"playtime":2937,"items_purged":["Strike_R","Strike_R"],"score":439,"play_id":"987e5a7d-fe52-4924-9d54-f230c5d98fa9","local_time":"20191020110349","is_ascension_mode":true,"campfire_choices":[{"data":"True Grit","floor":6,"key":"SMITH"},{"data":"Bash","floor":11,"key":"SMITH"},{"data":"Demon Form","floor":15,"key":"SMITH"},{"data":"Metallicize","floor":23,"key":"SMITH"},{"data":"Metallicize","floor":25,"key":"SMITH"},{"data":"Double Tap","floor":29,"key":"SMITH"},{"data":"Shockwave","floor":32,"key":"SMITH"}],"neow_cost":"NONE","seed_source_timestamp":816925657782800,"circlet_count":0,"master_deck":["Strike_R","Strike_R","Strike_R","Defend_R","Defend_R","Defend_R","Defend_R","Bash+1","Thunderclap","Armaments+1","True Grit+1","Shrug It Off","Headbutt","Pommel Strike","Anger","Demon Form+1","Heavy Blade","Sword Boomerang","Double Tap+1","True Grit","Metallicize+1","Shockwave+1","Pommel Strike","Pummel+1","Metallicize+1","Shrug It Off"],"relics":["Burning Blood","PreservedInsect","Old Coin","Singing Bowl","Coffee Dripper","ClockworkSouvenir","Juzu Bracelet","Shuriken"],"potions_floor_usage":[8,13,16,24,24,31,33,33,33],"damage_taken":[{"damage":1,"enemies":"Cultist","floor":1,"turns":3},{"damage":0,"enemies":"2 Louse","floor":2,"turns":3},{"damage":0,"enemies":"Jaw Worm","floor":4,"turns":6},{"damage":4,"enemies":"2 Fungi Beasts","floor":5,"turns":5},{"damage":8,"enemies":"Looter","floor":7,"turns":4},{"damage":17,"enemies":"3 Sentries","floor":8,"turns":10},{"damage":0,"enemies":"3 Louse","floor":12,"turns":3},{"damage":0,"enemies":"Lots of Slimes","floor":13,"turns":1},{"damage":10,"enemies":"Gremlin Nob","floor":14,"turns":3},{"damage":0,"enemies":"Slime Boss","floor":16,"turns":7},{"damage":19,"enemies":"Spheric Guardian","floor":18,"turns":4},{"damage":18,"enemies":"Chosen","floor":19,"turns":6},{"damage":18,"enemies":"Snake Plant","floor":21,"turns":5},{"damage":15,"enemies":"Book of Stabbing","floor":24,"turns":4},{"damage":11,"enemies":"Shelled Parasite and Fungi","floor":27,"turns":5},{"damage":9,"enemies":"Snecko","floor":28,"turns":5},{"damage":17,"enemies":"Centurion and Healer","floor":30,"turns":7},{"damage":4,"enemies":"Gremlin Leader","floor":31,"turns":8},{"damage":32,"enemies":"Collector","floor":33,"turns":5}],"seed_played":"-3071852527221818862","potions_obtained":[{"floor":1,"key":"Ancient Potion"},{"floor":2,"key":"Weak Potion"},{"floor":8,"key":"PowerPotion"},{"floor":12,"key":"Explosive Potion"},{"floor":14,"key":"Fire Potion"},{"floor":19,"key":"SteroidPotion"},{"floor":28,"key":"Swift Potion"},{"floor":30,"key":"LiquidBronze"},{"floor":31,"key":"Poison Potion"}],"is_trial":false,"path_per_floor":["M","M","$","M","M","R","M","E","T","?","R","M","M","E","R","B",null,"M","M","$","M","?","R","E","R","T","M","M","R","M","E","R","B"],"character_chosen":"IRONCLAD","items_purchased":["True Grit","Metallicize","ClockworkSouvenir","Shockwave","Pommel Strike"],"campfire_rested":0,"item_purchase_floors":[3,20,20,20,20],"current_hp_per_floor":[80,80,80,80,80,80,78,67,67,67,67,73,79,75,75,80,80,67,57,57,45,45,45,36,36,36,33,30,30,21,25,25,0],"gold":360,"neow_bonus":"HUNDRED_GOLD","is_prod":false,"is_daily":false,"chose_seed":false,"campfire_upgraded":7,"win_rate":0,"timestamp":1571591029,"path_taken":["M","?","$","M","M","R","M","E","T","?","R","M","?","E","R","BOSS","M","M","$","M","?","R","E","R","T","M","M","R","M","E","R","BOSS"],"build_version":"2019-07-17","purchased_purges":2,"victory":false,"max_hp_per_floor":[80,80,80,80,80,80,80,80,80,80,80,80,80,80,80,80,80,80,82,82,82,82,82,82,82,82,84,84,84,86,88,88,88],"card_choices":[{"not_picked":["Havoc","Warcry"],"picked":"Thunderclap","floor":1},{"not_picked":["Sentinel","Second Wind"],"picked":"Armaments","floor":2},{"not_picked":["Hemokinesis","Feel No Pain"],"picked":"Shrug It Off","floor":4},{"not_picked":["Corruption","Sever Soul"],"picked":"Headbutt","floor":5},{"not_picked":["Twin Strike","Perfected Strike"],"picked":"Pommel Strike","floor":7},{"not_picked":["Perfected Strike","Flex"],"picked":"Anger","floor":8},{"not_picked":["Seeing Red","Ghostly Armor"],"picked":"Demon Form","floor":12},{"not_picked":["Clothesline","Twin Strike"],"picked":"Heavy Blade","floor":13},{"not_picked":["Thunderclap","Warcry"],"picked":"Sword Boomerang","floor":14},{"not_picked":["Exhume","Immolate"],"picked":"Double Tap","floor":16},{"not_picked":["Thunderclap","Sword Boomerang"],"picked":"True Grit","floor":18},{"not_picked":["Second Wind","Flex+1","Warcry"],"picked":"Singing Bowl","floor":19},{"not_picked":["Dual Wield","Rage"],"picked":"Pummel+1","floor":21},{"not_picked":["Shrug It Off","Iron Wave"],"picked":"Metallicize","floor":24},{"not_picked":["Dark Embrace","Dropkick","Headbutt"],"picked":"Singing Bowl","floor":27},{"not_picked":["Seeing Red+1","Perfected Strike"],"picked":"Shrug It Off","floor":28},{"not_picked":["Ghostly Armor","Second Wind","Thunderclap+1"],"picked":"Singing Bowl","floor":30},{"not_picked":["Fiend Fire","Iron Wave+1","Sword Boomerang"],"picked":"Singing Bowl","floor":31}],"player_experience":82762,"relics_obtained":[{"floor":8,"key":"PreservedInsect"},{"floor":9,"key":"Old Coin"},{"floor":14,"key":"Singing Bowl"},{"floor":26,"key":"Juzu Bracelet"},{"floor":31,"key":"Shuriken"}],"event_choices":[{"damage_healed":0,"gold_gain":0,"player_choice":"Forge","damage_taken":0,"max_hp_gain":0,"max_hp_loss":0,"event_name":"Accursed Blacksmith","floor":10,"gold_loss":0,"cards_upgraded":["Armaments"]},{"damage_healed":0,"gold_gain":0,"player_choice":"Ignored","damage_taken":0,"max_hp_gain":0,"max_hp_loss":0,"event_name":"Ghosts","floor":22,"gold_loss":0}],"is_beta":false,"boss_relics":[{"not_picked":["Lizard Tail","Black Blood"],"picked":"Coffee Dripper"}],"items_purged_floors":[3,20],"is_endless":false,"potions_floor_spawned":[1,2,8,12,14,19,28,30,31],"killed_by":"Collector","ascension_level":5}