{"gold_per_floor":[109,71,71,71,71,71,97,97,149,162,162,191,203,229,229,334,334,353,367,386,35,35,35],"floor_reached":23,"playtime":928,"items_purged":[],"score":267,"play_id":"723fc3f6-36e9-4fa6-99a7-c946fd7d57c6","local_time":"20191015153233","is_ascension_mode":true,"campfire_choices":[{"data":"Sunder","floor":6,"key":"SMITH"},{"data":"Storm","floor":8,"key":"SMITH"},{"data":"Dualcast","floor":11,"key":"SMITH"},{"floor":15,"key":"REST"}],"neow_cost":"NONE","seed_source_timestamp":373359998066500,"circlet_count":0,"master_deck":["Strike_B","Defend_B","Defend_B","Defend_B","Defend_B","Zap","Dualcast+1","Sunder+1","Storm+1","Force Field","Cold Snap","Cold Snap","Force Field","Multi-Cast","Echo Form","Go for the Eyes","White Noise","Hello World"],"relics":["Cracked Core","NeowsBlessing","WingedGreaves","Lantern","Bag of Marbles","Boot","Empty Cage","Omamori","HandDrill","MutagenicStrength"],"potions_floor_usage":[16,16,19,19],"damage_taken":[{"damage":0,"enemies":"2 Louse","floor":1,"turns":1},{"damage":0,"enemies":"Gremlin Nob","floor":7,"turns":1},{"damage":0,"enemies":"Small Slimes","floor":10,"turns":1},{"damage":23,"enemies":"3 Sentries","floor":12,"turns":7},{"damage":0,"enemies":"Cultist","floor":13,"turns":1},{"damage":28,"enemies":"Lagavulin","floor":14,"turns":8},{"damage":32,"enemies":"Hexaghost","floor":16,"turns":13},{"damage":26,"enemies":"3 Byrds","floor":18,"turns":5},{"damage":15,"enemies":"2 Thieves","floor":19,"turns":5},{"damage":17,"enemies":"Snecko","floor":20,"turns":8},{"damage":17,"enemies":"Gremlin Leader","floor":23,"turns":2}],"seed_played":"1186991649703736984","potions_obtained":[{"floor":13,"key":"PowerPotion"},{"floor":14,"key":"Block Potion"},{"floor":18,"key":"EntropicBrew"},{"floor":19,"key":"Regen Potion"}],"is_trial":false,"path_per_floor":["M","$","?","?","$","R","E","R","T","M","R","E","M","E","R","B",null,"M","M","M","$","?","E"],"character_chosen":"DEFECT","items_purchased":["Storm","Omamori","HandDrill"],"campfire_rested":1,"item_purchase_floors":[2,21,21],"current_hp_per_floor":[75,75,75,75,75,75,75,75,75,75,75,52,52,24,46,14,75,49,34,17,17,17,0],"gold":35,"neow_bonus":"THREE_ENEMY_KILL","is_prod":false,"is_daily":false,"chose_seed":false,"campfire_upgraded":3,"win_rate":0,"timestamp":1571146353,"path_taken":["M","$","?","?","$","R","E","R","T","M","R","E","?","E","R","BOSS","M","M","M","$","?","E"],"build_version":"2019-07-17","purchased_purges":0,"victory":false,"max_hp_per_floor":[75,75,75,75,75,75,75,75,75,75,75,75,75,75,75,75,75,75,75,75,75,75,75],"card_choices":[{"not_picked":["Beam Cell","Rebound"],"picked":"Sunder","floor":1},{"not_picked":["Conserve Battery","Tempest"],"picked":"Force Field","floor":7},{"not_picked":["Skim","Hologram"],"picked":"Cold Snap","floor":10},{"not_picked":["Scrape","Beam Cell"],"picked":"Cold Snap","floor":12},{"not_picked":["Recycle","Go for the Eyes"],"picked":"Force Field","floor":13},{"not_picked":["Chaos","Self Repair"],"picked":"Multi-Cast","floor":14},{"not_picked":["Seek","Multi-Cast"],"picked":"Echo Form","floor":16},{"not_picked":["Turbo+1","Beam Cell"],"picked":"Go for the Eyes","floor":18},{"not_picked":["Gash+1","Doom and Gloom"],"picked":"White Noise","floor":19},{"not_picked":["Fusion","Beam Cell"],"picked":"Hello World","floor":20}],"player_experience":354920,"relics_obtained":[{"floor":7,"key":"WingedGreaves"},{"floor":9,"key":"Lantern"},{"floor":12,"key":"Bag of Marbles"},{"floor":14,"key":"Boot"}],"event_choices":[{"damage_healed":0,"gold_gain":0,"player_choice":"Ignored","damage_taken":0,"max_hp_gain":0,"max_hp_loss":0,"event_name":"Liars Game","floor":3,"gold_loss":0},{"cards_removed":["Strike_B"],"damage_healed":0,"gold_gain":0,"player_choice":"Offered Basic","damage_taken":0,"max_hp_gain":0,"max_hp_loss":0,"event_name":"Bonfire Elementals","floor":4,"gold_loss":0},{"damage_healed":0,"gold_gain":0,"player_choice":"Inject Mutagens","damage_taken":0,"relics_obtained":["MutagenicStrength"],"max_hp_gain":0,"max_hp_loss":0,"event_name":"Drug Dealer","floor":22,"gold_loss":0}],"is_beta":false,"boss_relics":[{"not_picked":["Ectoplasm","Fusion Hammer"],"picked":"Empty Cage"}],"items_purged_floors":[],"is_endless":false,"potions_floor_spawned":[13,14,18,19],"killed_by":"Gremlin Leader","ascension_level":3}