{"gold_per_floor":[114,114,133,133,133,163,163,183,183,203,222,251,251,277,277,380,380,394,139,64,83,83,108,108,142,166,199,199,199,199,215,215,318,318,335,347,347,347,347,347,34,61,85,6,26,26,40,57,57,57],"floor_reached":51,"playtime":3445,"items_purged":["Strike_B"],"score":824,"play_id":"109bcbc6-d9b1-403b-bdb5-23e22f0786b2","local_time":"20190921192552","is_ascension_mode":true,"campfire_choices":[{"data":"Self Repair","floor":7,"key":"SMITH"},{"data":"Dualcast","floor":13,"key":"SMITH"},{"data":"Defragment","floor":15,"key":"SMITH"},{"data":"Buffer","floor":24,"key":"SMITH"},{"data":"Defragment","floor":28,"key":"SMITH"},{"data":"Lockon","floor":30,"key":"SMITH"},{"data":"Defend_B","floor":32,"key":"SMITH"},{"data":"Buffer","floor":40,"key":"SMITH"},{"data":"Lockon","floor":46,"key":"SMITH"},{"data":"Ball Lightning","floor":49,"key":"SMITH"}],"neow_cost":"NONE","seed_source_timestamp":617305877002000,"circlet_count":0,"master_deck":["Defend_B+1","Defend_B+1","Defend_B+1","Zap+1","Dualcast+1","Self Repair+1","Fission+1","Ball Lightning","Ball Lightning","Conserve Battery+1","Ball Lightning+1","Defragment+1","Buffer+1","Genetic Algorithm+1","Lockon+1","Consume+1","Tempest+1","Defragment+1","White Noise+1","Buffer+1","Secret Technique+1","Lockon+1","Leap+1","Loop+1"],"relics":["Cracked Core","Darkstone Periapt","Toxic Egg 2","Pear","War Paint","Happy Flower","Empty Cage","Omamori","Ancient Tea Set","Dream Catcher","Nloth\u0027s Gift","Busted Crown","Pen Nib","Frozen Egg 2","Bag of Preparation"],"potions_floor_usage":[6,10,11,12,16,25,36,50,50,50],"damage_taken":[{"damage":1,"enemies":"2 Louse","floor":1,"turns":3},{"damage":5,"enemies":"Small Slimes","floor":3,"turns":3},{"damage":7,"enemies":"3 Sentries","floor":6,"turns":9},{"damage":1,"enemies":"Cultist","floor":8,"turns":3},{"damage":7,"enemies":"Exordium Wildlife","floor":10,"turns":3},{"damage":1,"enemies":"Large Slime","floor":11,"turns":2},{"damage":10,"enemies":"Gremlin Nob","floor":12,"turns":4},{"damage":13,"enemies":"3 Sentries","floor":14,"turns":7},{"damage":9,"enemies":"The Guardian","floor":16,"turns":9},{"damage":0,"enemies":"Chosen","floor":18,"turns":4},{"damage":0,"enemies":"Spheric Guardian","floor":21,"turns":2},{"damage":2,"enemies":"Gremlin Leader","floor":23,"turns":4},{"damage":12,"enemies":"Book of Stabbing","floor":25,"turns":4},{"damage":17,"enemies":"Gremlin Leader","floor":27,"turns":6},{"damage":0,"enemies":"Centurion and Healer","floor":31,"turns":4},{"damage":6,"enemies":"Champ","floor":33,"turns":6},{"damage":15,"enemies":"3 Shapes","floor":35,"turns":4},{"damage":0,"enemies":"3 Darklings","floor":36,"turns":3},{"damage":0,"enemies":"Nemesis","floor":42,"turns":5},{"damage":3,"enemies":"Sphere and 2 Shapes","floor":45,"turns":5},{"damage":0,"enemies":"Transient","floor":47,"turns":5},{"damage":0,"enemies":"Spire Growth","floor":48,"turns":4},{"damage":76,"enemies":"Donu and Deca","floor":50,"turns":9}],"seed_played":"-4654509604827330379","potions_obtained":[{"floor":5,"key":"EssenceOfSteel"},{"floor":5,"key":"Regen Potion"},{"floor":5,"key":"Block Potion"},{"floor":8,"key":"AttackPotion"},{"floor":10,"key":"LiquidBronze"},{"floor":11,"key":"Block Potion"},{"floor":14,"key":"LiquidBronze"},{"floor":21,"key":"Weak Potion"},{"floor":23,"key":"PowerPotion"},{"floor":31,"key":"Explosive Potion"},{"floor":33,"key":"Weak Potion"},{"floor":47,"key":"FocusPotion"}],"is_trial":false,"path_per_floor":["M","?","M","?","?","E","R","M","T","M","M","E","R","E","R","B",null,"M","$","?","M","?","E","R","E","T","E","R","?","R","M","R","B",null,"M","M","?","?","?","R","$","E","T","$","M","R","M","M","R","B",null],"character_chosen":"DEFECT","items_purchased":["Lockon","Consume+1","Tempest+1","Lockon","Leap+1","Pen Nib","GamblersBrew","Loop+1"],"campfire_rested":0,"item_purchase_floors":[19,19,19,41,41,41,41,44],"current_hp_per_floor":[74,67,62,59,59,59,59,68,78,81,80,80,80,77,77,78,85,85,85,85,85,85,85,85,83,83,76,76,76,76,85,85,85,85,80,80,80,75,75,75,75,85,85,85,85,85,85,85,85,19],"gold":57,"neow_bonus":"UPGRADE_CARD","is_prod":false,"is_daily":false,"chose_seed":false,"campfire_upgraded":10,"win_rate":0,"timestamp":1569115552,"path_taken":["M","?","M","?","?","E","R","M","T","M","?","E","R","E","R","BOSS","M","$","?","M","?","E","R","E","T","E","R","?","R","M","R","BOSS","M","?","?","?","?","R","$","E","T","?","M","R","?","M","R","BOSS"],"build_version":"2019-07-17","purchased_purges":1,"victory":true,"max_hp_per_floor":[75,75,75,75,75,75,75,75,85,85,85,85,85,85,85,85,85,85,85,85,85,85,85,85,85,85,85,85,85,85,85,85,85,85,85,85,85,85,85,85,85,85,85,85,85,85,85,85,85,85],"card_choices":[{"not_picked":["Coolheaded","Compile Driver","Scrape"],"picked":"SKIP","floor":1},{"not_picked":["Loop","Genetic Algorithm"],"picked":"Self Repair","floor":3},{"not_picked":["Beam Cell","White Noise"],"picked":"Fission","floor":6},{"not_picked":["Reprogram+1","Sweeping Beam"],"picked":"Ball Lightning","floor":8},{"not_picked":["Redo+1","Coolheaded+1"],"picked":"Ball Lightning","floor":10},{"not_picked":["Reinforced Body+1","Turbo+1"],"picked":"Conserve Battery+1","floor":11},{"not_picked":["Hello World","Beam Cell"],"picked":"Ball Lightning","floor":12},{"not_picked":["Meteor Strike","Turbo+1"],"picked":"Defragment","floor":14},{"not_picked":["Seek+1","Rainbow+1"],"picked":"Buffer","floor":16},{"not_picked":["Beam Cell+1","Melter"],"picked":"Genetic Algorithm+1","floor":18},{"not_picked":["Coolheaded+1","Force Field+1"],"picked":"Defragment","floor":21},{"not_picked":["Rip and Tear+1","Rebound+1"],"picked":"Conserve Battery+1","floor":23},{"not_picked":["Glacier+1","Compile Driver","Hologram+1"],"picked":"SKIP","floor":25},{"not_picked":["Undo+1","Hologram+1"],"picked":"White Noise+1","floor":27},{"not_picked":["Compile Driver","Rebound","Storm"],"picked":"SKIP","floor":31},{"not_picked":["Electrodynamics","Biased Cognition"],"picked":"Buffer","floor":33},{"not_picked":["Streamline+1"],"picked":"SKIP","floor":35},{"not_picked":["Hologram+1"],"picked":"SKIP","floor":36},{"not_picked":[],"picked":"Secret Technique+1","floor":38},{"not_picked":["Steam Power+1"],"picked":"SKIP","floor":42},{"not_picked":["Sweeping Beam+1"],"picked":"SKIP","floor":45},{"not_picked":["Storm+1"],"picked":"SKIP","floor":47},{"not_picked":["Self Repair+1"],"picked":"SKIP","floor":48}],"player_experience":32957,"relics_obtained":[{"floor":6,"key":"Toxic Egg 2"},{"floor":9,"key":"Pear"},{"floor":12,"key":"War Paint"},{"floor":14,"key":"Happy Flower"},{"floor":23,"key":"Omamori"},{"floor":25,"key":"Ornamental Fan"},{"floor":26,"key":"Ancient Tea Set"},{"floor":27,"key":"Dream Catcher"},{"floor":42,"key":"Frozen Egg 2"},{"floor":43,"key":"Bag of Preparation"}],"event_choices":[{"cards_removed":["Strike_B"],"damage_healed":0,"gold_gain":0,"player_choice":"Card Removal","damage_taken":7,"max_hp_gain":0,"max_hp_loss":0,"event_name":"Golden Wing","floor":2,"gold_loss":0},{"damage_healed":0,"gold_gain":0,"player_choice":"Success","damage_taken":3,"relics_obtained":["Darkstone Periapt"],"max_hp_gain":0,"max_hp_loss":0,"event_name":"Scrap Ooze","floor":4,"gold_loss":0},{"damage_healed":0,"gold_gain":0,"player_choice":"Got Potions","damage_taken":0,"max_hp_gain":0,"max_hp_loss":0,"event_name":"Lab","floor":5,"gold_loss":0},{"cards_removed":["Defend_B"],"damage_healed":0,"gold_gain":0,"player_choice":"Gave Gold","damage_taken":0,"max_hp_gain":0,"max_hp_loss":0,"event_name":"Beggar","floor":20,"gold_loss":75},{"damage_healed":0,"gold_gain":0,"player_choice":"Ignored","damage_taken":0,"max_hp_gain":0,"max_hp_loss":0,"event_name":"The Mausoleum","floor":22,"gold_loss":0},{"damage_healed":0,"gold_gain":0,"player_choice":"Traded Relic","damage_taken":0,"relics_obtained":["Nloth\u0027s Gift"],"max_hp_gain":0,"max_hp_loss":0,"event_name":"N\u0027loth","floor":29,"relics_lost":["Ornamental Fan"],"gold_loss":0},{"cards_removed":["Conserve Battery"],"damage_healed":0,"gold_gain":0,"player_choice":"Removed Skill","damage_taken":0,"max_hp_gain":0,"max_hp_loss":0,"event_name":"Falling","floor":37,"gold_loss":0},{"damage_healed":0,"gold_gain":0,"player_choice":"Memory 2","damage_taken":5,"max_hp_gain":0,"max_hp_loss":0,"event_name":"SensoryStone","floor":38,"gold_loss":0},{"damage_healed":0,"gold_gain":0,"player_choice":"Ignored","damage_taken":0,"max_hp_gain":0,"max_hp_loss":0,"event_name":"Tomb of Lord Red Mask","floor":39,"gold_loss":0}],"is_beta":false,"boss_relics":[{"not_picked":["Nuclear Battery","Cursed Key"],"picked":"Empty Cage"},{"not_picked":["FrozenCore","Orrery"],"picked":"Busted Crown"}],"items_purged_floors":[19],"is_endless":false,"potions_floor_spawned":[8,10,11,14,21,23,31,33,35,47,48],"ascension_level":2}