{"gold_per_floor":[369,386,386,397,412,477,477,490,490,490],"floor_reached":10,"playtime":784,"items_purged":[],"score":81,"play_id":"e4999e96-c225-4fca-8641-1b4da2b4c4b7","local_time":"20191009210355","is_ascension_mode":true,"campfire_choices":[{"data":"White Noise","floor":7,"key":"SMITH"}],"neow_cost":"PERCENT_DAMAGE","seed_source_timestamp":386328912955800,"circlet_count":0,"master_deck":["Strike_B","Strike_B","Strike_B","Strike_B","Defend_B","Defend_B","Defend_B","Defend_B","Zap","Dualcast","Chill","BootSequence","White Noise+1","Conserve Battery","Leap"],"relics":["Cracked Core","Tiny Chest","Gambling Chip"],"potions_floor_usage":[],"damage_taken":[{"damage":1,"enemies":"Small Slimes","floor":1,"turns":3},{"damage":1,"enemies":"2 Louse","floor":2,"turns":2},{"damage":0,"enemies":"Jaw Worm","floor":4,"turns":3},{"damage":4,"enemies":"Gremlin Gang","floor":5,"turns":7},{"damage":16,"enemies":"3 Sentries","floor":6,"turns":11},{"damage":0,"enemies":"Exordium Wildlife","floor":8,"turns":3},{"damage":42,"enemies":"Gremlin Nob","floor":10,"turns":3}],"seed_played":"6945674772981001683","potions_obtained":[{"floor":1,"key":"SmokeBomb"},{"floor":6,"key":"PowerPotion"},{"floor":8,"key":"Dexterity Potion"}],"is_trial":false,"path_per_floor":["M","M","?","M","M","E","R","M","T","E"],"character_chosen":"DEFECT","items_purchased":[],"campfire_rested":0,"item_purchase_floors":[],"current_hp_per_floor":[53,52,52,52,48,32,32,32,32,0],"gold":490,"neow_bonus":"TWO_FIFTY_GOLD","is_prod":false,"is_daily":false,"chose_seed":false,"campfire_upgraded":1,"win_rate":0,"timestamp":1570647835,"path_taken":["M","M","?","M","M","E","R","M","T","E"],"build_version":"2019-07-17","purchased_purges":0,"victory":false,"max_hp_per_floor":[75,75,75,75,75,75,75,75,75,75],"card_choices":[{"not_picked":["Melter","Beam Cell"],"picked":"Chill","floor":1},{"not_picked":["Hologram","Auto Shields"],"picked":"BootSequence","floor":2},{"not_picked":["Redo","Steam","Double Energy"],"picked":"SKIP","floor":4},{"not_picked":["Stack","Barrage"],"picked":"White Noise","floor":5},{"not_picked":["Aggregate","Stack"],"picked":"Conserve Battery","floor":6},{"not_picked":["Gash","White Noise"],"picked":"Leap","floor":8}],"player_experience":276925,"relics_obtained":[{"floor":6,"key":"Tiny Chest"},{"floor":9,"key":"Gambling Chip"}],"event_choices":[{"damage_healed":0,"gold_gain":0,"player_choice":"Ignored","damage_taken":0,"max_hp_gain":0,"max_hp_loss":0,"event_name":"Shining Light","floor":3,"gold_loss":0}],"is_beta":false,"boss_relics":[],"items_purged_floors":[],"is_endless":false,"potions_floor_spawned":[1,6,8],"killed_by":"Gremlin Nob","ascension_level":3}