{"gold_per_floor":[116,116,41,41,41,41,73,73,73,84,84,95,114,132,132,228,228,247,247,247,263,163,163,197,197,197,222,295,314,314,189,189,286,286,304,324,341,188,188,188,217,217,217,71,85,104,504,504,504,504],"floor_reached":51,"playtime":3048,"items_purged":["Strike_B","Defend_B","Defend_B"],"score":791,"play_id":"5a9c20b2-54ff-415a-9fbf-e13fa2175ec1","local_time":"20190918132443","is_ascension_mode":false,"campfire_choices":[{"data":"Leap","floor":6,"key":"SMITH"},{"data":"Beam Cell","floor":8,"key":"SMITH"},{"data":"Doom and Gloom","floor":11,"key":"SMITH"},{"data":"Buffer","floor":15,"key":"SMITH"},{"data":"Fission","floor":23,"key":"SMITH"},{"data":"White Noise","floor":25,"key":"SMITH"},{"data":"Defragment","floor":30,"key":"SMITH"},{"data":"Redo","floor":32,"key":"SMITH"},{"data":"Rainbow","floor":40,"key":"SMITH"},{"data":"Redo","floor":42,"key":"SMITH"},{"data":"Barrage","floor":49,"key":"SMITH"}],"neow_cost":"NONE","seed_source_timestamp":336823808927700,"circlet_count":0,"master_deck":["Strike_B","Strike_B","Strike_B","Zap+1","Dualcast","Cold Snap","Leap+1","Beam Cell+1","Doom and Gloom+1","Buffer+1","Compile Driver","Redo+1","Fission+1","Defragment+1","White Noise+1","Self Repair","Cold Snap","Rainbow+1","Compile Driver+1","Redo+1","Barrage+1","Machine Learning+1","FTL","Ball Lightning"],"relics":["Cracked Core","NeowsBlessing","Orichalcum","WingedGreaves","Gremlin Horn","Sozu","Red Mask","Dodecahedron","PreservedInsect","Frozen Egg 2","Inserter","Mango","Meat on the Bone","Pen Nib","Old Coin"],"potions_floor_usage":[13,16],"damage_taken":[{"damage":0,"enemies":"Jaw Worm","floor":1,"turns":1},{"damage":0,"enemies":"3 Sentries","floor":7,"turns":1},{"damage":0,"enemies":"Cultist","floor":10,"turns":1},{"damage":0,"enemies":"Small Slimes","floor":12,"turns":2},{"damage":0,"enemies":"3 Louse","floor":13,"turns":2},{"damage":0,"enemies":"Looter","floor":14,"turns":3},{"damage":0,"enemies":"Slime Boss","floor":16,"turns":5},{"damage":0,"enemies":"Shell Parasite","floor":18,"turns":5},{"damage":12,"enemies":"2 Thieves","floor":21,"turns":3},{"damage":1,"enemies":"Masked Bandits","floor":24,"turns":3},{"damage":11,"enemies":"Gremlin Leader","floor":27,"turns":4},{"damage":0,"enemies":"Centurion and Healer","floor":29,"turns":4},{"damage":18,"enemies":"Collector","floor":33,"turns":10},{"damage":0,"enemies":"Orb Walker","floor":35,"turns":2},{"damage":0,"enemies":"3 Darklings","floor":36,"turns":4},{"damage":3,"enemies":"4 Shapes","floor":37,"turns":5},{"damage":0,"enemies":"Reptomancer","floor":41,"turns":3},{"damage":0,"enemies":"Spire Growth","floor":45,"turns":4},{"damage":9,"enemies":"Jaw Worm Horde","floor":46,"turns":2},{"damage":0,"enemies":"Mind Bloom Boss Battle","floor":47,"turns":6},{"damage":60,"enemies":"Time Eater","floor":50,"turns":11}],"seed_played":"5538857645585525374","potions_obtained":[{"floor":12,"key":"AttackPotion"},{"floor":13,"key":"Regen Potion"}],"is_trial":false,"path_per_floor":["M","?","$","?","?","R","E","R","T","M","R","M","M","M","R","B",null,"M","?","?","M","$","R","?","R","T","E","T","M","R","$","R","B",null,"M","M","M","$","?","R","E","R","T","$","M","M","?","?","R","B",null],"character_chosen":"DEFECT","items_purchased":["Machine Learning+1","Pen Nib"],"campfire_rested":0,"item_purchase_floors":[38,44],"current_hp_per_floor":[75,75,75,75,42,42,42,42,42,42,42,42,42,42,42,56,75,75,75,75,63,63,63,62,62,62,51,51,58,58,58,58,47,75,75,75,75,75,75,75,89,89,89,89,89,80,87,85,85,44],"gold":504,"neow_bonus":"THREE_ENEMY_KILL","is_prod":false,"is_daily":false,"chose_seed":false,"campfire_upgraded":11,"win_rate":0.0,"timestamp":1568834683,"path_taken":["M","?","?","?","?","R","E","R","T","M","R","M","M","M","R","BOSS","M","?","?","M","$","R","?","R","T","E","?","M","R","$","R","BOSS","M","M","M","$","?","R","E","R","T","$","M","?","?","?","R","BOSS"],"build_version":"2019-07-17","purchased_purges":3,"victory":true,"max_hp_per_floor":[75,75,75,75,75,75,75,75,75,75,75,75,75,75,75,75,75,75,75,75,75,75,75,75,75,75,75,75,75,75,75,75,75,75,75,75,75,75,75,75,89,89,89,89,89,89,89,85,85,85],"card_choices":[{"not_picked":["Steam","Reprogram"],"picked":"Cold Snap","floor":1},{"not_picked":["Storm","Chaos"],"picked":"Beam Cell","floor":7},{"not_picked":["Compile Driver","Stack"],"picked":"Doom and Gloom","floor":10},{"not_picked":["Conserve Battery","Aggregate"],"picked":"Buffer","floor":12},{"not_picked":["Redo","Auto Shields"],"picked":"Compile Driver","floor":13},{"not_picked":["Loop","Compile Driver"],"picked":"Redo","floor":14},{"not_picked":["Buffer","Electrodynamics"],"picked":"Fission","floor":16},{"not_picked":["Heatsinks","Sweeping Beam+1","Self Repair"],"picked":"SKIP","floor":18},{"not_picked":["Go for the Eyes","Consume","Doom and Gloom"],"picked":"SKIP","floor":21},{"not_picked":["Leap","Beam Cell"],"picked":"White Noise","floor":24},{"not_picked":["Fusion","Self Repair","Reprogram+1"],"picked":"SKIP","floor":27},{"not_picked":["Fusion","Reprogram+1"],"picked":"Self Repair","floor":27},{"not_picked":["Chaos","Leap"],"picked":"Cold Snap","floor":29},{"not_picked":["Electrodynamics+1","Fission"],"picked":"Rainbow","floor":33},{"not_picked":["Conserve Battery+1","Gash+1"],"picked":"Compile Driver+1","floor":35},{"not_picked":["Melter","Auto Shields+1"],"picked":"Redo","floor":36},{"not_picked":["Steam","Double Energy"],"picked":"Barrage","floor":37},{"not_picked":["Leap+1","Buffer+1"],"picked":"Ball Lightning","floor":41},{"not_picked":["Streamline","Steam","Conserve Battery+1"],"picked":"SKIP","floor":45},{"not_picked":["Conserve Battery+1","Reprogram+1","Streamline"],"picked":"SKIP","floor":46}],"player_experience":8474,"relics_obtained":[{"floor":7,"key":"WingedGreaves"},{"floor":9,"key":"Gremlin Horn"},{"floor":24,"key":"Red Mask"},{"floor":26,"key":"Dodecahedron"},{"floor":27,"key":"PreservedInsect"},{"floor":28,"key":"Frozen Egg 2"},{"floor":41,"key":"Mango"},{"floor":43,"key":"Meat on the Bone"},{"floor":47,"key":"Old Coin"}],"event_choices":[{"damage_healed":0,"gold_gain":0,"player_choice":"Forge","damage_taken":0,"max_hp_gain":0,"max_hp_loss":0,"event_name":"Accursed Blacksmith","floor":2,"gold_loss":0,"cards_upgraded":["Zap"]},{"damage_healed":0,"gold_gain":0,"cards_transformed":["Defend_B"],"player_choice":"Change","damage_taken":0,"max_hp_gain":0,"max_hp_loss":0,"event_name":"Living Wall","floor":4,"gold_loss":0,"cards_obtained":["Leap"]},{"damage_healed":0,"gold_gain":0,"player_choice":"Success","damage_taken":33,"relics_obtained":["Orichalcum"],"max_hp_gain":0,"max_hp_loss":0,"event_name":"Scrap Ooze","floor":5,"gold_loss":0},{"damage_healed":0,"gold_gain":0,"player_choice":"Ignored","damage_taken":0,"max_hp_gain":0,"max_hp_loss":0,"event_name":"Ghosts","floor":19,"gold_loss":0},{"damage_healed":0,"gold_gain":0,"player_choice":"Read","damage_taken":0,"max_hp_gain":0,"max_hp_loss":0,"event_name":"The Library","floor":20,"gold_loss":0,"cards_obtained":["Defragment"]},{"damage_healed":0,"gold_gain":0,"player_choice":"Fought Bandits","damage_taken":0,"max_hp_gain":0,"max_hp_loss":0,"event_name":"Masked Bandits","floor":24,"gold_loss":0},{"damage_healed":0,"gold_gain":0,"cards_transformed":["Defend_B"],"player_choice":"Transformed","damage_taken":0,"max_hp_gain":0,"max_hp_loss":0,"event_name":"Transmorgrifier","floor":39,"gold_loss":0,"cards_obtained":["FTL"]},{"damage_healed":0,"gold_gain":0,"player_choice":"Fight","damage_taken":0,"max_hp_gain":0,"max_hp_loss":0,"event_name":"MindBloom","floor":47,"gold_loss":0},{"damage_healed":0,"gold_gain":0,"player_choice":"Max HP","damage_taken":0,"max_hp_gain":0,"max_hp_loss":4,"event_name":"Winding Halls","floor":48,"gold_loss":0}],"is_beta":false,"boss_relics":[{"not_picked":["White Beast Statue","Empty Cage"],"picked":"Sozu"},{"not_picked":["Runic Pyramid","Calling Bell"],"picked":"Inserter"}],"items_purged_floors":[3,22,31],"is_endless":false,"potions_floor_spawned":[12,13,24,27,29,36,45,46],"ascension_level":0}