{"gold_per_floor":[111,111,0,16,35,35,50,81,81,81,92,106,106,116,116,214,214,199,199,199,217,242,242,260,271,271,33,51,51,61,61,61,61],"floor_reached":33,"playtime":2882,"items_purged":["Strike_G"],"score":253,"play_id":"142015c8-0c09-4be8-af16-ccde9e3e8603","local_time":"20190930164248","is_ascension_mode":false,"campfire_choices":[{"data":"Cloak And Dagger","floor":6,"key":"SMITH"},{"data":"Deflect","floor":10,"key":"SMITH"},{"data":"Cloak And Dagger","floor":13,"key":"SMITH"},{"data":"Deadly Poison","floor":15,"key":"SMITH"},{"data":"Noxious Fumes","floor":23,"key":"SMITH"},{"floor":29,"key":"REST"},{"floor":32,"key":"REST"}],"neow_cost":"NONE","seed_source_timestamp":323834563272500,"circlet_count":0,"master_deck":["Strike_G","Strike_G","Strike_G","Strike_G","Defend_G","Defend_G","Defend_G","Defend_G","Defend_G","Survivor","Neutralize+1","Deadly Poison+1","Infinite Blades","Cloak And Dagger+1","Cloak And Dagger+1","Backflip","Deflect+1","Blade Dance","Burst","Adrenaline","Poisoned Stab","Deadly Poison","Noxious Fumes+1","Deflect+1","Deadly Poison"],"relics":["Ring of the Snake","FossilizedHelix","Ice Cream","Runic Pyramid","Red Mask","Letter Opener","Mercury Hourglass"],"potions_floor_usage":[8,16,22,28,31,33],"damage_taken":[{"damage":0,"enemies":"Small Slimes","floor":1,"turns":5},{"damage":0,"enemies":"Jaw Worm","floor":4,"turns":5},{"damage":0,"enemies":"2 Louse","floor":5,"turns":3},{"damage":0,"enemies":"2 Fungi Beasts","floor":7,"turns":4},{"damage":9,"enemies":"3 Sentries","floor":8,"turns":10},{"damage":0,"enemies":"Exordium Wildlife","floor":11,"turns":5},{"damage":0,"enemies":"Lots of Slimes","floor":12,"turns":5},{"damage":0,"enemies":"Blue Slaver","floor":14,"turns":4},{"damage":46,"enemies":"Hexaghost","floor":16,"turns":12},{"damage":0,"enemies":"2 Thieves","floor":18,"turns":4},{"damage":0,"enemies":"Shell Parasite","floor":21,"turns":6},{"damage":40,"enemies":"Masked Bandits","floor":22,"turns":6},{"damage":20,"enemies":"Centurion and Healer","floor":24,"turns":6},{"damage":5,"enemies":"Snake Plant","floor":25,"turns":4},{"damage":0,"enemies":"3 Cultists","floor":28,"turns":4},{"damage":22,"enemies":"Snecko","floor":30,"turns":7},{"damage":0,"enemies":"Centurion and Healer","floor":31,"turns":1},{"damage":27,"enemies":"Champ","floor":33,"turns":8}],"seed_played":"7164167044664174492","potions_obtained":[{"floor":1,"key":"Weak Potion"},{"floor":5,"key":"Block Potion"},{"floor":14,"key":"SmokeBomb"},{"floor":21,"key":"GhostInAJar"},{"floor":25,"key":"AttackPotion"},{"floor":30,"key":"SkillPotion"}],"is_trial":false,"path_per_floor":["M","?","$","M","M","R","M","E","T","R","M","M","R","M","R","B",null,"M","?","?","M","?","R","M","M","T","$","M","R","M","M","R","B"],"character_chosen":"THE_SILENT","items_purchased":["Infinite Blades","Mercury Hourglass"],"campfire_rested":2,"item_purchase_floors":[3,27],"current_hp_per_floor":[70,70,70,70,70,70,70,61,61,61,61,61,61,61,61,15,70,70,70,70,70,30,30,10,5,5,5,5,26,4,4,25,0],"gold":61,"neow_bonus":"UPGRADE_CARD","is_prod":false,"is_daily":false,"chose_seed":false,"campfire_upgraded":5,"win_rate":0,"timestamp":1569854568,"path_taken":["M","?","$","M","M","R","M","E","T","R","M","M","R","M","R","BOSS","M","?","?","M","?","R","?","M","T","$","M","R","M","?","R","BOSS"],"build_version":"2019-07-17","purchased_purges":1,"victory":false,"max_hp_per_floor":[70,70,70,70,70,70,70,70,70,70,70,70,70,70,70,70,70,70,70,70,70,70,70,70,70,70,70,70,70,70,70,70,70],"card_choices":[{"not_picked":["Blade Dance","Dodge and Roll"],"picked":"Deadly Poison","floor":1},{"not_picked":["Underhanded Strike","Dash"],"picked":"Cloak And Dagger","floor":4},{"not_picked":["Prepared","Crippling Poison"],"picked":"Cloak And Dagger","floor":5},{"not_picked":["Quick Slash","Dodge and Roll"],"picked":"Backflip","floor":7},{"not_picked":["Dagger Throw","Envenom"],"picked":"Deflect","floor":8},{"not_picked":["Tactician","Acrobatics","Quick Slash"],"picked":"SKIP","floor":11},{"not_picked":["Sucker Punch","Flying Knee"],"picked":"Blade Dance","floor":12},{"not_picked":["Quick Slash","Backstab"],"picked":"Burst","floor":14},{"not_picked":["Night Terror","Die Die Die"],"picked":"Adrenaline","floor":16},{"not_picked":["Crippling Poison","Cloak And Dagger"],"picked":"Poisoned Stab","floor":18},{"not_picked":["Poisoned Stab","Quick Slash","Heel Hook+1"],"picked":"SKIP","floor":21},{"not_picked":["Bane","Skewer"],"picked":"Noxious Fumes","floor":22},{"not_picked":["Bane+1","Distraction"],"picked":"Deflect+1","floor":24},{"not_picked":["Caltrops","Acrobatics+1","Blade Dance"],"picked":"SKIP","floor":25},{"not_picked":["Slice","Dodge and Roll","Dash"],"picked":"SKIP","floor":28},{"not_picked":["Infinite Blades","Dagger Throw"],"picked":"Deadly Poison","floor":30}],"player_experience":93260,"relics_obtained":[{"floor":8,"key":"FossilizedHelix"},{"floor":9,"key":"Ice Cream"},{"floor":22,"key":"Red Mask"},{"floor":26,"key":"Letter Opener"}],"event_choices":[{"damage_healed":0,"gold_gain":0,"player_choice":"Ignored","damage_taken":0,"max_hp_gain":0,"max_hp_loss":0,"event_name":"Liars Game","floor":2,"gold_loss":0},{"damage_healed":0,"gold_gain":0,"player_choice":"Read","damage_taken":0,"max_hp_gain":0,"max_hp_loss":0,"event_name":"The Library","floor":19,"gold_loss":0,"cards_obtained":["Deadly Poison"]},{"damage_healed":0,"gold_gain":0,"player_choice":"Ignored","damage_taken":0,"max_hp_gain":0,"max_hp_loss":0,"event_name":"Ghosts","floor":20,"gold_loss":0},{"damage_healed":0,"gold_gain":0,"player_choice":"Fought Bandits","damage_taken":0,"max_hp_gain":0,"max_hp_loss":0,"event_name":"Masked Bandits","floor":22,"gold_loss":0}],"is_beta":false,"boss_relics":[{"not_picked":["Cursed Key","Snecko Eye"],"picked":"Runic Pyramid"}],"items_purged_floors":[3],"is_endless":false,"potions_floor_spawned":[1,5,14,21,25,30],"killed_by":"Champ","ascension_level":0}