{"path_per_floor":["M","M","M","$","?","E","R","E","T","M","E","M","R","?","R","B",null,"M","?","M","M","$","R","E","R","T","R","E","R","?","?","R","B",null,"M","$","?","?","?","E","R","E","T","$","R","E","M","?","R","B"],"character_chosen":"THE_SILENT","items_purchased":["Escape Plan","Happy Flower","Anchor","Block Potion"],"gold_per_floor":[109,120,135,23,23,54,54,83,109,79,105,116,116,66,66,167,167,177,177,192,203,50,50,81,81,137,137,172,172,172,97,97,200,200,220,27,0,0,0,27,27,59,59,59,59,91,106,106,106,106],"floor_reached":51,"campfire_rested":8,"playtime":2714,"current_hp_per_floor":[64,64,64,64,50,23,44,35,35,33,17,15,36,36,57,38,62,51,38,18,10,10,32,14,36,36,58,60,60,60,60,60,8,58,47,47,47,47,38,46,70,59,59,59,59,3,5,5,29,4],"items_purged":["Strike_G"],"gold":106,"score":834,"play_id":"8963d400-f0c7-4517-910a-ded69c186df1","is_prod":false,"is_daily":false,"is_ascension_mode":true,"campfire_upgraded":3,"path_taken":["M","M","M","$","?","E","R","E","T","M","E","M","R","?","R","BOSS","M","?","M","M","$","R","E","R","T","R","E","R","?","?","R","BOSS","M","$","?","?","?","E","R","E","T","?","R","E","M","?","R","BOSS"],"build_version":"2018-02-08-PROD1","purchased_purges":1,"victory":true,"master_deck":["Defend_G+1","Defend_G","Defend_G","Defend_G","Strike_G+1","Survivor+1","Neutralize","Caltrops+1","Escape Plan","Dagger Throw+1","Terror+1","Backflip","A Thousand Cuts+1","Wraith Form+1","PiercingWail","Blur","Acrobatics+1","Well Laid Plans","Bullet Time+1","Burst+1","Unload+1","Riddle With Holes+1","Wraith Form+1","Madness","Madness","Backflip","Blur+1","PiercingWail"],"max_hp_per_floor":[70,70,70,70,70,70,70,70,70,70,70,70,70,70,70,70,70,70,75,75,75,75,75,75,75,75,75,75,75,75,75,75,75,75,75,75,75,75,75,82,82,82,82,82,82,82,82,82,82,82],"relics":["Black Star","Unceasing Top","Ginger","Juzu Bracelet","Pen Nib","Bronze Scales","Bag of Marbles","Ancient Tea Set","Cursed Key","Happy Flower","Blood Vial","Dream Catcher","Tiny Chest","Snake Skull","War Paint","Spirit Poop","Astrolabe","Anchor","Red Mask","Strawberry","Omamori","Art of War","Vajra","Shovel","Whetstone","Orichalcum"],"card_choices":[{"not_picked":["Slice","Catalyst"],"picked":"Caltrops"},{"not_picked":["Slice","Outmaneuver"],"picked":"Dagger Throw"},{"not_picked":["Slice","Sucker Punch"],"picked":"Terror"},{"not_picked":["Leg Sweep","PiercingWail"],"picked":"Backflip"},{"not_picked":["Skewer","Malaise"],"picked":"A Thousand Cuts"},{"not_picked":["Venomology","Burst"],"picked":"Wraith Form"},{"not_picked":["Sucker Punch","Concentrate"],"picked":"PiercingWail"},{"not_picked":["Eviscerate","Dagger Throw"],"picked":"Blur"},{"not_picked":["Noxious Fumes","Distraction"],"picked":"Acrobatics"},{"not_picked":["Dodge and Roll","Leg Sweep"],"picked":"Well Laid Plans"},{"not_picked":["Distraction","Backflip"],"picked":"Outmaneuver"},{"not_picked":["Grand Finale","A Thousand Cuts"],"picked":"Bullet Time"},{"not_picked":["Slice","Dagger Spray"],"picked":"Backflip"},{"not_picked":["Well Laid Plans","Crippling Poison"],"picked":"Blur"},{"not_picked":["Bane","Deadly Poison"],"picked":"PiercingWail"}],"player_experience":144916,"potions_floor_usage":[6,8,11,16,24,33,40,40,50,50,50],"damage_taken":[{"damage":6,"enemies":"2 Louse","floor":1,"turns":4},{"damage":0,"enemies":"Jaw Worm","floor":2,"turns":5},{"damage":0,"enemies":"Small Slimes","floor":3,"turns":3},{"damage":27,"enemies":"Gremlin Nob","floor":6,"turns":6},{"damage":9,"enemies":"3 Sentries","floor":8,"turns":8},{"damage":2,"enemies":"Looter","floor":10,"turns":4},{"damage":16,"enemies":"Gremlin Nob","floor":11,"turns":3},{"damage":2,"enemies":"Large Slime","floor":12,"turns":5},{"damage":19,"enemies":"Slime Boss","floor":16,"turns":10},{"damage":11,"enemies":"3 Byrds","floor":18,"turns":3},{"damage":20,"enemies":"Chosen","floor":20,"turns":5},{"damage":8,"enemies":"Snake Plant","floor":21,"turns":4},{"damage":18,"enemies":"Book of Stabbing","floor":24,"turns":5},{"damage":0,"enemies":"Gremlin Leader","floor":28,"turns":8},{"damage":54,"enemies":"Champ","floor":33,"turns":11},{"damage":13,"enemies":"3 Darklings","floor":35,"turns":6},{"damage":1,"enemies":"Giant Head","floor":40,"turns":7},{"damage":13,"enemies":"Nemesis","floor":42,"turns":7},{"damage":58,"enemies":"2 Orb Walkers","floor":46,"turns":5},{"damage":0,"enemies":"3 Shapes","floor":47,"turns":4},{"damage":27,"enemies":"Donu and Deca","floor":50,"turns":7}],"event_choices":[{"event_name":"Shining Light","player_choice":"Entered Light","floor":5,"damage_taken":0},{"event_name":"The Cleric","player_choice":"Card Removal","floor":14,"damage_taken":0},{"event_name":"Forgotten Altar","player_choice":"Shed Blood","floor":19,"damage_taken":0},{"event_name":"Bonfire Elementals","player_choice":"CURSE","floor":30,"damage_taken":0},{"event_name":"Beggar","player_choice":"Gave Gold","floor":31,"damage_taken":0},{"event_name":"Tomb of Lord Red Mask","player_choice":"Paid","floor":37,"damage_taken":0},{"event_name":"Duplicator","player_choice":"One dupe","floor":38,"damage_taken":0},{"event_name":"Winding Halls","player_choice":"Embrace Madness","floor":39,"damage_taken":0},{"event_name":"Mysterious Sphere","player_choice":"Ignore","floor":48,"damage_taken":0}],"boss_relics":[{"not_picked":["Eternal Feather","Question Card"],"picked":"Cursed Key"},{"not_picked":["Snecko Eye","Velvet Choker"],"picked":"Astrolabe"}],"potions_floor_spawned":[1,6,8,11,16,28,33,35,40,46,47],"seed_played":"1272619918474756866","ascension_level":5,"is_trial":false}