{"gold_per_floor":[113,42,8,25,25,25,47,80,103,162,162,180,210,227,227,332,332,345,358,448,32,49,79,97,97,97,97,112,112],"floor_reached":29,"playtime":1401,"items_purged":["Strike_B"],"score":263,"play_id":"25e4c7e0-afc6-4078-b23f-cf17213b5f56","local_time":"20191002211406","is_ascension_mode":false,"campfire_choices":[{"data":"Zap","floor":6,"key":"SMITH"},{"data":"Gash","floor":11,"key":"SMITH"},{"floor":15,"key":"REST"},{"data":"Hologram","floor":25,"key":"SMITH"},{"data":"Streamline","floor":27,"key":"SMITH"}],"neow_cost":"NONE","seed_source_timestamp":514396056261200,"circlet_count":0,"master_deck":["Strike_B","Strike_B","Strike_B","Defend_B","Defend_B","Defend_B","Defend_B","Zap+1","Dualcast","Beam Cell","FTL","BootSequence","Gash+1","Streamline+1","Hologram+1","All For One","FTL","Hologram","Gash+1","Rebound"],"relics":["Cracked Core","Shuriken","Odd Mushroom","Ancient Tea Set","Vajra","Tiny Chest","Kunai","Orrery","DollysMirror","Blood Vial","Omamori","Pear"],"potions_floor_usage":[8,18,22,22,23,28,29],"damage_taken":[{"damage":1,"enemies":"Jaw Worm","floor":1,"turns":3},{"damage":0,"enemies":"2 Louse","floor":4,"turns":3},{"damage":9,"enemies":"The Mushroom Lair","floor":7,"turns":3},{"damage":8,"enemies":"Lagavulin","floor":8,"turns":7},{"damage":11,"enemies":"Gremlin Nob","floor":10,"turns":3},{"damage":0,"enemies":"Small Slimes","floor":12,"turns":2},{"damage":22,"enemies":"3 Sentries","floor":13,"turns":6},{"damage":3,"enemies":"Red Slaver","floor":14,"turns":3},{"damage":18,"enemies":"Hexaghost","floor":16,"turns":9},{"damage":5,"enemies":"Spheric Guardian","floor":18,"turns":3},{"damage":0,"enemies":"Chosen","floor":19,"turns":3},{"damage":17,"enemies":"Centurion and Healer","floor":22,"turns":3},{"damage":1,"enemies":"Gremlin Leader","floor":23,"turns":5},{"damage":1,"enemies":"3 Cultists","floor":24,"turns":4},{"damage":15,"enemies":"Snake Plant","floor":28,"turns":3},{"damage":42,"enemies":"Slavers","floor":29,"turns":3}],"seed_played":"8267106860683609211","potions_obtained":[{"floor":4,"key":"LiquidBronze"},{"floor":8,"key":"FearPotion"},{"floor":10,"key":"Dexterity Potion"},{"floor":13,"key":"Block Potion"},{"floor":14,"key":"Poison Potion"},{"floor":22,"key":"SteroidPotion"},{"floor":23,"key":"AttackPotion"}],"is_trial":false,"path_per_floor":["M","$","?","M","T","R","?","E","T","E","R","M","E","M","R","B",null,"M","M","?","$","M","E","M","R","T","R","M","E"],"character_chosen":"DEFECT","items_purchased":["FTL","DollysMirror","Blood Vial"],"campfire_rested":1,"item_purchase_floors":[2,21,21],"current_hp_per_floor":[74,74,74,74,74,74,65,57,57,46,46,46,24,21,43,25,75,70,70,49,49,34,35,36,36,46,46,33,0],"gold":112,"neow_bonus":"THREE_CARDS","is_prod":false,"is_daily":false,"chose_seed":false,"campfire_upgraded":4,"win_rate":0.0,"timestamp":1570043646,"path_taken":["M","$","?","M","?","R","?","E","T","E","R","M","E","M","R","BOSS","M","M","?","$","?","E","M","R","T","R","M","E"],"build_version":"2019-07-17","purchased_purges":1,"victory":false,"max_hp_per_floor":[75,75,75,75,75,75,75,75,75,75,75,75,75,75,75,75,75,75,75,75,75,75,75,75,75,85,85,85,85],"card_choices":[{"not_picked":["Stack","Sweeping Beam"],"picked":"Beam Cell","floor":1},{"not_picked":["Melter","Redo","Coolheaded"],"picked":"SKIP","floor":4},{"not_picked":["Turbo","Undo"],"picked":"BootSequence","floor":7},{"not_picked":["Reboot","Tempest"],"picked":"Gash","floor":8},{"not_picked":["Cold Snap","Loop","Doom and Gloom"],"picked":"SKIP","floor":10},{"not_picked":["Turbo","Go for the Eyes"],"picked":"Streamline","floor":12},{"not_picked":["Double Energy","Steam Power","Storm"],"picked":"SKIP","floor":13},{"not_picked":["Reprogram","Coolheaded"],"picked":"Hologram","floor":14},{"not_picked":["Rainbow","Creative AI"],"picked":"All For One","floor":16},{"not_picked":["Cold Snap","Turbo"],"picked":"FTL","floor":17},{"not_picked":["Sweeping Beam+1","Recycle","Compile Driver+1"],"picked":"SKIP","floor":18},{"not_picked":["Blizzard","Thunder Strike"],"picked":"Hologram","floor":19},{"not_picked":["Hologram","Double Energy","Streamline"],"picked":"SKIP","floor":22},{"not_picked":["Coolheaded","Stack","Doom and Gloom"],"picked":"SKIP","floor":23},{"not_picked":["Barrage","Go for the Eyes"],"picked":"Rebound","floor":24},{"not_picked":["Hello World","Defragment","Heatsinks"],"picked":"SKIP","floor":28}],"player_experience":149393,"relics_obtained":[{"floor":5,"key":"Shuriken"},{"floor":7,"key":"Odd Mushroom"},{"floor":8,"key":"Ancient Tea Set"},{"floor":9,"key":"Vajra"},{"floor":10,"key":"Tiny Chest"},{"floor":13,"key":"Kunai"},{"floor":23,"key":"Omamori"},{"floor":26,"key":"Pear"}],"event_choices":[{"damage_healed":0,"gold_gain":0,"player_choice":"Left Gold","damage_taken":0,"max_hp_gain":0,"max_hp_loss":0,"event_name":"World of Goop","floor":3,"gold_loss":34},{"damage_healed":0,"gold_gain":0,"player_choice":"Fought Mushrooms","damage_taken":0,"max_hp_gain":0,"max_hp_loss":0,"event_name":"Mushrooms","floor":7,"gold_loss":0},{"damage_healed":0,"gold_gain":90,"player_choice":"GOLD POTION ","damage_taken":21,"max_hp_gain":0,"max_hp_loss":0,"event_name":"Knowing Skull","floor":20,"potions_obtained":["Strength Potion"],"gold_loss":0,"cards_obtained":[]}],"is_beta":false,"boss_relics":[{"not_picked":["Runic Pyramid","Cursed Key"],"picked":"Orrery"}],"items_purged_floors":[21],"is_endless":false,"potions_floor_spawned":[4,8,10,13,14,22,23],"killed_by":"Slavers","ascension_level":0}