{"gold_per_floor":[214,214,226,151,170,170,186,268,313,6,6,56,82,92,92,165,165,179,179],"floor_reached":19,"playtime":507,"items_purged":["Strike_B"],"score":334,"play_id":"acbe1727-a81e-4caf-a208-d9bfa6d53377","local_time":"20190925133214","is_ascension_mode":true,"campfire_choices":[{"data":"Zap","floor":6,"key":"SMITH"},{"data":"Beam Cell","floor":11,"key":"SMITH"},{"data":"Recycle","floor":15,"key":"SMITH"}],"neow_cost":"NONE","seed_source_timestamp":249768358895304,"circlet_count":0,"master_deck":["AscendersBane","Strike_B","Strike_B","Defend_B","Defend_B","Defend_B","Defend_B","Zap+1","Dualcast","Beam Cell+1","Cold Snap","Recycle+1","Self Repair","Hello World","Loop","Electrodynamics","Gash"],"relics":["Cracked Core","Gremlin Horn","DataDisk","Toy Ornithopter","Sozu"],"potions_floor_usage":[],"damage_taken":[{"damage":0,"enemies":"Small Slimes","floor":1,"turns":3},{"damage":0,"enemies":"Jaw Worm","floor":3,"turns":3},{"damage":6,"enemies":"Cultist","floor":5,"turns":4},{"damage":15,"enemies":"3 Louse","floor":7,"turns":4},{"damage":17,"enemies":"3 Sentries","floor":13,"turns":11},{"damage":0,"enemies":"2 Fungi Beasts","floor":14,"turns":3},{"damage":21,"enemies":"The Guardian","floor":16,"turns":14},{"damage":54,"enemies":"Chosen","floor":18,"turns":6},{"damage":19,"enemies":"Spheric Guardian","floor":19,"turns":3}],"seed_played":"-2231833764177471528","potions_obtained":[{"floor":3,"key":"LiquidBronze"},{"floor":7,"key":"Dexterity Potion"}],"is_trial":false,"path_per_floor":["M","?","M","?","M","R","M","T","T","$","R","?","E","M","R","B",null,"M","M"],"character_chosen":"DEFECT","items_purchased":["DataDisk","Self Repair"],"campfire_rested":0,"item_purchase_floors":[10,10],"current_hp_per_floor":[64,69,69,69,63,63,48,48,48,48,48,41,31,38,38,24,63,16,0],"gold":179,"neow_bonus":"HUNDRED_GOLD","is_prod":false,"is_daily":false,"chose_seed":false,"campfire_upgraded":3,"win_rate":0,"timestamp":1569389534,"path_taken":["M","?","M","?","M","R","M","?","T","$","R","?","E","?","R","BOSS","M","M"],"build_version":"2019-09-24","purchased_purges":1,"victory":false,"max_hp_per_floor":[71,76,76,76,76,76,76,76,76,76,76,76,76,76,76,76,76,76,76],"card_choices":[{"not_picked":["Stack","Sweeping Beam"],"picked":"Beam Cell","floor":1},{"not_picked":["Beam Cell","Rebound","Steam"],"picked":"SKIP","floor":3},{"not_picked":["Redo","Storm"],"picked":"Cold Snap","floor":5},{"not_picked":["Doom and Gloom","Reinforced Body"],"picked":"Recycle","floor":7},{"not_picked":["Gash","Steam"],"picked":"Hello World","floor":13},{"not_picked":["Compile Driver","Beam Cell"],"picked":"Loop","floor":14},{"not_picked":["Fission","Hyperbeam"],"picked":"Electrodynamics","floor":16},{"not_picked":["Steam Power","FTL"],"picked":"Gash","floor":18}],"player_experience":990987,"relics_obtained":[{"floor":8,"key":"Gremlin Horn"},{"floor":13,"key":"Toy Ornithopter"}],"event_choices":[{"damage_healed":0,"gold_gain":0,"player_choice":"Donut","damage_taken":0,"max_hp_gain":5,"max_hp_loss":0,"event_name":"Big Fish","floor":2,"gold_loss":0},{"cards_removed":["Strike_B"],"damage_healed":0,"gold_gain":0,"player_choice":"Card Removal","damage_taken":0,"max_hp_gain":0,"max_hp_loss":0,"event_name":"The Cleric","floor":4,"gold_loss":75},{"damage_healed":0,"gold_gain":50,"player_choice":"Touch","damage_taken":7,"max_hp_gain":0,"max_hp_loss":0,"event_name":"FaceTrader","floor":12,"gold_loss":0}],"is_beta":true,"boss_relics":[{"not_picked":["Philosopher\u0027s Stone","Ectoplasm"],"picked":"Sozu"}],"items_purged_floors":[10],"is_endless":false,"potions_floor_spawned":[3,7,14,18],"killed_by":"Spheric Guardian","ascension_level":20}