{"gold_per_floor":[112,112,125,59,6,6,56,56,131,195,195,230,280,330,330,330],"floor_reached":16,"playtime":154,"items_purged":["Strike_R"],"score":192,"play_id":"df4d2a60-d8f6-46a1-9379-9f028cbc6896","local_time":"20190927120821","is_ascension_mode":true,"campfire_choices":[{"data":"True Grit","floor":6,"key":"SMITH"},{"data":"Power Through","floor":8,"key":"SMITH"},{"data":"Corruption","floor":11,"key":"SMITH"},{"floor":15,"key":"REST"}],"neow_cost":"NONE","seed_source_timestamp":417890812299662,"circlet_count":0,"master_deck":["AscendersBane","Strike_R+1","Strike_R","Strike_R+1","Strike_R","Defend_R","Defend_R","Defend_R","Defend_R","Bash","Power Through+1","Corruption+1","True Grit+1","Pain"],"relics":["Burning Blood","NeowsBlessing","SsserpentHead","WarpedTongs","Shuriken","Boot"],"potions_floor_usage":[],"damage_taken":[{"damage":0,"enemies":"Jaw Worm","floor":1,"turns":1},{"damage":0,"enemies":"Cultist","floor":3,"turns":1},{"damage":2,"enemies":"2 Louse","floor":10,"turns":1},{"damage":56,"enemies":"Gremlin Nob","floor":12,"turns":5},{"damage":36,"enemies":"The Guardian","floor":16,"turns":2}],"seed_played":"-2177172810336078985","potions_obtained":[{"floor":12,"key":"Energy Potion"}],"is_trial":false,"path_per_floor":["M","?","M","$","$","R","?","R","T","M","R","E","?","?","R","B"],"character_chosen":"IRONCLAD","items_purchased":["Corruption","True Grit"],"campfire_rested":1,"item_purchase_floors":[4,5],"current_hp_per_floor":[74,74,75,75,75,75,75,75,75,75,75,25,2,2,24,0],"gold":330,"neow_bonus":"THREE_ENEMY_KILL","is_prod":false,"is_daily":false,"chose_seed":false,"campfire_upgraded":3,"win_rate":0,"timestamp":1569557301,"path_taken":["M","?","M","?","$","R","?","R","T","?","R","E","?","?","R","BOSS"],"build_version":"2019-09-26","purchased_purges":1,"victory":false,"max_hp_per_floor":[75,75,75,75,75,75,75,75,75,75,75,75,75,75,75,75],"card_choices":[{"not_picked":["Wild Strike","Havoc","Flex"],"picked":"SKIP","floor":1},{"not_picked":["Spot Weakness","True Grit"],"picked":"Power Through","floor":3},{"not_picked":["Clash","Thunderclap","Bloodletting"],"picked":"SKIP","floor":10},{"not_picked":["Clash","Thunderclap","Bloodletting"],"picked":"SKIP","floor":10},{"not_picked":["True Grit","Infernal Blade","Sword Boomerang"],"picked":"SKIP","floor":12}],"player_experience":1020761,"relics_obtained":[{"floor":9,"key":"Shuriken"},{"floor":12,"key":"Boot"}],"event_choices":[{"damage_healed":0,"gold_gain":0,"player_choice":"Trade","damage_taken":0,"relics_obtained":["SsserpentHead"],"max_hp_gain":0,"max_hp_loss":0,"event_name":"FaceTrader","floor":2,"gold_loss":0},{"damage_healed":0,"gold_gain":0,"player_choice":"Rummage","damage_taken":0,"relics_obtained":["WarpedTongs"],"max_hp_gain":0,"max_hp_loss":0,"event_name":"Accursed Blacksmith","floor":7,"gold_loss":0,"cards_obtained":["Pain"]},{"damage_healed":0,"gold_gain":0,"player_choice":"Entered Light","damage_taken":23,"max_hp_gain":0,"max_hp_loss":0,"event_name":"Shining Light","floor":13,"gold_loss":0,"cards_upgraded":["Strike_R","Strike_R"]},{"damage_healed":0,"gold_gain":0,"player_choice":"Ignored","damage_taken":0,"max_hp_gain":0,"max_hp_loss":0,"event_name":"Golden Wing","floor":14,"gold_loss":0}],"is_beta":true,"boss_relics":[],"items_purged_floors":[4],"is_endless":false,"potions_floor_spawned":[12],"killed_by":"The Guardian","ascension_level":20}