{"gold_per_floor":[113,113,127,147,166,196,53,53,53,84,84,99,110,128,128,232,232,251,251,251,266,16,16,16],"floor_reached":24,"playtime":906,"items_purged":[],"score":374,"play_id":"af10ef30-b31b-4fd5-8bde-995a0ac4f4b1","local_time":"20191013184819","is_ascension_mode":true,"campfire_choices":[{"floor":8,"key":"REST"},{"data":"Core Surge","floor":11,"key":"SMITH"},{"data":"Biased Cognition","floor":15,"key":"SMITH"},{"floor":23,"key":"REST"}],"neow_cost":"PERCENT_DAMAGE","seed_source_timestamp":171831745631200,"circlet_count":0,"master_deck":["Strike_B","Strike_B","Defend_B","Defend_B","Defend_B","Defend_B","Zap","Dualcast","FTL+1","Thunder Strike","Glacier","Melter","Sunder","Conserve Battery","Biased Cognition+1","Core Surge+1","Steam Power","Storm","Aggregate","Tempest","Amplify","Ball Lightning","Lockon+1"],"relics":["Cracked Core","Vajra","Meat on the Bone","FossilizedHelix","Philosopher\u0027s Stone","Bottled Flame"],"potions_floor_usage":[16,18,24],"damage_taken":[{"damage":8,"enemies":"Small Slimes","floor":1,"turns":3},{"damage":1,"enemies":"Jaw Worm","floor":3,"turns":4},{"damage":0,"enemies":"2 Louse","floor":4,"turns":3},{"damage":17,"enemies":"Lots of Slimes","floor":5,"turns":4},{"damage":13,"enemies":"Gremlin Nob","floor":6,"turns":4},{"damage":15,"enemies":"Lagavulin","floor":10,"turns":4},{"damage":14,"enemies":"Gremlin Gang","floor":12,"turns":5},{"damage":0,"enemies":"Blue Slaver","floor":13,"turns":3},{"damage":0,"enemies":"Looter","floor":14,"turns":3},{"damage":0,"enemies":"Slime Boss","floor":16,"turns":7},{"damage":29,"enemies":"2 Thieves","floor":18,"turns":3},{"damage":25,"enemies":"3 Byrds","floor":21,"turns":4},{"damage":49,"enemies":"Slavers","floor":24,"turns":3}],"seed_played":"1381608363167960072","potions_obtained":[{"floor":4,"key":"FocusPotion"},{"floor":10,"key":"SkillPotion"},{"floor":14,"key":"PowerPotion"},{"floor":21,"key":"SteroidPotion"}],"is_trial":false,"path_per_floor":["M","?","M","M","M","E","$","R","T","E","R","M","M","M","R","B",null,"M","?","?","M","$","R","E"],"character_chosen":"DEFECT","items_purchased":["Core Surge","Bottled Flame"],"campfire_rested":2,"item_purchase_floors":[7,22],"current_hp_per_floor":[42,42,41,41,24,11,11,33,33,30,30,28,40,40,40,40,66,49,35,35,22,22,46,0],"gold":16,"neow_bonus":"TRANSFORM_TWO_CARDS","is_prod":false,"is_daily":false,"chose_seed":false,"campfire_upgraded":2,"win_rate":0,"timestamp":1570985299,"path_taken":["M","?","M","M","M","E","$","R","T","E","R","M","M","M","R","BOSS","M","?","?","M","$","R","E"],"build_version":"2019-07-17","purchased_purges":0,"victory":false,"max_hp_per_floor":[75,75,75,75,75,75,75,75,75,75,75,75,75,75,75,75,75,75,80,80,80,80,80,80],"card_choices":[{"not_picked":["Stack","Barrage"],"picked":"Glacier","floor":1},{"not_picked":["Turbo","Cold Snap"],"picked":"Melter","floor":3},{"not_picked":["Coolheaded","FTL"],"picked":"Sunder","floor":4},{"not_picked":["Streamline","Rebound"],"picked":"Conserve Battery","floor":5},{"not_picked":["Force Field","Rebound"],"picked":"Biased Cognition","floor":6},{"not_picked":["Compile Driver","Hologram"],"picked":"Steam Power","floor":10},{"not_picked":["Turbo","Conserve Battery"],"picked":"Storm","floor":12},{"not_picked":["Hologram","Compile Driver"],"picked":"Aggregate","floor":13},{"not_picked":["Leap","Lockon"],"picked":"Tempest","floor":14},{"not_picked":["All For One","Creative AI"],"picked":"Amplify","floor":16},{"not_picked":["Sweeping Beam","Streamline+1"],"picked":"Ball Lightning","floor":18},{"not_picked":["Doom and Gloom","Streamline+1"],"picked":"Lockon+1","floor":21}],"player_experience":410850,"relics_obtained":[{"floor":6,"key":"Vajra"},{"floor":9,"key":"Meat on the Bone"},{"floor":10,"key":"FossilizedHelix"}],"event_choices":[{"damage_healed":0,"gold_gain":0,"player_choice":"Grow","damage_taken":0,"max_hp_gain":0,"max_hp_loss":0,"event_name":"Living Wall","floor":2,"gold_loss":0,"cards_upgraded":["FTL"]},{"damage_healed":0,"gold_gain":0,"player_choice":"Shed Blood","damage_taken":19,"max_hp_gain":5,"max_hp_loss":0,"event_name":"Forgotten Altar","floor":19,"gold_loss":0},{"damage_healed":0,"gold_gain":0,"player_choice":"Ignored","damage_taken":0,"max_hp_gain":0,"max_hp_loss":0,"event_name":"N\u0027loth","floor":20,"gold_loss":0}],"is_beta":false,"boss_relics":[{"not_picked":["Sozu","Cursed Key"],"picked":"Philosopher\u0027s Stone"}],"items_purged_floors":[],"is_endless":false,"potions_floor_spawned":[4,10,14,21],"killed_by":"Slavers","ascension_level":9}