{"gold_per_floor":[117,80,98,114,114,114,133,158,184,215,241,241,191,217,217,322,322,277,277,277,277,277,277,277,277,277,277,277,277,277,277,277,277,277,277,21,21,21,21,21,21,21,21,21,21,21,21,21,21,21],"floor_reached":51,"playtime":2304,"items_purged":[],"score":1067,"play_id":"684d0718-ad14-4481-ab10-cfb5d182d260","local_time":"20191006193915","is_ascension_mode":true,"campfire_choices":[{"data":"Ball Lightning","floor":6,"key":"SMITH"},{"floor":12,"key":"REST"},{"data":"Electrodynamics","floor":15,"key":"SMITH"},{"floor":23,"key":"REST"},{"data":"Echo Form","floor":25,"key":"SMITH"},{"floor":32,"key":"REST"},{"data":"Buffer","floor":40,"key":"SMITH"},{"floor":42,"key":"REST"},{"data":"Machine Learning","floor":44,"key":"SMITH"},{"data":"Force Field","floor":49,"key":"SMITH"}],"neow_cost":"PERCENT_DAMAGE","seed_source_timestamp":153655623776300,"circlet_count":0,"master_deck":["Strike_B","Defend_B","Defend_B","Defend_B","Zap","Dualcast","Leap+1","Ball Lightning+1","Reprogram","Ball Lightning","White Noise","Electrodynamics+1","Leap","Echo Form+1","Redo+1","Auto Shields","Streamline+1","Sweeping Beam+1","Lockon","Force Field+1","Machine Learning+1","Buffer+1","White Noise+1","Melter+1","Conserve Battery+1","Writhe"],"relics":["Cracked Core","Bird Faced Urn","Strawberry","DataDisk","Boot","PreservedInsect","Bottled Lightning","Ectoplasm","MutagenicStrength","Juzu Bracelet","Symbiotic Virus","War Paint","Red Mask","Empty Cage","Mercury Hourglass","Orichalcum","Mummified Hand","Mango","Thread and Needle"],"potions_floor_usage":[10,19,45,50,50],"damage_taken":[{"damage":0,"enemies":"Small Slimes","floor":1,"turns":3},{"damage":2,"enemies":"Jaw Worm","floor":3,"turns":4},{"damage":0,"enemies":"2 Louse","floor":4,"turns":2},{"damage":7,"enemies":"2 Fungi Beasts","floor":7,"turns":3},{"damage":16,"enemies":"Gremlin Nob","floor":8,"turns":3},{"damage":15,"enemies":"3 Sentries","floor":10,"turns":4},{"damage":0,"enemies":"Lagavulin","floor":14,"turns":3},{"damage":20,"enemies":"The Guardian","floor":16,"turns":10},{"damage":19,"enemies":"2 Thieves","floor":18,"turns":3},{"damage":0,"enemies":"Spheric Guardian","floor":19,"turns":2},{"damage":48,"enemies":"Shelled Parasite and Fungi","floor":22,"turns":5},{"damage":6,"enemies":"Book of Stabbing","floor":24,"turns":4},{"damage":0,"enemies":"Chosen and Byrds","floor":27,"turns":3},{"damage":2,"enemies":"Cultist and Chosen","floor":28,"turns":4},{"damage":25,"enemies":"Snake Plant","floor":29,"turns":4},{"damage":27,"enemies":"Slavers","floor":30,"turns":2},{"damage":29,"enemies":"Masked Bandits","floor":31,"turns":3},{"damage":33,"enemies":"Champ","floor":33,"turns":8},{"damage":0,"enemies":"3 Shapes","floor":35,"turns":4},{"damage":15,"enemies":"Orb Walker","floor":37,"turns":3},{"damage":15,"enemies":"Jaw Worm Horde","floor":39,"turns":3},{"damage":53,"enemies":"Giant Head","floor":41,"turns":7},{"damage":8,"enemies":"2 Orb Walkers","floor":45,"turns":3},{"damage":11,"enemies":"Sphere and 2 Shapes","floor":46,"turns":3},{"damage":0,"enemies":"Nemesis","floor":48,"turns":5},{"damage":44,"enemies":"Donu and Deca","floor":50,"turns":9}],"seed_played":"3054324110690549673","potions_obtained":[{"floor":1,"key":"Fire Potion"},{"floor":7,"key":"Dexterity Potion"},{"floor":10,"key":"FairyPotion"},{"floor":16,"key":"SkillPotion"},{"floor":19,"key":"SteroidPotion"},{"floor":33,"key":"Poison Potion"},{"floor":37,"key":"Strength Potion"},{"floor":41,"key":"Block Potion"},{"floor":45,"key":"SpeedPotion"}],"is_trial":false,"path_per_floor":["M","?","M","M","?","R","M","E","T","E","T","R","?","E","R","B",null,"M","M","?","$","M","R","E","R","T","M","M","M","E","?","R","B",null,"M","$","M","$","M","R","E","R","T","R","?","M","?","E","R","B",null],"character_chosen":"DEFECT","items_purchased":["Mercury Hourglass"],"campfire_rested":4,"item_purchase_floors":[36],"current_hp_per_floor":[50,50,48,48,41,41,34,25,25,12,12,36,36,38,38,22,67,52,56,56,56,18,42,42,42,42,52,58,39,18,10,34,21,67,75,75,72,72,67,67,26,50,50,50,68,71,95,96,96,60],"gold":21,"neow_bonus":"ONE_RARE_RELIC","is_prod":false,"is_daily":false,"chose_seed":false,"campfire_upgraded":6,"win_rate":0,"timestamp":1570383555,"path_taken":["M","?","M","M","?","R","M","E","T","E","?","R","?","E","R","BOSS","M","M","?","$","M","R","E","R","T","M","M","M","E","?","R","BOSS","M","$","M","$","M","R","E","R","T","R","?","M","?","E","R","BOSS"],"build_version":"2019-07-17","purchased_purges":0,"victory":true,"max_hp_per_floor":[75,75,75,75,75,75,75,82,82,82,82,82,82,82,82,82,82,82,82,82,82,82,82,82,82,82,82,82,82,82,82,82,82,82,82,82,82,82,82,82,82,82,82,82,96,96,96,96,96,96],"card_choices":[{"not_picked":["Chaos","Turbo"],"picked":"Leap","floor":1},{"not_picked":["Redo","Darkness"],"picked":"Ball Lightning","floor":3},{"not_picked":["Stack","Turbo"],"picked":"Reprogram","floor":4},{"not_picked":["Barrage","Darkness"],"picked":"Ball Lightning","floor":7},{"not_picked":["Redo","Compile Driver"],"picked":"White Noise","floor":8},{"not_picked":["Steam","Stack"],"picked":"Electrodynamics","floor":10},{"not_picked":["Gash","Stack"],"picked":"Leap","floor":14},{"not_picked":["Seek","Amplify"],"picked":"Echo Form","floor":16},{"not_picked":["Ball Lightning","Gash+1","Compile Driver"],"picked":"SKIP","floor":18},{"not_picked":["Steam","Gash"],"picked":"Redo","floor":19},{"not_picked":["Go for the Eyes","Storm"],"picked":"Auto Shields","floor":22},{"not_picked":["Hologram","Leap"],"picked":"Streamline+1","floor":24},{"not_picked":["Consume","Hello World","Barrage"],"picked":"SKIP","floor":27},{"not_picked":["Barrage","Double Energy"],"picked":"Sweeping Beam+1","floor":28},{"not_picked":["Hologram+1","Sweeping Beam"],"picked":"Lockon","floor":29},{"not_picked":["Stack","Go for the Eyes"],"picked":"Force Field","floor":30},{"not_picked":["Sweeping Beam","Coolheaded"],"picked":"Machine Learning","floor":31},{"not_picked":["Electrodynamics","Reboot"],"picked":"Buffer","floor":33},{"not_picked":["Recycle","Steam"],"picked":"White Noise+1","floor":35},{"not_picked":["Sweeping Beam+1","Steam+1"],"picked":"Melter+1","floor":37},{"not_picked":["Recycle","Steam Power","Coolheaded"],"picked":"SKIP","floor":39},{"not_picked":["Rebound+1","Steam","Ball Lightning+1"],"picked":"SKIP","floor":41},{"not_picked":["Hologram+1","Reprogram"],"picked":"Conserve Battery+1","floor":45},{"not_picked":["Coolheaded","Barrage+1","Compile Driver+1"],"picked":"SKIP","floor":46},{"not_picked":["Streamline+1","Darkness+1","Turbo+1"],"picked":"SKIP","floor":48}],"player_experience":373224,"relics_obtained":[{"floor":8,"key":"Strawberry"},{"floor":9,"key":"DataDisk"},{"floor":10,"key":"Boot"},{"floor":11,"key":"PreservedInsect"},{"floor":14,"key":"Bottled Lightning"},{"floor":24,"key":"Juzu Bracelet"},{"floor":26,"key":"Symbiotic Virus"},{"floor":30,"key":"War Paint"},{"floor":31,"key":"Red Mask"},{"floor":41,"key":"Orichalcum"},{"floor":43,"key":"Mummified Hand"},{"floor":45,"key":"Mango"},{"floor":48,"key":"Thread and Needle"}],"event_choices":[{"damage_healed":0,"gold_gain":0,"player_choice":"Left Gold","damage_taken":0,"max_hp_gain":0,"max_hp_loss":0,"event_name":"World of Goop","floor":2,"gold_loss":37},{"cards_removed":["Defend_B"],"damage_healed":0,"gold_gain":0,"player_choice":"Card Removal","damage_taken":7,"max_hp_gain":0,"max_hp_loss":0,"event_name":"Golden Wing","floor":5,"gold_loss":0},{"cards_removed":["Strike_B"],"damage_healed":0,"gold_gain":0,"player_choice":"Card Removal","damage_taken":0,"max_hp_gain":0,"max_hp_loss":0,"event_name":"The Cleric","floor":13,"gold_loss":50},{"damage_healed":0,"gold_gain":0,"player_choice":"Inject Mutagens","damage_taken":0,"relics_obtained":["MutagenicStrength"],"max_hp_gain":0,"max_hp_loss":0,"event_name":"Drug Dealer","floor":20,"gold_loss":0},{"damage_healed":0,"gold_gain":0,"player_choice":"Fought Bandits","damage_taken":0,"max_hp_gain":0,"max_hp_loss":0,"event_name":"Masked Bandits","floor":31,"gold_loss":0},{"damage_healed":0,"gold_gain":0,"player_choice":"Fight","damage_taken":0,"max_hp_gain":0,"max_hp_loss":0,"event_name":"Mysterious Sphere","floor":45,"gold_loss":0},{"damage_healed":24,"gold_gain":0,"player_choice":"Writhe","damage_taken":0,"max_hp_gain":0,"max_hp_loss":0,"event_name":"Winding Halls","floor":47,"gold_loss":0,"cards_obtained":["Writhe"]}],"is_beta":false,"boss_relics":[{"not_picked":["Inserter","Eternal Feather"],"picked":"Ectoplasm"},{"not_picked":["White Beast Statue","Calling Bell"],"picked":"Empty Cage"}],"items_purged_floors":[],"is_endless":false,"potions_floor_spawned":[1,7,10,16,19,29,33,37,41,45,46],"ascension_level":6}