{"path_per_floor":["M","?","M","$","M","R","?","M","T","R","T","M","M","?","R","B",null,"M","?","?","T","$","R","M","R","T","M","?","R","M","$","R","B",null,"M","M"],"character_chosen":"THE_SILENT","items_purchased":["Dagger Throw","Reflex"],"gold_per_floor":[114,114,132,11,25,25,25,35,35,35,35,49,64,64,64,169,169,183,183,183,183,5,5,17,17,17,27,27,27,45,45,45,140,440,453,464],"floor_reached":37,"campfire_rested":0,"playtime":3162,"current_hp_per_floor":[69,69,69,69,68,68,68,65,65,65,65,65,65,65,65,49,70,67,58,58,58,58,58,58,58,58,58,58,58,58,58,58,29,72,44,20],"items_purged":["Strike_G","Parasite"],"gold":464,"play_id":"ec41df98-a6b2-42f3-a067-1c7e555155dd","is_prod":false,"is_daily":false,"is_ascension_mode":false,"campfire_upgraded":7,"path_taken":["M","?","M","$","M","R","?","M","T","R","?","?","M","?","R","BOSS","M","?","?","?","$","R","M","R","T","M","?","R","M","?","R","BOSS","M","M","?"],"build_version":"2018-02-01-PROD3","purchased_purges":2,"victory":false,"master_deck":["Defend_G","Defend_G","Defend_G","Defend_G","Defend_G","Survivor+1","Neutralize","Dagger Throw","Unload","Eviscerate+1","Underhanded Strike","Dagger Throw","Acrobatics+1","Flechettes","Doppelganger+1","Neutralize","Prepared+1","Burst+1","Accuracy+1","Reflex+1","Backflip+1","Underhanded Strike","Cloak And Dagger+1","Writhe","Infinite Blades+1"],"max_hp_per_floor":[70,70,70,70,70,70,70,70,70,70,70,70,70,70,70,70,70,70,75,75,75,72,72,72,72,72,72,72,72,72,72,72,72,72,72,72],"relics":["Ring of the Snake","Ornamental Fan","Prayer Wheel","Sundial","Astrolabe","Mercury Hourglass","Omamori","Gambling Chip","Calling Bell","Du-Vu Doll","Orichalcum","Old Coin"],"card_choices":[{"not_picked":["Deadly Poison","Outmaneuver"],"picked":"Eviscerate"},{"not_picked":["Acrobatics","Deflect"],"picked":"Underhanded Strike"},{"not_picked":["Dagger Spray","Deflect"],"picked":"Acrobatics"},{"not_picked":["Dagger Throw","Reflex"],"picked":"Prepared"},{"not_picked":["Bane","Deadly Poison"],"picked":"Backflip"},{"not_picked":["Blur","Infinite Blades"],"picked":"Underhanded Strike"},{"not_picked":["Backflip","Flying Knee"],"picked":"Cloak And Dagger"},{"not_picked":["Deadly Poison","Slice"],"picked":"Infinite Blades"}],"player_experience":66296,"potions_floor_usage":[13,16,33,35,37,37],"damage_taken":[{"damage":1,"enemies":"Blue Slaver","floor":1,"turns":6},{"damage":0,"enemies":"Cultist","floor":3,"turns":2},{"damage":1,"enemies":"2 Louse","floor":5,"turns":3},{"damage":3,"enemies":"Exordium Thugs","floor":8,"turns":5},{"damage":0,"enemies":"2 Fungi Beasts","floor":12,"turns":3},{"damage":0,"enemies":"Looter","floor":13,"turns":2},{"damage":16,"enemies":"Slime Boss","floor":16,"turns":7},{"damage":3,"enemies":"Shell Parasite","floor":18,"turns":5},{"damage":0,"enemies":"Chosen","floor":24,"turns":4},{"damage":0,"enemies":"3 Cultists","floor":27,"turns":4},{"damage":0,"enemies":"Sentry and Sphere","floor":30,"turns":2},{"damage":44,"enemies":"Collector","floor":33,"turns":12},{"damage":28,"enemies":"3 Shapes","floor":35,"turns":4},{"damage":24,"enemies":"3 Darklings","floor":36,"turns":7},{"damage":22,"enemies":"Mysterious Sphere","floor":37,"turns":4}],"event_choices":[{"event_name":"Big Fish","player_choice":"Box","floor":2,"damage_taken":0},{"event_name":"Match and Keep!","player_choice":"3 cards matched","floor":7,"damage_taken":0},{"event_name":"Living Wall","player_choice":"Forget","floor":14,"damage_taken":0},{"event_name":"Forgotten Altar","player_choice":"Shed Blood","floor":19,"damage_taken":0},{"event_name":"The Mausoleum","player_choice":"Yes","floor":20,"damage_taken":0},{"event_name":"Beggar","player_choice":"Ignored","floor":28,"damage_taken":0},{"event_name":"Mysterious Sphere","player_choice":"Fight","floor":37,"damage_taken":0}],"boss_relics":[{"not_picked":["Runic Dome","Eternal Feather"],"picked":"Astrolabe"},{"not_picked":["Orrery","Sozu"],"picked":"Calling Bell"}],"potions_floor_spawned":[1,12,18,24,35,36],"seed_played":"-7568625534195383404","killed_by":"Mysterious Sphere","ascension_level":0,"is_trial":false}