{"gold_per_floor":[113,125,125,125,125,125,140,179,179,195,215,215,215,240,240,365,365,380,203,224,25,49,87,99,41,41,57,80,80,80,80,80,200,200,221,221,241,256,314,314,3,46,46,46],"floor_reached":44,"playtime":2399,"items_purged":[],"score":483,"play_id":"f6495e6e-ddcb-42c9-b4f4-d04f340b7e78","local_time":"20191001140746","is_ascension_mode":false,"campfire_choices":[{"floor":6,"key":"REST"},{"floor":12,"key":"REST"},{"floor":15,"key":"REST"},{"floor":24,"key":"REST"},{"floor":32,"key":"REST"},{"floor":40,"key":"DIG"}],"neow_cost":"NONE","seed_source_timestamp":401413529385300,"circlet_count":0,"master_deck":["Strike_B+1","Strike_B+1","Strike_B+1","Strike_B+1","Defend_B+1","Defend_B+1","Defend_B+1","Defend_B+1","Zap","Dualcast","Gash","Gash","Static Discharge","Normality","White Noise","Go for the Eyes","Hologram","All For One","Beam Cell","Panache","BootSequence","Panache","Beam Cell+1","Reprogram","Clumsy","Reprogram","Injury","Seek","Seek","Rebound","Hologram","Gash","Beam Cell+1","Flash of Steel","Streamline+1","Go for the Eyes+1","Streamline+1","Seek","Regret"],"relics":["Cursed Key","Golden Idol","Unceasing Top","Shuriken","Question Card","Lizard Tail","DollysMirror","MawBank","Bag of Marbles","MutagenicStrength","Peace Pipe","Orrery","Shovel","Mummified Hand","Gambling Chip","Art of War","Anchor"],"potions_floor_usage":[8,10,11,23,33,33,37,42],"damage_taken":[{"damage":0,"enemies":"Small Slimes","floor":1,"turns":3},{"damage":1,"enemies":"2 Louse","floor":2,"turns":3},{"damage":11,"enemies":"Jaw Worm","floor":7,"turns":3},{"damage":29,"enemies":"3 Sentries","floor":8,"turns":9},{"damage":7,"enemies":"Blue Slaver","floor":10,"turns":4},{"damage":13,"enemies":"Exordium Wildlife","floor":11,"turns":2},{"damage":10,"enemies":"Looter","floor":14,"turns":3},{"damage":31,"enemies":"The Guardian","floor":16,"turns":9},{"damage":20,"enemies":"3 Byrds","floor":18,"turns":5},{"damage":0,"enemies":"Chosen","floor":20,"turns":3},{"damage":2,"enemies":"3 Cultists","floor":22,"turns":3},{"damage":49,"enemies":"Slavers","floor":23,"turns":6},{"damage":2,"enemies":"Sentry and Sphere","floor":27,"turns":3},{"damage":21,"enemies":"Snake Plant","floor":28,"turns":3},{"damage":59,"enemies":"Collector","floor":33,"turns":8},{"damage":0,"enemies":"3 Shapes","floor":35,"turns":2},{"damage":0,"enemies":"3 Darklings","floor":37,"turns":2},{"damage":0,"enemies":"Jaw Worm Horde","floor":38,"turns":3},{"damage":8,"enemies":"2 Orb Walkers","floor":39,"turns":2},{"damage":42,"enemies":"Nemesis","floor":42,"turns":5},{"damage":25,"enemies":"Transient","floor":44,"turns":5}],"seed_played":"3939113269561812034","potions_obtained":[{"floor":2,"key":"Regen Potion"},{"floor":8,"key":"Regen Potion"},{"floor":10,"key":"Fire Potion"},{"floor":20,"key":"Weak Potion"},{"floor":27,"key":"LiquidBronze"},{"floor":28,"key":"Block Potion"},{"floor":33,"key":"Weak Potion"},{"floor":35,"key":"GamblersBrew"},{"floor":42,"key":"Ancient Potion"}],"is_trial":false,"path_per_floor":["M","M","?","?","?","R","M","E","T","M","M","R","?","M","R","B",null,"M","$","M","$","M","E","R","$","T","M","M","?","?","T","R","B",null,"M","?","M","M","?","R","$","E","T","M"],"character_chosen":"DEFECT","items_purchased":["Panache","DollysMirror","Reprogram","Gambling Chip"],"campfire_rested":5,"item_purchase_floors":[19,21,25,41],"current_hp_per_floor":[75,74,56,41,16,38,27,13,13,15,2,24,49,39,61,30,75,55,55,55,55,53,4,26,26,26,24,3,3,3,3,25,24,75,75,75,75,75,67,67,67,25,25,0],"gold":46,"neow_bonus":"BOSS_RELIC","is_prod":false,"is_daily":false,"chose_seed":false,"campfire_upgraded":0,"win_rate":0.0,"timestamp":1569931666,"path_taken":["M","M","?","?","?","R","M","E","T","M","M","R","?","M","R","BOSS","M","$","M","$","M","E","R","$","T","M","M","?","?","?","R","BOSS","M","?","M","M","?","R","$","E","T","M"],"build_version":"2019-07-17","purchased_purges":0,"victory":false,"max_hp_per_floor":[75,75,75,75,75,75,75,75,75,75,75,75,75,75,75,75,75,75,75,75,75,75,75,75,75,75,75,75,75,75,75,75,75,75,75,75,75,75,75,75,75,75,75,75],"card_choices":[{"not_picked":["Cold Snap","Coolheaded"],"picked":"Gash","floor":1},{"not_picked":["Loop","Capacitor","Barrage"],"picked":"SKIP","floor":2},{"not_picked":["Double Energy","Stack"],"picked":"Gash","floor":7},{"not_picked":["Capacitor","Gash"],"picked":"Static Discharge","floor":8},{"not_picked":["Hologram","Barrage","Self Repair"],"picked":"White Noise","floor":10},{"not_picked":["Coolheaded","Fusion","Static Discharge"],"picked":"Go for the Eyes","floor":11},{"not_picked":["Static Discharge","White Noise","Double Energy"],"picked":"Hologram","floor":14},{"not_picked":["Rainbow","Amplify","Creative AI"],"picked":"All For One","floor":16},{"not_picked":["Gash","Chaos","Rip and Tear"],"picked":"Beam Cell","floor":18},{"not_picked":["Aggregate","Leap","Hello World"],"picked":"BootSequence","floor":20},{"not_picked":["Chaos","Heatsinks","Ball Lightning"],"picked":"Beam Cell+1","floor":22},{"not_picked":["Coolheaded","Thunder Strike","Cold Snap","Storm"],"picked":"SKIP","floor":23},{"not_picked":["Compile Driver","Leap","Sweeping Beam"],"picked":"Reprogram","floor":27},{"not_picked":["Steam","Barrage","Fusion","Ball Lightning+1"],"picked":"SKIP","floor":28},{"not_picked":["Echo Form","Rainbow","Amplify"],"picked":"Seek","floor":33},{"not_picked":["Gash","Cold Snap","Redo"],"picked":"Seek","floor":34},{"not_picked":["Chaos","Static Discharge","Stack+1"],"picked":"Rebound","floor":34},{"not_picked":["Gash","Ball Lightning+1","Coolheaded+1"],"picked":"Hologram","floor":34},{"not_picked":["Cold Snap","Go for the Eyes+1","Coolheaded"],"picked":"Gash","floor":34},{"not_picked":["Chaos","Stack","Compile Driver"],"picked":"Beam Cell+1","floor":34},{"not_picked":["Aggregate","Heatsinks","Redo","Conserve Battery"],"picked":"SKIP","floor":35},{"not_picked":["Forethought","Deep Breath","Mind Blast"],"picked":"Flash of Steel","floor":36},{"not_picked":["Gash","Electrodynamics","Stack+1"],"picked":"Streamline+1","floor":37},{"not_picked":["Reprogram","Aggregate+1","Amplify"],"picked":"Go for the Eyes+1","floor":38},{"not_picked":["Rebound","Cold Snap","Sweeping Beam+1"],"picked":"Streamline+1","floor":39},{"not_picked":["Rebound+1","Hologram","Leap+1"],"picked":"Seek","floor":42}],"player_experience":120353,"relics_obtained":[{"floor":8,"key":"Shuriken"},{"floor":9,"key":"Question Card"},{"floor":23,"key":"MawBank"},{"floor":26,"key":"Bag of Marbles"},{"floor":31,"key":"Peace Pipe"},{"floor":39,"key":"Shovel"},{"floor":40,"key":"Mummified Hand"},{"floor":42,"key":"Art of War"},{"floor":43,"key":"Anchor"}],"event_choices":[{"damage_healed":0,"gold_gain":0,"player_choice":"Take Damage","damage_taken":18,"relics_obtained":["Golden Idol"],"max_hp_gain":0,"max_hp_loss":0,"event_name":"Golden Idol","floor":3,"gold_loss":0},{"damage_healed":0,"gold_gain":0,"player_choice":"Entered Light","damage_taken":15,"max_hp_gain":0,"max_hp_loss":0,"event_name":"Shining Light","floor":4,"gold_loss":0,"cards_upgraded":["Strike_B","Defend_B"]},{"damage_healed":0,"gold_gain":0,"player_choice":"Success","damage_taken":25,"relics_obtained":["Unceasing Top"],"max_hp_gain":0,"max_hp_loss":0,"event_name":"Scrap Ooze","floor":5,"gold_loss":0},{"damage_healed":25,"gold_gain":0,"player_choice":"Banana","damage_taken":0,"max_hp_gain":0,"max_hp_loss":0,"event_name":"Big Fish","floor":13,"gold_loss":0},{"damage_healed":0,"gold_gain":0,"player_choice":"Simplicity","damage_taken":0,"max_hp_gain":0,"max_hp_loss":0,"event_name":"Back to Basics","floor":29,"gold_loss":0,"cards_upgraded":["Strike_B","Strike_B","Strike_B","Defend_B","Defend_B","Defend_B"]},{"damage_healed":0,"gold_gain":0,"player_choice":"Inject Mutagens","damage_taken":0,"relics_obtained":["MutagenicStrength"],"max_hp_gain":0,"max_hp_loss":0,"event_name":"Drug Dealer","floor":30,"gold_loss":0},{"damage_healed":0,"gold_gain":0,"player_choice":"Memory 1","damage_taken":0,"max_hp_gain":0,"max_hp_loss":0,"event_name":"SensoryStone","floor":36,"gold_loss":0},{"damage_healed":0,"gold_gain":0,"player_choice":"Fight","damage_taken":0,"max_hp_gain":0,"max_hp_loss":0,"event_name":"Mysterious Sphere","floor":39,"gold_loss":0}],"is_beta":false,"boss_relics":[{"not_picked":["Busted Crown","Ectoplasm"],"picked":"Lizard Tail"},{"not_picked":["Runic Dome","Velvet Choker"],"picked":"Orrery"}],"items_purged_floors":[],"is_endless":false,"potions_floor_spawned":[2,8,10,20,27,28,33,35,42],"killed_by":"Transient","ascension_level":0}