{"path_per_floor":["M","M","?","M","M","R","M","$","T","R","M","?","?","M","R","B",null,"M","M"],"character_chosen":"THE_SILENT","items_purchased":["Accuracy","Backflip"],"gold_per_floor":[111,125,125,136,148,148,165,3,33,33,52,52,227,240,240,338,338,354,371],"floor_reached":20,"campfire_rested":1,"playtime":1646,"current_hp_per_floor":[68,65,65,54,47,47,32,32,32,32,28,28,28,22,43,18,70,45,18],"items_purged":["Strike_G"],"gold":371,"play_id":"6b688b92-581c-4e0f-aa4d-519bfda9fcc2","is_prod":false,"is_daily":false,"is_ascension_mode":false,"campfire_upgraded":2,"path_taken":["M","M","?","M","M","R","M","$","T","R","M","?","?","M","R","BOSS","M","M","?"],"build_version":"2018-01-25-PROD3","purchased_purges":2,"victory":false,"master_deck":["Defend_G","Defend_G","Defend_G","Defend_G","Defend_G","Survivor","Neutralize","A Thousand Cuts+1","Cloak And Dagger","Wraith Form+1","Regret","Terror","Cloak And Dagger","Accuracy","Backflip","Doubt","Blur","Die Die Die","Poisoned Stab+1","Dash+1","Dagger Throw+1","Finisher+1","Cloak And Dagger"],"max_hp_per_floor":[70,70,70,70,70,70,70,70,70,70,70,70,70,70,70,70,70,70,70],"relics":["Ring of the Snake","Happy Flower","Tiny Chest","Astrolabe"],"card_choices":[{"not_picked":["Backstab","Flechettes"],"picked":"Cloak And Dagger"},{"not_picked":["Dodge and Roll","Outmaneuver"],"picked":"Wraith Form"},{"not_picked":["Deflect","Dodge and Roll"],"picked":"Terror"},{"not_picked":["Slice","Flechettes"],"picked":"Cloak And Dagger"},{"not_picked":["Flying Knee","Poisoned Stab"],"picked":"Blur"},{"not_picked":["Glass Knife","Envenom"],"picked":"Die Die Die"},{"not_picked":["Flying Knee","Underhanded Strike"],"picked":"Finisher"},{"not_picked":["Endless Agony","Slice"],"picked":"Cloak And Dagger"}],"player_experience":55322,"potions_floor_usage":[11,14,16,20],"damage_taken":[{"damage":2,"enemies":"Cultist","floor":1,"turns":5},{"damage":3,"enemies":"Jaw Worm","floor":2,"turns":6},{"damage":11,"enemies":"Blue Slaver","floor":4,"turns":5},{"damage":7,"enemies":"Looter","floor":5,"turns":4},{"damage":15,"enemies":"Large Slime","floor":7,"turns":6},{"damage":10,"enemies":"3 Louse","floor":11,"turns":4},{"damage":6,"enemies":"Gremlin Gang","floor":14,"turns":4},{"damage":25,"enemies":"The Guardian","floor":16,"turns":11},{"damage":25,"enemies":"Shell Parasite","floor":18,"turns":8},{"damage":27,"enemies":"Spheric Guardian","floor":19,"turns":6},{"damage":18,"enemies":"Snake Plant","floor":20,"turns":5}],"event_choices":[{"event_name":"Big Fish","player_choice":"Box","floor":3,"damage_taken":0},{"event_name":"Living Wall","player_choice":"Forget","floor":12,"damage_taken":0},{"event_name":"Liars Game","player_choice":"agreed","floor":13,"damage_taken":0}],"boss_relics":[{"not_picked":["Calling Bell","Lizard Tail"],"picked":"Astrolabe"}],"potions_floor_spawned":[1,2,5,7,19],"seed_played":"4981997622488037942","killed_by":"Snake Plant","ascension_level":0,"is_trial":false}