{"gold_per_floor":[11,11,11,26,26,26,65,79,161,184,208,208,223,261,261,381,381,405,396,396,420,444,482,482,518,518,113,113,137,157,157,157,288,288,304,324,338,362,380,380,47,47,47,47,67,67,127,162,162,162],"floor_reached":51,"playtime":5136,"items_purged":["Clumsy","Strike_B"],"score":907,"play_id":"20556eda-528a-4aa9-be0a-08a714ef5fff","local_time":"20191019121352","is_ascension_mode":true,"campfire_choices":[{"data":"Zap","floor":6,"key":"SMITH"},{"data":"Buffer","floor":12,"key":"SMITH"},{"floor":15,"key":"REST"},{"floor":24,"key":"REST"},{"data":"Defragment","floor":28,"key":"SMITH"},{"data":"Defragment","floor":32,"key":"SMITH"},{"data":"Loop","floor":40,"key":"SMITH"},{"data":"Buffer","floor":42,"key":"SMITH"},{"data":"Seek","floor":44,"key":"SMITH"},{"data":"Loop","floor":46,"key":"SMITH"},{"data":"Loop","floor":49,"key":"SMITH"}],"neow_cost":"NO_GOLD","seed_source_timestamp":732517814486800,"circlet_count":0,"master_deck":["Strike_B+1","Strike_B","Defend_B","Defend_B","Defend_B","Defend_B","Zap+1","Dualcast","Go for the Eyes+1","Glacier","Buffer+1","Rebound","Beam Cell","Cold Snap","Echo Form","Sweeping Beam","Defragment+1","Ball Lightning+1","Defragment+1","Capacitor","Self Repair","Chill","Go for the Eyes","Buffer+1","Cold Snap","Seek+1","Loop+1","Loop+1","Loop+1"],"relics":["Cracked Core","StoneCalendar","Golden Idol","Strawberry","Whetstone","Cursed Key","Nloth\u0027s Gift","Pocketwatch","Pantograph","The Courier","Oddly Smooth Stone","Art of War","Anchor","Inserter","Letter Opener","Turnip","Molten Egg 2"],"potions_floor_usage":[11,16,22,23,23,25,37,50,50,50],"damage_taken":[{"damage":2,"enemies":"Jaw Worm","floor":1,"turns":4},{"damage":0,"enemies":"2 Louse","floor":4,"turns":2},{"damage":15,"enemies":"3 Sentries","floor":7,"turns":7},{"damage":0,"enemies":"Cultist","floor":8,"turns":3},{"damage":3,"enemies":"Large Slime","floor":10,"turns":6},{"damage":15,"enemies":"Gremlin Gang","floor":11,"turns":7},{"damage":9,"enemies":"Lots of Slimes","floor":13,"turns":5},{"damage":15,"enemies":"Lagavulin","floor":14,"turns":6},{"damage":0,"enemies":"Slime Boss","floor":16,"turns":7},{"damage":0,"enemies":"Chosen","floor":18,"turns":4},{"damage":14,"enemies":"2 Thieves","floor":19,"turns":4},{"damage":16,"enemies":"Centurion and Healer","floor":21,"turns":7},{"damage":12,"enemies":"Cultist and Chosen","floor":22,"turns":6},{"damage":14,"enemies":"Book of Stabbing","floor":23,"turns":6},{"damage":34,"enemies":"Gremlin Leader","floor":25,"turns":6},{"damage":0,"enemies":"3 Cultists","floor":29,"turns":5},{"damage":0,"enemies":"Snake Plant","floor":30,"turns":6},{"damage":6,"enemies":"Champ","floor":33,"turns":9},{"damage":0,"enemies":"3 Darklings","floor":35,"turns":7},{"damage":0,"enemies":"Orb Walker","floor":36,"turns":5},{"damage":5,"enemies":"Jaw Worm Horde","floor":37,"turns":5},{"damage":0,"enemies":"Spire Growth","floor":38,"turns":6},{"damage":16,"enemies":"3 Darklings","floor":39,"turns":7},{"damage":0,"enemies":"Transient","floor":45,"turns":5},{"damage":30,"enemies":"2 Orb Walkers","floor":47,"turns":6},{"damage":0,"enemies":"Giant Head","floor":48,"turns":10},{"damage":62,"enemies":"Awakened One","floor":50,"turns":14}],"seed_played":"7357921125187727443","potions_obtained":[{"floor":4,"key":"GamblersBrew"},{"floor":8,"key":"FocusPotion"},{"floor":11,"key":"Poison Potion"},{"floor":13,"key":"Explosive Potion"},{"floor":14,"key":"Ancient Potion"},{"floor":19,"key":"Dexterity Potion"},{"floor":22,"key":"AttackPotion"},{"floor":25,"key":"Block Potion"},{"floor":36,"key":"Dexterity Potion"},{"floor":37,"key":"Explosive Potion"},{"floor":39,"key":"Strength Potion"}],"is_trial":false,"path_per_floor":["M","?","?","M","$","R","E","M","T","M","M","R","M","E","R","B",null,"M","M","?","M","M","E","R","E","T","$","R","M","M","?","R","B",null,"M","M","M","M","M","R","$","R","T","R","M","R","?","E","R","B",null],"character_chosen":"DEFECT","items_purchased":["Oddly Smooth Stone","Art of War","Anchor","Letter Opener","Loop"],"campfire_rested":2,"item_purchase_floors":[27,27,27,41,41],"current_hp_per_floor":[73,55,60,60,60,60,52,52,52,49,34,34,25,10,36,36,87,87,73,73,57,45,31,57,23,23,23,23,23,30,30,30,56,87,87,87,87,87,85,85,85,85,85,85,87,87,57,71,71,32],"gold":162,"neow_bonus":"ONE_RARE_RELIC","is_prod":false,"is_daily":false,"chose_seed":false,"campfire_upgraded":9,"win_rate":0,"timestamp":1571508832,"path_taken":["M","?","?","M","?","R","E","M","T","M","M","R","?","E","R","BOSS","M","M","?","M","M","E","R","E","T","$","R","M","?","?","R","BOSS","M","M","?","?","?","R","$","R","T","R","?","R","?","E","R","BOSS"],"build_version":"2019-07-17","purchased_purges":2,"victory":true,"max_hp_per_floor":[75,75,80,80,80,80,87,87,87,87,87,87,87,87,87,87,87,87,87,87,87,87,87,87,87,87,87,87,87,87,87,87,87,87,87,87,87,87,87,87,87,87,87,87,87,87,87,87,87,87],"card_choices":[{"not_picked":["Rebound","Stack"],"picked":"Go for the Eyes","floor":1},{"not_picked":["Sunder","Consume"],"picked":"Glacier","floor":4},{"not_picked":["Streamline","Auto Shields"],"picked":"Buffer","floor":7},{"not_picked":["Hologram","Redo","Streamline"],"picked":"SKIP","floor":8},{"not_picked":["Go for the Eyes","Streamline","Steam"],"picked":"SKIP","floor":10},{"not_picked":["Reinforced Body","Conserve Battery"],"picked":"Rebound","floor":11},{"not_picked":["Consume","Compile Driver"],"picked":"Beam Cell","floor":13},{"not_picked":["BootSequence","Doom and Gloom"],"picked":"Cold Snap","floor":14},{"not_picked":["Buffer","Thunder Strike"],"picked":"Echo Form","floor":16},{"not_picked":["Reinforced Body","Darkness+1"],"picked":"Sweeping Beam","floor":18},{"not_picked":["Turbo","Conserve Battery","Coolheaded"],"picked":"SKIP","floor":19},{"not_picked":["Barrage","Storm"],"picked":"Defragment","floor":21},{"not_picked":["Gash","Hello World"],"picked":"Ball Lightning+1","floor":22},{"not_picked":["Turbo","Force Field"],"picked":"Defragment","floor":23},{"not_picked":["Defragment","Stack+1"],"picked":"Capacitor","floor":25},{"not_picked":["Fusion","Conserve Battery"],"picked":"Self Repair","floor":29},{"not_picked":["Barrage","Turbo"],"picked":"Chill","floor":30},{"not_picked":["Biased Cognition","All For One"],"picked":"Buffer","floor":33},{"not_picked":["Stack+1","Turbo"],"picked":"Cold Snap","floor":35},{"not_picked":["Cold Snap+1","Hologram+1","Sunder"],"picked":"SKIP","floor":36},{"not_picked":["Undo","Turbo+1"],"picked":"Seek","floor":37},{"not_picked":["Barrage+1","Hello World+1","Undo+1"],"picked":"SKIP","floor":38},{"not_picked":["Static Discharge","Ball Lightning"],"picked":"Loop","floor":39},{"not_picked":["Redo","Genetic Algorithm","Heatsinks"],"picked":"SKIP","floor":45},{"not_picked":["Turbo+1","Steam+1"],"picked":"Loop","floor":48}],"player_experience":73628,"relics_obtained":[{"floor":7,"key":"Strawberry"},{"floor":9,"key":"Tiny Chest"},{"floor":14,"key":"Whetstone"},{"floor":23,"key":"Pocketwatch"},{"floor":25,"key":"Pantograph"},{"floor":26,"key":"The Courier"},{"floor":47,"key":"Turnip"},{"floor":48,"key":"Molten Egg 2"}],"event_choices":[{"damage_healed":0,"gold_gain":0,"player_choice":"Take Damage","damage_taken":18,"relics_obtained":["Golden Idol"],"max_hp_gain":0,"max_hp_loss":0,"event_name":"Golden Idol","floor":2,"gold_loss":0},{"damage_healed":0,"gold_gain":0,"player_choice":"Donut","damage_taken":0,"max_hp_gain":5,"max_hp_loss":0,"event_name":"Big Fish","floor":3,"gold_loss":0},{"damage_healed":0,"gold_gain":0,"player_choice":"Traded Relic","damage_taken":0,"relics_obtained":["Nloth\u0027s Gift"],"max_hp_gain":0,"max_hp_loss":0,"event_name":"N\u0027loth","floor":20,"relics_lost":["Tiny Chest"],"gold_loss":0},{"damage_healed":0,"gold_gain":0,"cards_transformed":["Strike_B"],"player_choice":"Transformed","damage_taken":0,"max_hp_gain":0,"max_hp_loss":0,"event_name":"Transmorgrifier","floor":31,"gold_loss":0,"cards_obtained":["Go for the Eyes"]},{"damage_healed":0,"gold_gain":0,"player_choice":"Fight","damage_taken":0,"max_hp_gain":0,"max_hp_loss":0,"event_name":"Mysterious Sphere","floor":47,"gold_loss":0}],"is_beta":false,"boss_relics":[{"not_picked":["White Beast Statue","Runic Pyramid"],"picked":"Cursed Key"},{"not_picked":["Sozu","Eternal Feather"],"picked":"Inserter"}],"items_purged_floors":[27,41],"is_endless":false,"potions_floor_spawned":[4,8,11,13,14,19,22,25,36,37,39,47],"ascension_level":4}