{"gold_per_floor":[416,416,432,432,446,446,472,472,554,573,589,617,617,629,629,726,726,745,756,73,73,89,89,89],"floor_reached":24,"playtime":1691,"items_purged":[],"score":260,"play_id":"cb4d5c2a-3af8-4945-99c3-65e9964cf849","local_time":"20190209005122","is_ascension_mode":true,"campfire_choices":[{"floor":6,"key":"REST"},{"floor":8,"key":"REST"},{"floor":15,"key":"REST"},{"data":"Storm of Steel","floor":23,"key":"SMITH"}],"neow_cost":"PERCENT_DAMAGE","seed_source_timestamp":2255391983601267,"circlet_count":0,"master_deck":["Defend_G","Defend_G","Defend_G","Defend_G","Defend_G","Strike_G","Strike_G","Strike_G","Strike_G","Strike_G","Survivor","Neutralize","Deadly Poison","Slice","Leg Sweep","Heel Hook","Dagger Throw","Predator","Storm of Steel+1","PiercingWail","After Image","Dash","Prepared+1","Well Laid Plans","Writhe","Backflip+1"],"relics":["Ring of the Snake","Old Coin","Snake Skull","Shuriken","Thread and Needle","Eternal Feather","Ice Cream","Mango","Dream Catcher"],"potions_floor_usage":[12,16,19,19,24],"damage_taken":[{"damage":4,"enemies":"Small Slimes","floor":1,"turns":5},{"damage":3,"enemies":"Cultist","floor":3,"turns":4},{"damage":1,"enemies":"2 Louse","floor":5,"turns":3},{"damage":43,"enemies":"3 Sentries","floor":7,"turns":15},{"damage":7,"enemies":"2 Fungi Beasts","floor":10,"turns":4},{"damage":12,"enemies":"Exordium Thugs","floor":11,"turns":4},{"damage":2,"enemies":"Lagavulin","floor":12,"turns":5},{"damage":0,"enemies":"3 Louse","floor":14,"turns":4},{"damage":6,"enemies":"The Guardian","floor":16,"turns":15},{"damage":0,"enemies":"Shell Parasite","floor":18,"turns":10},{"damage":8,"enemies":"3 Byrds","floor":19,"turns":6},{"damage":43,"enemies":"Centurion and Healer","floor":22,"turns":12},{"damage":39,"enemies":"Slavers","floor":24,"turns":4}],"seed_played":"-1067064581681327553","potions_obtained":[{"floor":5,"key":"LiquidBronze"},{"floor":10,"key":"Poison Potion"},{"floor":11,"key":"Block Potion"},{"floor":14,"key":"Strength Potion"},{"floor":16,"key":"Weak Potion"}],"is_trial":false,"path_per_floor":["M","?","M","?","M","R","E","R","T","M","M","E","?","M","R","B",null,"M","M","$","?","M","R","E"],"character_chosen":"THE_SILENT","items_purchased":["Ice Cream","Mango","Well Laid Plans"],"campfire_rested":3,"item_purchase_floors":[20,20,20],"current_hp_per_floor":[45,45,42,42,41,62,19,40,40,33,21,19,19,19,40,34,61,61,53,67,67,24,39,0],"gold":89,"neow_bonus":"ONE_RARE_RELIC","is_prod":false,"is_daily":false,"chose_seed":false,"campfire_upgraded":1,"win_rate":0,"timestamp":1549666282,"path_taken":["M","?","M","?","M","R","E","R","T","?","M","E","?","M","R","BOSS","M","M","$","?","M","R","E"],"build_version":"2019-01-23","purchased_purges":0,"victory":false,"max_hp_per_floor":[70,70,70,70,70,70,70,70,70,70,70,70,70,70,70,70,70,70,70,84,84,84,84,84],"card_choices":[{"not_picked":["Quick Slash","Backstab"],"picked":"Deadly Poison","floor":1},{"not_picked":["Dodge and Roll","Underhanded Strike"],"picked":"Slice","floor":3},{"not_picked":["Dagger Spray","Heel Hook"],"picked":"Leg Sweep","floor":5},{"not_picked":["Skewer","Reflex"],"picked":"Heel Hook","floor":7},{"not_picked":["Blade Dance","Quick Slash"],"picked":"Dagger Throw","floor":10},{"not_picked":["Heel Hook","Setup"],"picked":"Predator","floor":11},{"not_picked":["Noxious Fumes","Blade Dance"],"picked":"Storm of Steel","floor":12},{"not_picked":["Prepared","Setup"],"picked":"PiercingWail","floor":14},{"not_picked":["A Thousand Cuts","Bullet Time"],"picked":"After Image","floor":16},{"not_picked":["Deadly Poison+1","Sucker Punch+1"],"picked":"Dash","floor":18},{"not_picked":["Underhanded Strike","Distraction"],"picked":"Prepared+1","floor":19},{"not_picked":["Deflect","Cloak And Dagger"],"picked":"Backflip+1","floor":22}],"player_experience":201494,"relics_obtained":[{"floor":7,"key":"Snake Skull"},{"floor":9,"key":"Shuriken"},{"floor":12,"key":"Thread and Needle"}],"event_choices":[{"damage_healed":0,"gold_gain":0,"player_choice":"Fled","damage_taken":0,"max_hp_gain":0,"max_hp_loss":0,"event_name":"Scrap Ooze","floor":2,"gold_loss":0},{"damage_healed":0,"gold_gain":0,"player_choice":"Bought 0 Potions","damage_taken":0,"max_hp_gain":0,"max_hp_loss":0,"event_name":"The Woman in Blue","floor":4,"gold_loss":0},{"damage_healed":0,"gold_gain":0,"player_choice":"Ignored","damage_taken":0,"max_hp_gain":0,"max_hp_loss":0,"event_name":"Liars Game","floor":13,"gold_loss":0},{"damage_healed":0,"gold_gain":0,"player_choice":"Opened","damage_taken":0,"relics_obtained":["Dream Catcher"],"max_hp_gain":0,"max_hp_loss":0,"event_name":"The Mausoleum","floor":21,"gold_loss":0,"cards_obtained":["Writhe"]}],"is_beta":false,"boss_relics":[{"not_picked":["Tiny House","Busted Crown"],"picked":"Eternal Feather"}],"items_purged_floors":[],"is_endless":false,"potions_floor_spawned":[5,10,11,14,16,18],"killed_by":"Slavers","ascension_level":5}