{"gold_per_floor":[14,24,43,43,62,62,91,91,117,146,161,190,190,208,208,303,303,319,186,186,186,54,54,54,81,159,159,176,189,199,199],"floor_reached":31,"playtime":2223,"items_purged":["Strike_R"],"score":355,"play_id":"9b07367e-be69-4f50-86f6-b317267f213f","local_time":"20191011134409","is_ascension_mode":true,"campfire_choices":[{"data":"Bash","floor":6.0,"key":"SMITH"},{"data":"Entrench","floor":8.0,"key":"SMITH"},{"data":"Uppercut","floor":13.0,"key":"SMITH"},{"data":"Armaments","floor":15.0,"key":"SMITH"},{"data":"Double Tap","floor":23.0,"key":"SMITH"},{"data":"Whirlwind","floor":27,"key":"SMITH"}],"neow_cost":"NO_GOLD","seed_source_timestamp":0,"circlet_count":0,"master_deck":["Strike_R","Defend_R","Defend_R","Defend_R","Bash+1","Iron Wave","Entrench+1","Armaments+1","Pommel Strike","Uppercut+1","Juggernaut","Double Tap+1","Whirlwind+1","Carnage","Shrug It Off","Reckless Charge","Disarm","Body Slam+1"],"special_seed":0,"relics":["Burning Blood","Pen Nib","Bag of Preparation","Smiling Mask","Ancient Tea Set","Empty Cage","Sundial","Tiny Chest"],"potions_floor_usage":[25],"damage_taken":[{"damage":7.0,"enemies":"Small Slimes","floor":1.0,"turns":4.0},{"damage":6.0,"enemies":"Cultist","floor":2.0,"turns":4.0},{"damage":0.0,"enemies":"2 Louse","floor":3.0,"turns":2.0},{"damage":9.0,"enemies":"Blue Slaver","floor":5.0,"turns":7.0},{"damage":22.0,"enemies":"Lagavulin","floor":7.0,"turns":8.0},{"damage":11.0,"enemies":"Gremlin Nob","floor":10.0,"turns":3.0},{"damage":1.0,"enemies":"Exordium Wildlife","floor":11.0,"turns":3.0},{"damage":20.0,"enemies":"3 Sentries","floor":12.0,"turns":8.0},{"damage":0.0,"enemies":"Large Slime","floor":14.0,"turns":3.0},{"damage":60.0,"enemies":"Hexaghost","floor":16.0,"turns":12.0},{"damage":31.0,"enemies":"Spheric Guardian","floor":18.0,"turns":6.0},{"damage":29,"enemies":"Slavers","floor":25,"turns":5},{"damage":7,"enemies":"Shell Parasite","floor":28,"turns":5},{"damage":33,"enemies":"Chosen and Byrds","floor":29,"turns":6},{"damage":8,"enemies":"Snecko","floor":30,"turns":3},{"damage":18,"enemies":"Snake Plant","floor":31,"turns":2}],"seed_played":"-3136352645586601381","potions_obtained":[{"floor":3.0,"key":"SkillPotion"},{"floor":4.0,"key":"SkillPotion"},{"floor":4.0,"key":"Strength Potion"},{"floor":4.0,"key":"Strength Potion"},{"floor":7.0,"key":"Strength Potion"},{"floor":10.0,"key":"LiquidBronze"},{"floor":14.0,"key":"SpeedPotion"},{"floor":18.0,"key":"Fire Potion"},{"floor":30,"key":"Explosive Potion"}],"is_trial":false,"path_per_floor":["M","M","M","?","M","R","E","R","T","E","M","E","R","M","R","B",null,"M","$","?","?","$","R","?","E","T","R","M","M","M","M"],"character_chosen":"IRONCLAD","items_purchased":["Madness","Carnage","Disarm"],"campfire_rested":0,"item_purchase_floors":[19,19,22],"current_hp_per_floor":[95,95,96,96,93,93,77,77,77,72,77,63,63,69,69,15,96,71,71,71,71,71,71,71,48,48,48,47,20,18,0],"gold":199,"neow_bonus":"TWENTY_PERCENT_HP_BONUS","is_prod":false,"is_daily":false,"chose_seed":false,"campfire_upgraded":6,"win_rate":0,"timestamp":1570823049,"path_taken":["M","M","M","?","M","R","E","R","T","E","M","E","R","M","R","BOSS","M","$","?","?","$","R","?","E","T","R","?","M","M","M"],"build_version":"2019-07-17","purchased_purges":1,"victory":false,"max_hp_per_floor":[96,96,96,96,96,96,96,96,96,96,96,96,96,96,96,96,96,96,96,96,96,96,96,96,96,96,96,96,96,96,96],"card_choices":[{"not_picked":["Clash","Headbutt"],"picked":"Iron Wave","floor":1.0},{"not_picked":["Combust","Anger","Rampage"],"picked":"SKIP","floor":2.0},{"not_picked":["Armaments","Anger"],"picked":"Entrench","floor":3.0},{"not_picked":["Burning Pact","Armaments","Shockwave"],"picked":"SKIP","floor":5.0},{"not_picked":["Burning Pact","Shockwave"],"picked":"Armaments","floor":5.0},{"not_picked":["Headbutt","Sever Soul"],"picked":"Pommel Strike","floor":7.0},{"not_picked":["Dual Wield","Ghostly Armor"],"picked":"Uppercut","floor":10.0},{"not_picked":["Combust","Armaments","Reckless Charge"],"picked":"SKIP","floor":11.0},{"not_picked":["Bloodletting","Pommel Strike"],"picked":"Juggernaut","floor":12.0},{"not_picked":["Clothesline","Burning Pact","Anger"],"picked":"SKIP","floor":14.0},{"not_picked":["Reaper","Limit Break"],"picked":"Double Tap","floor":16.0},{"not_picked":["Dropkick+1","Flex"],"picked":"Whirlwind","floor":18.0},{"not_picked":["Whirlwind","Pommel Strike+1"],"picked":"Body Slam+1","floor":25},{"not_picked":["Wild Strike","Whirlwind","Perfected Strike"],"picked":"SKIP","floor":28},{"not_picked":["Sever Soul","Rampage+1","Havoc"],"picked":"SKIP","floor":29},{"not_picked":["Sword Boomerang","Cleave+1","Havoc"],"picked":"SKIP","floor":30}],"player_experience":51607,"relics_obtained":[{"floor":7.0,"key":"Pen Nib"},{"floor":9.0,"key":"Bag of Preparation"},{"floor":10.0,"key":"Smiling Mask"},{"floor":12.0,"key":"Ancient Tea Set"},{"floor":25,"key":"Sundial"},{"floor":26,"key":"Tiny Chest"}],"event_choices":[{"damage_healed":0.0,"max_hp_gain":0.0,"max_hp_loss":0.0,"gold_gain":0.0,"event_name":"Lab","player_choice":"Got Potions","floor":4.0,"gold_loss":0.0,"damage_taken":0.0},{"damage_healed":0.0,"max_hp_gain":0.0,"max_hp_loss":0.0,"gold_gain":0.0,"event_name":"Vampires","player_choice":"Ignored","floor":20.0,"gold_loss":0.0,"damage_taken":0.0},{"damage_healed":0.0,"max_hp_gain":0.0,"max_hp_loss":0.0,"gold_gain":0.0,"cards_transformed":["Strike_R","Defend_R"],"event_name":"Drug Dealer","player_choice":"Became Test Subject","floor":21.0,"gold_loss":0.0,"damage_taken":0.0,"cards_obtained":["Shrug It Off","Reckless Charge"]},{"cards_removed":["Madness"],"damage_healed":0.0,"max_hp_gain":0.0,"max_hp_loss":0.0,"gold_gain":0.0,"event_name":"Back to Basics","player_choice":"Elegance","floor":24.0,"gold_loss":0.0,"damage_taken":0.0}],"is_beta":false,"boss_relics":[{"not_picked":["Runic Pyramid","Runic Cube"],"picked":"Empty Cage"}],"items_purged_floors":[22],"is_endless":false,"potions_floor_spawned":[3,7,10,14,18,30],"killed_by":"Snake Plant","ascension_level":4}