{"gold_per_floor":[18,31,31,42,20,46,46,64,139,20,52,72,3,20,20,123,123,137,137,37,37,53,81,81,81,155,173,184,184],"floor_reached":29,"playtime":3636,"items_purged":[],"score":255,"play_id":"abf771e5-21a2-4853-92c3-c4baf82159e6","local_time":"20180706173913","is_ascension_mode":false,"campfire_choices":[{"data":"Terror","floor":7,"key":"SMITH"},{"floor":15,"key":"REST"},{"floor":25,"key":"REST"}],"neow_cost":"NO_GOLD","seed_source_timestamp":1884822035140657,"circlet_count":0,"master_deck":["Defend_G","Defend_G","Defend_G","Defend_G","Defend_G","Strike_G","Strike_G","Strike_G","Strike_G","Strike_G","Survivor","Neutralize+1","Underhanded Strike","Heel Hook","Terror+1","Dagger Throw","Slice","Acrobatics","Backstab","Deadly Poison","PiercingWail","Prepared","Backstab","Well Laid Plans","Phantasmal Killer","Backflip","Deadly Poison","Dagger Throw+1","Bane","Decay","Blur+1","Bane"],"relics":["Ring of the Snake","Ginger","Bird Faced Urn","Ninja Scroll","Orichalcum","Philosopher\u0027s Stone","Matryoshka","Ancient Tea Set","Bag of Marbles","Gremlin Horn"],"potions_floor_usage":[16,18,23,29],"damage_taken":[{"damage":4,"enemies":"Cultist","floor":1,"turns":5},{"damage":0,"enemies":"Small Slimes","floor":2,"turns":3},{"damage":0,"enemies":"2 Louse","floor":4,"turns":4},{"damage":12,"enemies":"Gremlin Nob","floor":6,"turns":4},{"damage":10,"enemies":"Exordium Thugs","floor":8,"turns":5},{"damage":3,"enemies":"Lagavulin","floor":11,"turns":5},{"damage":10,"enemies":"Large Slime","floor":12,"turns":5},{"damage":0,"enemies":"Blue Slaver","floor":14,"turns":1},{"damage":39,"enemies":"Slime Boss","floor":16,"turns":11},{"damage":10,"enemies":"3 Byrds","floor":18,"turns":4},{"damage":7,"enemies":"Spheric Guardian","floor":22,"turns":3},{"damage":46,"enemies":"Book of Stabbing","floor":23,"turns":6},{"damage":0,"enemies":"Snake Plant","floor":27,"turns":2},{"damage":5,"enemies":"Centurion and Healer","floor":28,"turns":4},{"damage":43,"enemies":"Gremlin Leader","floor":29,"turns":4}],"seed_played":"2606783097551235663","potions_obtained":[{"floor":2,"key":"Fire Potion"},{"floor":11,"key":"Explosive Potion"},{"floor":14,"key":"GhostInAJar"},{"floor":22,"key":"Regen Potion"},{"floor":27,"key":"Energy Potion"}],"is_trial":false,"path_per_floor":["M","M","?","M","$","E","R","M","T","$","E","M","$","M","R","B",null,"M","?","$","?","M","E","?","R","T","M","M"],"character_chosen":"THE_SILENT","items_purchased":["Dagger Throw","Backstab","Deadly Poison","Backstab","Deadly Poison","Explosive Potion"],"campfire_rested":2,"item_purchase_floors":[5,10,10,13,20,20],"current_hp_per_floor":[66,66,66,66,66,54,54,44,44,44,41,31,31,31,52,15,70,62,62,62,62,57,13,13,34,34,34,31,0],"gold":184,"neow_bonus":"ONE_RARE_RELIC","is_prod":false,"is_daily":false,"chose_seed":false,"campfire_upgraded":1,"win_rate":0.0,"timestamp":1530887953,"path_taken":["M","?","?","M","?","E","R","M","T","$","E","?","$","M","R","BOSS","M","?","$","?","?","E","?","R","T","?","?","E"],"build_version":"2018-07-05","purchased_purges":0,"victory":false,"max_hp_per_floor":[70,70,70,70,70,70,70,70,70,70,70,70,70,70,70,70,70,70,70,70,70,70,70,70,70,70,70,70,70],"card_choices":[{"not_picked":["Dodge and Roll","Dagger Spray"],"picked":"Underhanded Strike","floor":1},{"not_picked":["Quick Slash","Deflect"],"picked":"Heel Hook","floor":2},{"not_picked":["PiercingWail","Outmaneuver"],"picked":"Terror","floor":4},{"not_picked":["Flying Knee","Noxious Fumes"],"picked":"Slice","floor":6},{"not_picked":["Malaise","Dagger Spray"],"picked":"Acrobatics","floor":8},{"not_picked":["Infinite Blades","Escape Plan"],"picked":"PiercingWail","floor":11},{"not_picked":["Escape Plan","PiercingWail"],"picked":"Prepared","floor":12},{"not_picked":["A Thousand Cuts","PiercingWail"],"picked":"Well Laid Plans","floor":14},{"not_picked":["After Image","A Thousand Cuts"],"picked":"Phantasmal Killer","floor":16},{"not_picked":["Deadly Poison","Infinite Blades"],"picked":"Backflip","floor":18},{"not_picked":["Prepared","Underhanded Strike"],"picked":"Dagger Throw+1","floor":22},{"not_picked":["Malaise","Acrobatics+1"],"picked":"Bane","floor":23},{"not_picked":["Dodge and Roll","Eviscerate"],"picked":"Blur+1","floor":27},{"not_picked":["Prepared","Underhanded Strike"],"picked":"Bane","floor":28}],"player_experience":21638,"relics_obtained":[{"floor":6,"key":"Bird Faced Urn"},{"floor":9,"key":"Ninja Scroll"},{"floor":11,"key":"Orichalcum"},{"floor":23,"key":"Ancient Tea Set"},{"floor":26,"key":"Bag of Marbles"},{"floor":26,"key":"Gremlin Horn"}],"event_choices":[{"event_name":"Living Wall","player_choice":"Grow","floor":3,"damage_taken":0},{"event_name":"The Mausoleum","player_choice":"Yes","floor":19,"damage_taken":0},{"event_name":"Ghosts","player_choice":"Ignored","floor":21,"damage_taken":0},{"event_name":"Forgotten Altar","player_choice":"Smashed Altar","floor":24,"damage_taken":0}],"boss_relics":[{"not_picked":["Astrolabe","Lizard Tail"],"picked":"Philosopher\u0027s Stone"}],"items_purged_floors":[],"is_endless":false,"potions_floor_spawned":[2,11,14,22,27],"killed_by":"Gremlin Leader","ascension_level":0}