{"gold_per_floor":[217,6,17,33,45,45,76,76,102,142,142,142,142,142,142,222,222,245,264,264,283,299,299,325,334,343,356,356,24,39,66,66,138,138,157,1174,1144,440,459,489,489,501,501,105,130,149,162,197,197,197,197,197,197,74,104,104],"floor_reached":57,"playtime":2187,"items_purged":["Strike_R","Normality","Normality","Normality"],"score":3405,"play_id":"d7c6df8f-3faa-4d76-962e-b92594d4ac98","local_time":"20191011170002","is_ascension_mode":true,"campfire_choices":[{"data":"Armaments","floor":6.0,"key":"SMITH"},{"data":"Body Slam","floor":8.0,"key":"SMITH"},{"floor":11.0,"key":"REST"},{"data":"Uppercut","floor":15.0,"key":"SMITH"},{"data":"Immolate","floor":23.0,"key":"SMITH"},{"data":"Battle Trance","floor":28.0,"key":"SMITH"},{"data":"Deep Breath","floor":32.0,"key":"SMITH"},{"data":"Offering","floor":41.0,"key":"SMITH"},{"floor":49,"key":"RECALL"},{"data":"Evolve","floor":53,"key":"SMITH"}],"neow_cost":"NONE","seed_source_timestamp":11919084667094,"circlet_count":0,"master_deck":["AscendersBane","Strike_R+1","Strike_R+1","Strike_R","Defend_R","Defend_R+1","Defend_R","Defend_R","Bash+1","True Grit","Shrug It Off","Uppercut+1","Armaments+1","Body Slam+1","Impervious","Immolate+1","Seeing Red","Burning Pact+1","Battle Trance+1","Second Wind","Evolve+1","Deep Breath+1","Offering+1","Impervious","Feel No Pain"],"special_seed":0,"relics":["Burning Blood","MealTicket","CeramicFish","PreservedInsect","Cursed Key","Thread and Needle","Runic Pyramid","Medical Kit","Calipers","Potion Belt","ClockworkSouvenir","Sundial","Art of War","Whetstone"],"potions_floor_usage":[56,56,56,56],"damage_taken":[{"damage":6.0,"enemies":"Cultist","floor":1.0,"turns":3.0},{"damage":2.0,"enemies":"Jaw Worm","floor":3.0,"turns":6.0},{"damage":5.0,"enemies":"Small Slimes","floor":4.0,"turns":4.0},{"damage":0.0,"enemies":"3 Louse","floor":5.0,"turns":4.0},{"damage":22.0,"enemies":"Lagavulin","floor":7.0,"turns":7.0},{"damage":56.0,"enemies":"Gremlin Nob","floor":10.0,"turns":5.0},{"damage":3.0,"enemies":"The Guardian","floor":16.0,"turns":15.0},{"damage":0.0,"enemies":"Spheric Guardian","floor":18.0,"turns":4.0},{"damage":6.0,"enemies":"3 Byrds","floor":19.0,"turns":5.0},{"damage":13.0,"enemies":"Centurion and Healer","floor":21.0,"turns":8.0},{"damage":19.0,"enemies":"Snecko","floor":22.0,"turns":6.0},{"damage":16.0,"enemies":"Book of Stabbing","floor":24.0,"turns":5.0},{"damage":18.0,"enemies":"Snake Plant","floor":27.0,"turns":4.0},{"damage":3.0,"enemies":"Centurion and Healer","floor":30.0,"turns":4.0},{"damage":0.0,"enemies":"Slavers","floor":31.0,"turns":3.0},{"damage":2.0,"enemies":"Automaton","floor":33.0,"turns":10.0},{"damage":13.0,"enemies":"Orb Walker","floor":35.0,"turns":4.0},{"damage":13.0,"enemies":"3 Shapes","floor":39.0,"turns":5.0},{"damage":6.0,"enemies":"Giant Head","floor":40.0,"turns":4.0},{"damage":6.0,"enemies":"Writhing Mass","floor":42.0,"turns":6.0},{"damage":6,"enemies":"Nemesis","floor":45,"turns":5},{"damage":6,"enemies":"Sphere and 2 Shapes","floor":46,"turns":3},{"damage":6,"enemies":"Maw","floor":47,"turns":5},{"damage":0,"enemies":"Reptomancer","floor":48,"turns":4},{"damage":6,"enemies":"Time Eater","floor":50,"turns":8},{"damage":6,"enemies":"Donu and Deca","floor":51,"turns":6},{"damage":16,"enemies":"Shield and Spear","floor":55,"turns":6},{"damage":6,"enemies":"The Heart","floor":56,"turns":8}],"seed_played":"8679708439043775414","potions_obtained":[{"floor":1.0,"key":"DuplicationPotion"},{"floor":10.0,"key":"Explosive Potion"},{"floor":16.0,"key":"Fire Potion"},{"floor":19.0,"key":"PowerPotion"},{"floor":22.0,"key":"GamblersBrew"},{"floor":37.0,"key":"FairyPotion"},{"floor":37.0,"key":"SpeedPotion"},{"floor":40.0,"key":"FearPotion"},{"floor":42.0,"key":"SpeedPotion"}],"is_trial":false,"path_per_floor":["M","$","M","M","M","R","E","R","T","E","R","?","?","?","R","B",null,"M","M","?","M","M","R","E","?","T","M","R","$","M","E","R","B",null,"M","?","?","$","M","E","R","M","T","$","E","M","M","E","R","B","B",null,"R","$","E","B",null],"character_chosen":"IRONCLAD","items_purchased":["Shrug It Off","Uppercut","Second Wind","Evolve","Deep Breath","Medical Kit","Offering","Calipers","ClockworkSouvenir","Ancient Potion","Feel No Pain","PowerPotion"],"campfire_rested":1,"item_purchase_floors":[2,2,29,29,29,38,38,38,44,44,54,54],"current_hp_per_floor":[68,68,72,73,75,75,59,59,59,9,31,31,56,33,33,36,65,71,71,71,64,51,51,41,41,41,29,29,44,47,53,53,57,71,64,64,64,75,68,68,68,68,68,75,75,75,75,75,75,75,75,75,75,75,65,65],"gold":104,"neow_bonus":"HUNDRED_GOLD","is_prod":false,"is_daily":false,"chose_seed":false,"campfire_upgraded":8,"win_rate":0,"timestamp":1570784402,"path_taken":["M","$","M","M","M","R","E","R","T","E","R","?","?","?","R","BOSS","M","M","?","?","M","R","E","?","T","M","R","$","M","E","R","BOSS","M","?","?","$","M","E","R","M","T","$","E","M","?","E","R","BOSS","BOSS","R","$","E","BOSS"],"build_version":"2019-10-10","purchased_purges":4,"victory":true,"max_hp_per_floor":[75,75,75,75,75,75,75,75,75,75,75,75,75,75,75,75,75,75,75,75,75,75,75,75,75,75,75,75,75,75,75,75,75,75,75,75,75,75,75,75,75,75,75,75,75,75,75,75,75,75,75,75,75,75,75,75],"card_choices":[{"not_picked":["Bloodletting","Pommel Strike"],"picked":"True Grit","floor":1.0},{"not_picked":["Dual Wield","Sword Boomerang"],"picked":"Armaments","floor":3.0},{"not_picked":["Havoc","Warcry"],"picked":"Body Slam","floor":4.0},{"not_picked":["Clothesline","Wild Strike","Headbutt"],"picked":"SKIP","floor":5.0},{"not_picked":["Demon Form","Thunderclap","Clothesline"],"picked":"SKIP","floor":7.0},{"not_picked":["Sentinel","Entrench"],"picked":"Impervious","floor":10.0},{"not_picked":["Brutality","Bludgeon"],"picked":"Immolate","floor":16.0},{"not_picked":["Perfected Strike","Shrug It Off"],"picked":"Seeing Red","floor":18.0},{"not_picked":["Perfected Strike","Clash","Corruption"],"picked":"SKIP","floor":19.0},{"not_picked":["Blood for Blood","Rupture"],"picked":"Burning Pact+1","floor":21.0},{"not_picked":["Iron Wave+1","Havoc","Carnage"],"picked":"SKIP","floor":22.0},{"not_picked":["Clothesline","Flame Barrier","Juggernaut"],"picked":"SKIP","floor":24.0},{"not_picked":["Sword Boomerang","Anger","Pummel"],"picked":"SKIP","floor":27.0},{"not_picked":["Cleave","Metallicize","Perfected Strike"],"picked":"SKIP","floor":30.0},{"not_picked":["Rampage","Carnage+1","Flex"],"picked":"SKIP","floor":31.0},{"not_picked":["Burning Pact+1","Reckless Charge+1","Cleave"],"picked":"SKIP","floor":35.0},{"not_picked":["Headbutt+1","Clothesline","Perfected Strike"],"picked":"SKIP","floor":39.0},{"not_picked":["Inflame","Perfected Strike","Clothesline"],"picked":"SKIP","floor":40.0},{"not_picked":["Bloodletting","Iron Wave","Pommel Strike"],"picked":"SKIP","floor":42.0},{"not_picked":["Sword Boomerang","Twin Strike+1","Uppercut"],"picked":"SKIP","floor":45},{"not_picked":["Bloodletting+1","Sentinel"],"picked":"Impervious","floor":46},{"not_picked":["Blood for Blood","Armaments+1","Searing Blow"],"picked":"SKIP","floor":47},{"not_picked":["Dropkick","Pommel Strike","Heavy Blade"],"picked":"SKIP","floor":48},{"not_picked":["Metallicize","Pummel","Intimidate"],"picked":"SKIP","floor":55}],"player_experience":1079593,"relics_obtained":[{"floor":7.0,"key":"MealTicket"},{"floor":9.0,"key":"CeramicFish"},{"floor":10.0,"key":"PreservedInsect"},{"floor":31.0,"key":"Thread and Needle"},{"floor":40.0,"key":"Potion Belt"},{"floor":45,"key":"Sundial"},{"floor":48,"key":"Art of War"},{"floor":55,"key":"Whetstone"}],"event_choices":[{"damage_healed":0.0,"max_hp_gain":0.0,"max_hp_loss":0.0,"gold_gain":0.0,"event_name":"Liars Game","player_choice":"Ignored","floor":12.0,"gold_loss":0.0,"damage_taken":0.0},{"damage_healed":25.0,"max_hp_gain":0.0,"max_hp_loss":0.0,"gold_gain":0.0,"event_name":"Big Fish","player_choice":"Banana","floor":13.0,"gold_loss":0.0,"damage_taken":0.0},{"damage_healed":0.0,"max_hp_gain":0.0,"max_hp_loss":0.0,"gold_gain":0.0,"event_name":"Shining Light","player_choice":"Entered Light","floor":14.0,"gold_loss":0.0,"damage_taken":23.0,"cards_upgraded":["Defend_R","Strike_R"]},{"cards_removed":["Strike_R"],"damage_healed":0.0,"max_hp_gain":0.0,"max_hp_loss":0.0,"gold_gain":0.0,"event_name":"Bonfire Elementals","player_choice":"Offered Basic","floor":20.0,"gold_loss":0.0,"damage_taken":0.0},{"damage_healed":0.0,"max_hp_gain":0.0,"max_hp_loss":0.0,"gold_gain":0.0,"event_name":"The Library","player_choice":"Read","floor":25.0,"gold_loss":0.0,"damage_taken":0.0,"cards_obtained":["Battle Trance"]},{"damage_healed":0.0,"max_hp_gain":0.0,"max_hp_loss":0.0,"gold_gain":999.0,"event_name":"MindBloom","player_choice":"Gold","floor":36.0,"gold_loss":0.0,"damage_taken":0.0,"cards_obtained":["Normality","Normality"]},{"damage_healed":0.0,"max_hp_gain":0.0,"max_hp_loss":0.0,"gold_gain":0.0,"event_name":"The Woman in Blue","player_choice":"Bought 2 Potions","floor":37.0,"gold_loss":0.0,"damage_taken":0.0}],"is_beta":true,"boss_relics":[{"not_picked":["Tiny House","Snecko Eye"],"picked":"Cursed Key"},{"not_picked":["Velvet Choker","Black Star"],"picked":"Runic Pyramid"}],"items_purged_floors":[2,29,38,44],"is_endless":false,"potions_floor_spawned":[1,10,16,19,22,30,40,42,45,47,48],"ascension_level":20}