{"gold_per_floor":[118,118,135,210,228,228,198,229,254,254],"floor_reached":10,"playtime":523,"items_purged":[],"score":73,"play_id":"931efc39-7b81-4ff9-a4ee-6a59d0073488","local_time":"20191006181829","is_ascension_mode":true,"campfire_choices":[{"data":"Footwork","floor":6,"key":"SMITH"}],"neow_cost":"NONE","seed_source_timestamp":117444356586200,"circlet_count":0,"master_deck":["Strike_G","Strike_G","Strike_G","Strike_G","Strike_G","Defend_G","Defend_G","Defend_G","Defend_G","Defend_G","Survivor","Neutralize","Footwork+1","Dodge and Roll","Dodge and Roll"],"relics":["Ring of the Snake","Smiling Mask","Orichalcum"],"potions_floor_usage":[],"damage_taken":[{"damage":4,"enemies":"Small Slimes","floor":1,"turns":4},{"damage":0,"enemies":"Cultist","floor":3,"turns":5},{"damage":0,"enemies":"Jaw Worm","floor":5,"turns":5},{"damage":11,"enemies":"Looter","floor":7,"turns":4},{"damage":29,"enemies":"3 Sentries","floor":8,"turns":17},{"damage":13,"enemies":"Gremlin Nob","floor":10,"turns":5}],"seed_played":"-4466688266006461051","potions_obtained":[{"floor":1,"key":"SteroidPotion"},{"floor":3,"key":"SteroidPotion"}],"is_trial":false,"path_per_floor":["M","$","M","?","M","R","M","E","T","E"],"character_chosen":"THE_SILENT","items_purchased":[],"campfire_rested":0,"item_purchase_floors":[],"current_hp_per_floor":[73,73,73,66,66,66,55,26,26,13],"gold":254,"neow_bonus":"TEN_PERCENT_HP_BONUS","is_prod":false,"is_daily":false,"chose_seed":false,"campfire_upgraded":1,"win_rate":0,"timestamp":1570378709,"path_taken":["M","$","M","?","M","R","M","E","T","E"],"build_version":"2019-07-17","purchased_purges":0,"victory":false,"max_hp_per_floor":[77,77,77,77,77,77,77,77,77,77],"card_choices":[{"not_picked":["Heel Hook","All Out Attack"],"picked":"Footwork","floor":1},{"not_picked":["Dagger Throw","Reflex","Skewer"],"picked":"SKIP","floor":3},{"not_picked":["Sucker Punch","Prepared","Flying Knee"],"picked":"SKIP","floor":5},{"not_picked":["Backflip","Prepared"],"picked":"Dodge and Roll","floor":7},{"not_picked":["Sucker Punch","Underhanded Strike"],"picked":"Dodge and Roll","floor":8}],"player_experience":228807,"relics_obtained":[{"floor":8,"key":"Smiling Mask"},{"floor":9,"key":"Orichalcum"}],"event_choices":[{"damage_healed":0,"gold_gain":75,"player_choice":"Touch","damage_taken":7,"max_hp_gain":0,"max_hp_loss":0,"event_name":"FaceTrader","floor":4,"gold_loss":0}],"is_beta":false,"boss_relics":[],"items_purged_floors":[],"is_endless":false,"potions_floor_spawned":[1,3],"killed_by":"Gremlin Nob","ascension_level":2}