{"gold_per_floor":[119,129,147,147,161,161,195,210,237,127,139,139,158,158,158,260,260,280,294,294,294],"floor_reached":21,"playtime":963,"items_purged":[],"score":183,"play_id":"57ecf52d-29f4-4e71-a225-995d2158b4f8","local_time":"20191002194259","is_ascension_mode":false,"campfire_choices":[{"data":"Zap","floor":6,"key":"SMITH"},{"floor":12,"key":"REST"},{"floor":15,"key":"REST"}],"neow_cost":"NONE","seed_source_timestamp":509367747569600,"circlet_count":0,"master_deck":["Strike_B","Strike_B","Strike_B","Defend_B","Defend_B","Defend_B","Defend_B","Zap+1","Dualcast","Gash","Go for the Eyes","Hologram","Hyperbeam","Go for the Eyes","Seek","White Noise"],"relics":["Cracked Core","Centennial Puzzle","The Courier","Juzu Bracelet","Bag of Marbles","Eternal Feather"],"potions_floor_usage":[16,16],"damage_taken":[{"damage":1,"enemies":"Cultist","floor":1,"turns":3},{"damage":5,"enemies":"Small Slimes","floor":2,"turns":3},{"damage":3,"enemies":"Jaw Worm","floor":3,"turns":3},{"damage":17,"enemies":"3 Louse","floor":5,"turns":4},{"damage":29,"enemies":"3 Sentries","floor":7,"turns":7},{"damage":3,"enemies":"Gremlin Gang","floor":8,"turns":5},{"damage":0,"enemies":"Exordium Wildlife","floor":11,"turns":1},{"damage":1,"enemies":"Red Slaver","floor":13,"turns":3},{"damage":40,"enemies":"Hexaghost","floor":16,"turns":11},{"damage":29,"enemies":"2 Thieves","floor":18,"turns":3},{"damage":20,"enemies":"Spheric Guardian","floor":19,"turns":5},{"damage":15,"enemies":"Snake Plant","floor":21,"turns":3}],"seed_played":"-7860855336157428999","potions_obtained":[{"floor":5,"key":"Strength Potion"},{"floor":7,"key":"Ancient Potion"},{"floor":13,"key":"Regen Potion"},{"floor":16,"key":"PowerPotion"},{"floor":18,"key":"SpeedPotion"}],"is_trial":false,"path_per_floor":["M","M","M","?","M","R","E","M","T","$","M","R","M","?","R","B",null,"M","M","?","M"],"character_chosen":"DEFECT","items_purchased":["Hyperbeam"],"campfire_rested":2,"item_purchase_floors":[10],"current_hp_per_floor":[74,69,66,63,46,46,17,14,14,14,14,36,35,28,50,25,75,46,26,12,0],"gold":294,"neow_bonus":"RANDOM_COMMON_RELIC","is_prod":false,"is_daily":false,"chose_seed":false,"campfire_upgraded":1,"win_rate":0.0,"timestamp":1570038179,"path_taken":["M","?","M","?","M","R","E","M","T","$","M","R","M","?","R","BOSS","M","M","?","M"],"build_version":"2019-07-17","purchased_purges":0,"victory":false,"max_hp_per_floor":[75,75,75,75,75,75,75,75,75,75,75,75,75,75,75,75,75,75,75,80,80],"card_choices":[{"not_picked":["Conserve Battery","Cold Snap","Heatsinks"],"picked":"SKIP","floor":1},{"not_picked":["Conserve Battery","Capacitor","Barrage"],"picked":"SKIP","floor":2},{"not_picked":["Barrage","Conserve Battery"],"picked":"Gash","floor":3},{"not_picked":["Force Field","Coolheaded","Ball Lightning"],"picked":"SKIP","floor":5},{"not_picked":["Biased Cognition","Coolheaded"],"picked":"Go for the Eyes","floor":7},{"not_picked":["Hello World","Rebound"],"picked":"Hologram","floor":8},{"not_picked":["Barrage","Chill"],"picked":"Go for the Eyes","floor":11},{"not_picked":["Compile Driver","Leap"],"picked":"Seek","floor":13},{"not_picked":["Barrage","Blizzard"],"picked":"White Noise","floor":18},{"not_picked":["Darkness","Consume+1","Hologram"],"picked":"SKIP","floor":19}],"player_experience":147336,"relics_obtained":[{"floor":7,"key":"Juzu Bracelet"},{"floor":9,"key":"Bag of Marbles"}],"event_choices":[{"damage_healed":0,"gold_gain":0,"player_choice":"Success","damage_taken":3,"relics_obtained":["The Courier"],"max_hp_gain":0,"max_hp_loss":0,"event_name":"Scrap Ooze","floor":4,"gold_loss":0},{"cards_removed":["Strike_B"],"damage_healed":0,"gold_gain":0,"player_choice":"Card Removal","damage_taken":7,"max_hp_gain":0,"max_hp_loss":0,"event_name":"Golden Wing","floor":14,"gold_loss":0},{"damage_healed":0,"gold_gain":0,"player_choice":"Shed Blood","damage_taken":19,"max_hp_gain":5,"max_hp_loss":0,"event_name":"Forgotten Altar","floor":20,"gold_loss":0}],"is_beta":false,"boss_relics":[{"not_picked":["Cursed Key","Coffee Dripper"],"picked":"Eternal Feather"}],"items_purged_floors":[],"is_endless":false,"potions_floor_spawned":[5,7,13,16,18],"killed_by":"Snake Plant","ascension_level":0}