{"gold_per_floor":[112,126,126,143,162,192,192,221,245,37,56,117,129,82,82,158,158,170,205,205,217,32,32,48,48,94,13,26,26,26,46,46,124,124,136,136,152,166,185,215,240,266,278,290,302,25,25,41,41,41,41,41,41,41,74,74],"floor_reached":57,"playtime":2763,"items_purged":["Strike_B","Barrage","Rip and Tear"],"score":2862,"play_id":"17f89f60-a37a-4c01-90d6-92099fdcb2a0","local_time":"20191002165420","is_ascension_mode":true,"campfire_choices":[{"data":"Apotheosis","floor":7.0,"key":"SMITH"},{"data":"Defragment","floor":15.0,"key":"SMITH"},{"floor":23.0,"key":"REST"},{"floor":25.0,"key":"REST"},{"floor":30.0,"key":"REST"},{"data":"Heatsinks","floor":32.0,"key":"SMITH"},{"floor":45.0,"key":"RECALL"},{"data":"Seek","floor":49.0,"key":"SMITH"},{"data":"Recycle","floor":53,"key":"SMITH"}],"neow_cost":"PERCENT_DAMAGE","seed_source_timestamp":864123344713546,"circlet_count":0,"master_deck":["AscendersBane","Zap","Dualcast","Apotheosis+1","Recycle+1","Cold Snap","Defragment+1","Coolheaded","Coolheaded","Lockon","Hologram","Heatsinks+1","Glacier","Meteor Strike","Ball Lightning","Amplify","Coolheaded","Coolheaded","Coolheaded+1","Biased Cognition","Undo","Electrodynamics","Turbo+1","Compile Driver","Seek+1","White Noise","BootSequence","Turbo","Skim","Fusion+1","Meteor Strike","Turbo","Go for the Eyes"],"special_seed":0,"relics":["Cracked Core","Centennial Puzzle","Bag of Marbles","InkBottle","Tiny Chest","Pandora\u0027s Box","Red Mask","Toy Ornithopter","Runic Pyramid","MawBank","OrangePellets","Symbiotic Virus"],"potions_floor_usage":[50,56],"damage_taken":[{"damage":1.0,"enemies":"2 Louse","floor":1.0,"turns":3.0},{"damage":0.0,"enemies":"Cultist","floor":2.0,"turns":3.0},{"damage":0.0,"enemies":"Small Slimes","floor":4.0,"turns":4.0},{"damage":0.0,"enemies":"2 Fungi Beasts","floor":5.0,"turns":3.0},{"damage":41.0,"enemies":"3 Sentries","floor":6.0,"turns":10.0},{"damage":8.0,"enemies":"Lagavulin","floor":8.0,"turns":5.0},{"damage":1.0,"enemies":"Looter","floor":11.0,"turns":2.0},{"damage":4.0,"enemies":"3 Sentries","floor":12.0,"turns":7.0},{"damage":5.0,"enemies":"Gremlin Gang","floor":13.0,"turns":3.0},{"damage":0.0,"enemies":"Hexaghost","floor":16.0,"turns":10.0},{"damage":24.0,"enemies":"2 Thieves","floor":18.0,"turns":5.0},{"damage":21.0,"enemies":"Masked Bandits","floor":19.0,"turns":5.0},{"damage":11.0,"enemies":"Shell Parasite","floor":21.0,"turns":4.0},{"damage":29.0,"enemies":"Chosen and Byrds","floor":24.0,"turns":8.0},{"damage":0.0,"enemies":"Snecko","floor":28.0,"turns":6.0},{"damage":0.0,"enemies":"3 Cultists","floor":31.0,"turns":3.0},{"damage":0.0,"enemies":"Champ","floor":33.0,"turns":5.0},{"damage":10.0,"enemies":"3 Darklings","floor":35.0,"turns":3.0},{"damage":10.0,"enemies":"Orb Walker","floor":37.0,"turns":2.0},{"damage":10.0,"enemies":"Spire Growth","floor":38.0,"turns":5.0},{"damage":20.0,"enemies":"Jaw Worm Horde","floor":39.0,"turns":2.0},{"damage":0.0,"enemies":"Giant Head","floor":40.0,"turns":3.0},{"damage":0.0,"enemies":"4 Shapes","floor":41.0,"turns":3.0},{"damage":6.0,"enemies":"Sphere and 2 Shapes","floor":42.0,"turns":2.0},{"damage":0.0,"enemies":"Writhing Mass","floor":48.0,"turns":3.0},{"damage":20,"enemies":"Awakened One","floor":50,"turns":6},{"damage":12,"enemies":"Donu and Deca","floor":51,"turns":3},{"damage":17,"enemies":"Shield and Spear","floor":55,"turns":3},{"damage":20,"enemies":"The Heart","floor":56,"turns":9}],"seed_played":"-8147426534256487736","potions_obtained":[{"floor":2.0,"key":"Regen Potion"},{"floor":5.0,"key":"Weak Potion"},{"floor":12.0,"key":"DuplicationPotion"},{"floor":13.0,"key":"Fire Potion"},{"floor":16.0,"key":"Regen Potion"},{"floor":24.0,"key":"SteroidPotion"},{"floor":28.0,"key":"SpeedPotion"},{"floor":37.0,"key":"Regen Potion"},{"floor":39.0,"key":"SteroidPotion"},{"floor":40.0,"key":"Regen Potion"},{"floor":42.0,"key":"Swift Potion"}],"is_trial":false,"path_per_floor":["M","M","?","M","M","E","R","E","T","$","M","E","M","?","R","B",null,"M","?","?","M","$","R","M","R","T","$","M","?","R","M","R","B",null,"M","?","M","M","M","E","M","M","T","?","R","$","$","M","R","B","B",null,"R","$","E","B",null],"character_chosen":"DEFECT","items_purchased":["Coolheaded","Lockon","Biased Cognition","Electrodynamics","OrangePellets"],"campfire_rested":3,"item_purchase_floors":[10,10,22,27,46],"current_hp_per_floor":[45,45,45,45,45,19,19,11,11,11,10,6,1,1,1,1,54,30,23,23,12,12,33,4,25,25,25,25,25,46,46,46,46,65,55,55,50,54,34,34,44,38,38,38,38,38,38,38,38,23,11,53,53,53,36,21],"gold":74,"neow_bonus":"RANDOM_COLORLESS_2","is_prod":false,"is_daily":false,"chose_seed":false,"campfire_upgraded":5,"win_rate":0,"timestamp":1570006460,"path_taken":["M","M","?","M","?","E","R","E","T","$","M","E","M","?","R","BOSS","M","?","?","?","$","R","M","R","T","?","M","?","R","M","R","BOSS","M","?","M","M","M","E","M","M","T","?","R","?","$","M","R","BOSS","BOSS","R","$","E","BOSS"],"build_version":"2019-10-01","purchased_purges":3,"victory":true,"max_hp_per_floor":[71,71,71,71,71,71,71,71,71,71,71,71,71,71,71,71,71,71,71,71,71,71,71,71,71,71,71,71,71,71,71,71,71,71,71,67,67,67,67,67,67,67,67,67,67,67,67,67,67,67,67,67,67,67,67,67],"card_choices":[{"not_picked":["Panache","Secret Weapon"],"picked":"Apotheosis","floor":0.0},{"not_picked":["Rebound","Steam","Streamline"],"picked":"SKIP","floor":1.0},{"not_picked":["Leap","Streamline"],"picked":"Recycle","floor":2.0},{"not_picked":["Thunder Strike","Hologram"],"picked":"Cold Snap","floor":4.0},{"not_picked":["Ball Lightning","Turbo"],"picked":"Defragment","floor":5.0},{"not_picked":["Sweeping Beam","Steam","Streamline"],"picked":"SKIP","floor":6.0},{"not_picked":["Go for the Eyes","Doom and Gloom"],"picked":"Coolheaded","floor":8.0},{"not_picked":["Static Discharge","Double Energy"],"picked":"Hologram","floor":11.0},{"not_picked":["Beam Cell","Rainbow"],"picked":"Heatsinks","floor":12.0},{"not_picked":["Rebound","Steam"],"picked":"Glacier","floor":13.0},{"not_picked":["Fission","All For One"],"picked":"Meteor Strike","floor":16.0},{"not_picked":["Go for the Eyes","Barrage+1"],"picked":"Coolheaded","floor":18.0},{"not_picked":["Barrage","Streamline"],"picked":"Coolheaded+1","floor":21.0},{"not_picked":["Redo","Reinforced Body"],"picked":"Undo","floor":24.0},{"not_picked":["Ball Lightning+1","Compile Driver"],"picked":"Turbo+1","floor":28.0},{"not_picked":["Capacitor","Rainbow"],"picked":"Compile Driver","floor":31.0},{"not_picked":["Multi-Cast","All For One"],"picked":"Seek","floor":33.0},{"not_picked":["Beam Cell","Streamline"],"picked":"White Noise","floor":35.0},{"not_picked":["Sweeping Beam+1","White Noise"],"picked":"BootSequence","floor":37.0},{"not_picked":["Darkness+1","Steam"],"picked":"Turbo","floor":38.0},{"not_picked":["Redo","Double Energy"],"picked":"Skim","floor":39.0},{"not_picked":["Sweeping Beam","Genetic Algorithm"],"picked":"Fusion+1","floor":40.0},{"not_picked":["Sweeping Beam","Hologram"],"picked":"Meteor Strike","floor":41.0},{"not_picked":["Cold Snap","Ball Lightning"],"picked":"Turbo","floor":42.0},{"not_picked":["Coolheaded","Compile Driver","Rebound"],"picked":"SKIP","floor":48.0},{"not_picked":["Cold Snap","Streamline"],"picked":"Go for the Eyes","floor":55}],"player_experience":1047687,"relics_obtained":[{"floor":6.0,"key":"Centennial Puzzle"},{"floor":8.0,"key":"Bag of Marbles"},{"floor":9.0,"key":"InkBottle"},{"floor":12.0,"key":"Tiny Chest"},{"floor":19.0,"key":"Red Mask"},{"floor":26.0,"key":"Toy Ornithopter"},{"floor":40.0,"key":"MawBank"},{"floor":55,"key":"Symbiotic Virus"}],"event_choices":[{"cards_removed":["Strike_B"],"damage_healed":0.0,"max_hp_gain":0.0,"max_hp_loss":0.0,"gold_gain":0.0,"event_name":"Purifier","player_choice":"Purged","floor":3.0,"gold_loss":0.0,"damage_taken":0.0},{"damage_healed":0.0,"max_hp_gain":0.0,"max_hp_loss":0.0,"gold_gain":0.0,"event_name":"World of Goop","player_choice":"Left Gold","floor":14.0,"gold_loss":47.0,"damage_taken":0.0},{"damage_healed":0.0,"max_hp_gain":0.0,"max_hp_loss":0.0,"gold_gain":0.0,"event_name":"Masked Bandits","player_choice":"Fought Bandits","floor":19.0,"gold_loss":0.0,"damage_taken":0.0},{"damage_healed":0.0,"max_hp_gain":0.0,"max_hp_loss":0.0,"gold_gain":0.0,"event_name":"Upgrade Shrine","player_choice":"Upgraded","floor":20.0,"gold_loss":0.0,"damage_taken":0.0,"cards_upgraded":["Sunder"]},{"damage_healed":0.0,"max_hp_gain":0.0,"max_hp_loss":0.0,"gold_gain":0.0,"event_name":"The Mausoleum","player_choice":"Ignored","floor":29.0,"gold_loss":0.0,"damage_taken":0.0},{"damage_healed":0.0,"max_hp_gain":0.0,"max_hp_loss":4.0,"gold_gain":0.0,"event_name":"Winding Halls","player_choice":"Max HP","floor":36.0,"gold_loss":0.0,"damage_taken":0.0},{"cards_removed":["Sunder"],"damage_healed":0.0,"max_hp_gain":0.0,"max_hp_loss":0.0,"gold_gain":0.0,"event_name":"Falling","player_choice":"Removed Attack","floor":44.0,"gold_loss":0.0,"damage_taken":0.0}],"is_beta":true,"boss_relics":[{"not_picked":["Fusion Hammer","Busted Crown"],"picked":"Pandora\u0027s Box"},{"not_picked":["Tiny House","Empty Cage"],"picked":"Runic Pyramid"}],"items_purged_floors":[10,22,46],"is_endless":false,"potions_floor_spawned":[2,5,12,13,16,24,28,31,37,39,40,42],"ascension_level":20}