{"path_per_floor":["M","M","M","?","?","E","R","M","T","R","E","?","$","M","R","B",null,"M","M","M"],"character_chosen":"THE_SILENT","items_purchased":["Bottled Lightning","Bane"],"gold_per_floor":[113,126,136,236,236,267,267,283,283,283,314,314,38,49,49,151,151,164,174,191],"floor_reached":21,"campfire_rested":2,"playtime":1924,"current_hp_per_floor":[67,67,62,62,62,33,33,26,26,47,17,17,17,11,32,26,70,46,27,18],"items_purged":[],"gold":191,"play_id":"c4a0e29c-6260-4100-8d42-f7450907a7fc","is_prod":false,"is_daily":false,"is_ascension_mode":false,"campfire_upgraded":0,"path_taken":["M","M","M","?","?","E","R","M","T","R","E","?","?","M","R","BOSS","M","M","M","M"],"build_version":"2018-01-25-PROD3","purchased_purges":0,"victory":false,"master_deck":["Defend_G","Defend_G","Defend_G","Defend_G","Defend_G","Strike_G","Strike_G","Survivor","Neutralize","Acrobatics","Terror+1","Distraction","Noxious Fumes","Well Laid Plans","Blade Dance","Neutralize","Bane","Flying Knee","Corpse Explosion","Finisher+1","Outmaneuver+1","Finisher+1","Noxious Fumes","Backflip","Acrobatics"],"max_hp_per_floor":[70,70,70,70,70,70,70,70,70,70,70,70,70,70,70,70,70,70,70,70],"relics":["Question Card","Girya","Shuriken","Pantograph","Bottled Lightning","Astrolabe"],"card_choices":[{"not_picked":["Slice","Backstab","Deflect"],"picked":"Acrobatics"},{"not_picked":["Escape Plan","Night Terror","Dash"],"picked":"Terror"},{"not_picked":["Blur","Endless Agony","PiercingWail"],"picked":"Distraction"},{"not_picked":["Quick Slash","Distraction","Bane"],"picked":"Noxious Fumes"},{"not_picked":["Bane","Calculated Gamble","Flying Knee"],"picked":"Well Laid Plans"},{"not_picked":["Deflect","Dagger Spray","Sucker Punch"],"picked":"Blade Dance"},{"not_picked":["Blur","Dagger Spray","Heel Hook"],"picked":"Flying Knee"},{"not_picked":["Night Terror","Wraith Form","Adrenaline"],"picked":"Corpse Explosion"},{"not_picked":["Masterful Stab","Deadly Poison","Dagger Throw"],"picked":"Noxious Fumes"},{"not_picked":["Dagger Spray","Outmaneuver","Die Die Die"],"picked":"Backflip"},{"not_picked":["Flying Knee","Outmaneuver","Dodge and Roll"],"picked":"Acrobatics"}],"player_experience":11538,"potions_floor_usage":[6,20],"damage_taken":[{"damage":3,"enemies":"2 Louse","floor":1,"turns":3},{"damage":0,"enemies":"Blue Slaver","floor":2,"turns":7},{"damage":5,"enemies":"Small Slimes","floor":3,"turns":5},{"damage":29,"enemies":"Lagavulin","floor":6,"turns":11},{"damage":7,"enemies":"Exordium Thugs","floor":8,"turns":5},{"damage":30,"enemies":"Gremlin Nob","floor":11,"turns":5},{"damage":6,"enemies":"3 Louse","floor":14,"turns":4},{"damage":31,"enemies":"The Guardian","floor":16,"turns":6},{"damage":24,"enemies":"2 Thieves","floor":18,"turns":3},{"damage":19,"enemies":"Shell Parasite","floor":19,"turns":4},{"damage":9,"enemies":"Centurion and Healer","floor":20,"turns":4},{"damage":27,"enemies":"Snecko","floor":21,"turns":4}],"event_choices":[{"event_name":"Golden Shrine","player_choice":"Pray","floor":4,"damage_taken":0},{"event_name":"Living Wall","player_choice":"Grow","floor":5,"damage_taken":0},{"event_name":"Match and Keep!","player_choice":"1 cards matched","floor":12,"damage_taken":0}],"boss_relics":[{"not_picked":["Snecko Eye","Runic Dome"],"picked":"Astrolabe"}],"potions_floor_spawned":[3,14,16,18,19],"seed_played":"-1317108178299913134","killed_by":"Snecko","ascension_level":0,"is_trial":false}