{"gold_per_floor":[114,130,130,130,33,33,33,33,33,33,69,88,88,106,106,200,200,215,140,140,155,174,174,94,109,109,109,145,145,69,90,90,180,180,205,218,218,218,218,218,232,102,102,120,63,63,63,63,63,63,63,63,63,9,53,53],"floor_reached":56,"playtime":2460,"items_purged":["Steam Power"],"score":1822,"play_id":"6ad68b78-5de3-4120-aa6e-06cdb5de8307","local_time":"20191017152717","is_ascension_mode":true,"campfire_choices":[{"data":"Zap","floor":6.0,"key":"SMITH"},{"data":"Dualcast","floor":8.0,"key":"SMITH"},{"data":"Skim","floor":10.0,"key":"SMITH"},{"data":"Hologram","floor":13.0,"key":"SMITH"},{"data":"Turbo","floor":15.0,"key":"SMITH"},{"data":"Fusion","floor":23.0,"key":"SMITH"},{"data":"Redo","floor":27.0,"key":"SMITH"},{"data":"Coolheaded","floor":29.0,"key":"SMITH"},{"data":"Sunder","floor":32.0,"key":"SMITH"},{"data":"Heatsinks","floor":40.0,"key":"SMITH"},{"data":"Coolheaded","floor":47.0,"key":"SMITH"},{"floor":49.0,"key":"RECALL"},{"data":"Purity","floor":53.0,"key":"SMITH"}],"neow_cost":"NONE","seed_source_timestamp":523055361453804,"circlet_count":0,"master_deck":["AscendersBane","Zap+1","Dualcast+1","CurseOfTheBell","Conserve Battery","Doom and Gloom+1","Skim+1","Cold Snap","BootSequence","Hologram+1","Turbo+1","Glacier","Darkness+1","Machine Learning","Beam Cell","Force Field","Double Energy","Fusion+1","Redo+1","Self Repair","Coolheaded+1","Loop","Sunder+1","Creative AI","White Noise+1","Heatsinks+1","Coolheaded+1","Compile Driver","Skim","Purity+1","White Noise"],"special_seed":0,"relics":["Calling Bell","Ancient Tea Set","Mummified Hand","FossilizedHelix","Golden Idol","White Beast Statue","Blood Vial","Pandora\u0027s Box","Potion Belt","Runic Pyramid","DataDisk","Pear","Blue Candle"],"potions_floor_usage":[56,56,56],"damage_taken":[{"damage":0.0,"enemies":"2 Louse","floor":1.0,"turns":5.0},{"damage":0.0,"enemies":"Small Slimes","floor":2.0,"turns":4.0},{"damage":13.0,"enemies":"3 Sentries","floor":11.0,"turns":10.0},{"damage":0.0,"enemies":"Jaw Worm","floor":12.0,"turns":2.0},{"damage":0.0,"enemies":"Blue Slaver","floor":14.0,"turns":4.0},{"damage":30.0,"enemies":"Slime Boss","floor":16.0,"turns":10.0},{"damage":2.0,"enemies":"Shell Parasite","floor":18.0,"turns":5.0},{"damage":0.0,"enemies":"Chosen","floor":21.0,"turns":4.0},{"damage":0.0,"enemies":"Centurion and Healer","floor":22.0,"turns":4.0},{"damage":0.0,"enemies":"Snecko","floor":25.0,"turns":5.0},{"damage":17.0,"enemies":"Book of Stabbing","floor":28.0,"turns":4.0},{"damage":5.0,"enemies":"Chosen and Byrds","floor":31.0,"turns":5.0},{"damage":16.0,"enemies":"Collector","floor":33.0,"turns":9.0},{"damage":18.0,"enemies":"3 Darklings","floor":35.0,"turns":5.0},{"damage":9.0,"enemies":"3 Shapes","floor":36.0,"turns":5.0},{"damage":0.0,"enemies":"Jaw Worm Horde","floor":41.0,"turns":4.0},{"damage":0.0,"enemies":"Maw","floor":44.0,"turns":5.0},{"damage":0.0,"enemies":"Donu and Deca","floor":50.0,"turns":6.0},{"damage":23.0,"enemies":"Time Eater","floor":51.0,"turns":12.0},{"damage":29.0,"enemies":"Shield and Spear","floor":55.0,"turns":7.0},{"damage":96,"enemies":"The Heart","floor":56,"turns":9}],"seed_played":"-7612410781073421260","potions_obtained":[{"floor":2.0,"key":"Ancient Potion"},{"floor":11.0,"key":"FocusPotion"},{"floor":28.0,"key":"Energy Potion"},{"floor":31.0,"key":"SteroidPotion"},{"floor":33.0,"key":"PotionOfCapacity"},{"floor":35.0,"key":"Energy Potion"},{"floor":36.0,"key":"DistilledChaos"},{"floor":55.0,"key":"Swift Potion"}],"is_trial":false,"path_per_floor":["M","M","?","?","$","R","?","R","T","R","E","M","R","M","R","B",null,"M","?","?","M","M","R","$","M","T","R","E","R","$","M","R","B",null,"M","M","?","?","T","R","M","$","T","M","$","?","R","?","R","B","B",null,"R","$","E","B"],"character_chosen":"DEFECT","items_purchased":["Skim","Cold Snap","Self Repair","Loop","Compile Driver","FocusPotion","Weak Potion"],"campfire_rested":0,"item_purchase_floors":[5,5,24,30,42,45,54],"current_hp_per_floor":[64,64,43,66,66,66,64,64,64,64,51,53,53,55,55,27,55,55,55,55,57,59,59,59,64,64,64,54,54,54,58,58,51,61,52,52,52,52,52,52,61,61,71,71,71,61,61,61,61,70,55,67,67,67,47,0],"gold":53,"neow_bonus":"BOSS_RELIC","is_prod":false,"is_daily":false,"chose_seed":false,"campfire_upgraded":12,"win_rate":0,"timestamp":1571297237,"path_taken":["M","M","?","?","$","R","?","R","T","R","E","M","R","M","R","BOSS","M","?","?","?","M","R","$","M","T","R","E","R","$","?","R","BOSS","M","?","?","?","?","R","M","$","T","M","$","?","R","?","R","BOSS","BOSS","R","$","E","BOSS"],"build_version":"2019-10-16","purchased_purges":1,"victory":false,"max_hp_per_floor":[71,71,71,71,71,71,64,64,64,64,64,64,64,64,64,64,64,64,64,64,64,64,64,64,64,64,64,64,64,64,64,64,64,64,64,64,61,61,61,61,61,61,71,71,71,71,71,71,71,71,71,71,71,71,71,71],"card_choices":[{"not_picked":["Steam Power","Aggregate"],"picked":"Conserve Battery","floor":1.0},{"not_picked":["Barrage","Gash"],"picked":"Doom and Gloom","floor":2.0},{"not_picked":["Blizzard","Redo"],"picked":"BootSequence","floor":11.0},{"not_picked":["Thunder Strike","Leap"],"picked":"Hologram","floor":12.0},{"not_picked":["Cold Snap","Streamline"],"picked":"Turbo","floor":14.0},{"not_picked":["Electrodynamics","Hyperbeam"],"picked":"Core Surge","floor":16.0},{"not_picked":["Steam Power","Force Field"],"picked":"Fusion","floor":18.0},{"not_picked":["Rip and Tear","Gash+1"],"picked":"Redo","floor":21.0},{"not_picked":["Redo","Gash","Fusion"],"picked":"SKIP","floor":22.0},{"not_picked":["Streamline+1","Consume"],"picked":"Coolheaded","floor":25.0},{"not_picked":["Thunder Strike","Go for the Eyes","Conserve Battery"],"picked":"SKIP","floor":28.0},{"not_picked":["Conserve Battery","Redo"],"picked":"Sunder","floor":31.0},{"not_picked":["Buffer","Rainbow"],"picked":"Creative AI","floor":33.0},{"not_picked":["Sweeping Beam+1","Sunder"],"picked":"White Noise+1","floor":35.0},{"not_picked":["Streamline","Stack"],"picked":"Heatsinks","floor":36.0},{"not_picked":["Steam","Reinforced Body"],"picked":"Coolheaded","floor":41.0},{"not_picked":["Go for the Eyes","Redo"],"picked":"Skim","floor":44.0},{"not_picked":["Bandage Up","Good Instincts"],"picked":"Purity","floor":46.0},{"not_picked":["Reinforced Body","Fusion"],"picked":"White Noise","floor":55.0}],"player_experience":1099583,"relics_obtained":[{"floor":0.0,"key":"Ancient Tea Set"},{"floor":0.0,"key":"Mummified Hand"},{"floor":0.0,"key":"FossilizedHelix"},{"floor":9.0,"key":"White Beast Statue"},{"floor":11.0,"key":"Blood Vial"},{"floor":28.0,"key":"Potion Belt"},{"floor":39.0,"key":"DataDisk"},{"floor":43.0,"key":"Pear"},{"floor":55.0,"key":"Blue Candle"}],"event_choices":[{"damage_healed":0.0,"max_hp_gain":0.0,"max_hp_loss":0.0,"gold_gain":0.0,"event_name":"Shining Light","player_choice":"Entered Light","floor":3.0,"gold_loss":0.0,"damage_taken":21.0,"cards_upgraded":["Doom and Gloom","Defend_B"]},{"damage_healed":23.0,"max_hp_gain":0.0,"max_hp_loss":0.0,"gold_gain":0.0,"event_name":"Big Fish","player_choice":"Banana","floor":4.0,"gold_loss":0.0,"damage_taken":0.0},{"damage_healed":0.0,"max_hp_gain":0.0,"max_hp_loss":7.0,"gold_gain":0.0,"event_name":"Golden Idol","player_choice":"Lose Max HP","floor":7.0,"gold_loss":0.0,"damage_taken":0.0,"relics_obtained":["Golden Idol"]},{"cards_removed":["Blizzard"],"damage_healed":0.0,"max_hp_gain":0.0,"max_hp_loss":0.0,"gold_gain":0.0,"event_name":"Beggar","player_choice":"Gave Gold","floor":19.0,"gold_loss":75.0,"damage_taken":0.0},{"damage_healed":0.0,"max_hp_gain":0.0,"max_hp_loss":0.0,"gold_gain":0.0,"event_name":"Upgrade Shrine","player_choice":"Upgraded","floor":20.0,"gold_loss":0.0,"damage_taken":0.0,"cards_upgraded":["Darkness"]},{"damage_healed":0.0,"max_hp_gain":0.0,"max_hp_loss":3.0,"gold_gain":0.0,"event_name":"Winding Halls","player_choice":"Max HP","floor":37.0,"gold_loss":0.0,"damage_taken":0.0},{"damage_healed":0.0,"max_hp_gain":0.0,"max_hp_loss":0.0,"gold_gain":0.0,"event_name":"Tomb of Lord Red Mask","player_choice":"Ignored","floor":38.0,"gold_loss":0.0,"damage_taken":0.0},{"damage_healed":0.0,"max_hp_gain":0.0,"max_hp_loss":0.0,"gold_gain":0.0,"event_name":"SensoryStone","player_choice":"Memory 3","floor":46.0,"gold_loss":0.0,"damage_taken":10.0},{"cards_removed":["Core Surge"],"damage_healed":0.0,"max_hp_gain":0.0,"max_hp_loss":0.0,"gold_gain":0.0,"event_name":"Falling","player_choice":"Removed Attack","floor":48.0,"gold_loss":0.0,"damage_taken":0.0}],"is_beta":true,"boss_relics":[{"not_picked":["Busted Crown","Ectoplasm"],"picked":"Pandora\u0027s Box"},{"not_picked":["SacredBark","Empty Cage"],"picked":"Runic Pyramid"}],"items_purged_floors":[42],"is_endless":false,"potions_floor_spawned":[2,11,12,14,16,18,21,22,25,28,31,33,35,36,41,44,55],"killed_by":"The Heart","ascension_level":20}