{"gold_per_floor":[118,137,137,151,76,76,102,117,117,117],"floor_reached":10,"playtime":196,"items_purged":["Pain"],"score":136,"play_id":"a5803ad2-22f2-4f5b-8aa6-311996926a34","local_time":"20190925130732","is_ascension_mode":true,"campfire_choices":[{"data":"Zap","floor":6,"key":"SMITH"}],"neow_cost":"CURSE","seed_source_timestamp":248581595752077,"circlet_count":0,"master_deck":["AscendersBane","Strike_B","Strike_B","Defend_B","Defend_B","Defend_B","Defend_B","Zap+1","Dualcast","Hologram","Lockon","Conserve Battery","Genetic Algorithm","Reinforced Body","Skim","Turbo"],"special_seed":0,"relics":["Cracked Core","Question Card","Kunai"],"potions_floor_usage":[],"damage_taken":[{"damage":10,"enemies":"Small Slimes","floor":1,"turns":2},{"damage":4,"enemies":"Cultist","floor":2,"turns":3},{"damage":4,"enemies":"2 Louse","floor":4,"turns":3},{"damage":34,"enemies":"Lagavulin","floor":7,"turns":8},{"damage":6,"enemies":"2 Fungi Beasts","floor":8,"turns":4},{"damage":0,"enemies":"Gremlin Gang","floor":10,"turns":1}],"seed_played":"-8117498441148101214","potions_obtained":[{"floor":2,"key":"Block Potion"},{"floor":7,"key":"Swift Potion"},{"floor":8,"key":"FearPotion"}],"is_trial":false,"path_per_floor":["M","M","?","M","$","R","E","M","T","M"],"character_chosen":"DEFECT","items_purchased":[],"campfire_rested":0,"item_purchase_floors":[],"current_hp_per_floor":[54,50,50,46,46,46,12,6,6,6],"gold":117,"neow_bonus":"TRANSFORM_TWO_CARDS","is_prod":false,"is_daily":false,"chose_seed":false,"campfire_upgraded":1,"win_rate":0,"timestamp":1569388052,"path_taken":["M","M","?","M","$","R","E","M","T","?"],"build_version":"2019-09-24","purchased_purges":1,"victory":false,"max_hp_per_floor":[71,71,71,71,71,71,71,71,71,71],"card_choices":[{"not_picked":["Fusion","Steam"],"picked":"Conserve Battery","floor":1},{"not_picked":["Hologram","Barrage"],"picked":"Genetic Algorithm","floor":2},{"not_picked":["Sweeping Beam","Go for the Eyes","Gash"],"picked":"Reinforced Body","floor":4},{"not_picked":["Steam","Rip and Tear","Barrage"],"picked":"Skim","floor":7},{"not_picked":["Seek","Cold Snap","Coolheaded"],"picked":"Turbo","floor":8}],"player_experience":989910,"relics_obtained":[{"floor":7,"key":"Kunai"}],"event_choices":[{"damage_healed":0,"gold_gain":0,"player_choice":"Gave Potion","damage_taken":0,"relics_obtained":["Question Card"],"max_hp_gain":0,"max_hp_loss":0,"event_name":"WeMeetAgain","floor":3,"gold_loss":0}],"is_beta":true,"boss_relics":[],"items_purged_floors":[5],"is_endless":false,"potions_floor_spawned":[2,7,8],"killed_by":"Gremlin Gang","ascension_level":20}