{"gold_per_floor":[111,63,63,76,76,90,90,50,50,81,81,110,130,141,141,236,236,254,254,254,4,4,4,4,4,4,34,34,50,150,150,150,245,245,257,233,233,9,27,27,38,38,38,138,187,187,0,12,12,12,12,12,12,40,40],"floor_reached":55,"playtime":3004,"items_purged":[],"score":786,"play_id":"fb349038-a32a-49de-8a8d-67d7b6b1f7a7","local_time":"20191017092008","is_ascension_mode":true,"campfire_choices":[{"data":"Hologram","floor":7,"key":"SMITH"},{"data":"Hologram","floor":11,"key":"SMITH"},{"data":"Streamline","floor":15,"key":"SMITH"},{"data":"Zap","floor":23,"key":"SMITH"},{"data":"Dualcast","floor":25,"key":"SMITH"},{"floor":32,"key":"DIG"},{"data":"Scrape","floor":40,"key":"SMITH"},{"floor":42,"key":"DIG"},{"floor":49,"key":"RECALL"},{"floor":52,"key":"DIG"}],"neow_cost":"NONE","seed_source_timestamp":521738898571000,"circlet_count":0,"master_deck":["Strike_B+1","Strike_B+1","Strike_B+1","Defend_B+1","Defend_B+1","Defend_B+1","Zap+1","Dualcast+1","Streamline+1","Turbo","Gash+1","Hologram+1","Self Repair","Hologram+1","FTL","Beam Cell+1","Hologram","BootSequence","Scrape+1","Leap","Panache","Good Instincts","Secret Weapon","Gash","Parasite","Leap+1","Echo Form","Steam"],"relics":["FrozenCore","Vajra","Incense Burner","Centennial Puzzle","Juzu Bracelet","Blood Vial","Empty Cage","Meat on the Bone","Matryoshka","Potion Belt","Ornamental Fan","DataDisk","Shovel","Singing Bowl","Bottled Tornado","Letter Opener","Strawberry","Peace Pipe","Turnip","Gremlin Horn","Red Mask","Pear","Lantern"],"potions_floor_usage":[33,33,50,50,54,54,55],"damage_taken":[{"damage":7,"enemies":"Small Slimes","floor":1,"turns":3},{"damage":7,"enemies":"Jaw Worm","floor":4,"turns":3},{"damage":0,"enemies":"Cultist","floor":6,"turns":3},{"damage":15,"enemies":"3 Sentries","floor":10,"turns":6},{"damage":20,"enemies":"Lagavulin","floor":12,"turns":5},{"damage":0,"enemies":"Large Slime","floor":13,"turns":5},{"damage":0,"enemies":"2 Fungi Beasts","floor":14,"turns":3},{"damage":39,"enemies":"Slime Boss","floor":16,"turns":7},{"damage":7,"enemies":"3 Byrds","floor":18,"turns":5},{"damage":0,"enemies":"Gremlin Leader","floor":27,"turns":5},{"damage":8,"enemies":"2 Thieves","floor":29,"turns":2},{"damage":4,"enemies":"Colosseum Slavers","floor":30,"turns":2},{"damage":0,"enemies":"Colosseum Nobs","floor":30,"turns":3},{"damage":40,"enemies":"Collector","floor":33,"turns":7},{"damage":18,"enemies":"Orb Walker","floor":35,"turns":4},{"damage":7,"enemies":"3 Darklings","floor":39,"turns":5},{"damage":10,"enemies":"Writhing Mass","floor":41,"turns":5},{"damage":8,"enemies":"Mind Bloom Boss Battle","floor":44,"turns":7},{"damage":35,"enemies":"2 Orb Walkers","floor":45,"turns":7},{"damage":24,"enemies":"Spire Growth","floor":48,"turns":5},{"damage":51,"enemies":"Donu and Deca","floor":50,"turns":10},{"damage":19,"enemies":"Shield and Spear","floor":54,"turns":6},{"damage":124,"enemies":"The Heart","floor":55,"turns":11}],"seed_played":"-3750673662040131372","potions_obtained":[{"floor":6,"key":"SpeedPotion"},{"floor":10,"key":"SneckoOil"},{"floor":13,"key":"Ancient Potion"},{"floor":14,"key":"GamblersBrew"},{"floor":18,"key":"Energy Potion"},{"floor":27,"key":"LiquidBronze"},{"floor":30,"key":"Swift Potion"},{"floor":35,"key":"Swift Potion"},{"floor":39,"key":"FairyPotion"},{"floor":45,"key":"SkillPotion"},{"floor":54,"key":"Fire Potion"}],"is_trial":false,"path_per_floor":["M","$","?","M","?","M","R","$","T","E","R","E","M","M","R","B",null,"M","?","?","$","?","R","$","R","T","E","?","M","?","$","R","B",null,"M","$","?","$","M","R","M","R","T","?","?","T","?","M","R","B",null,"R","$","E","B"],"character_chosen":"DEFECT","items_purchased":["Turbo","Self Repair","Matryoshka","Leap","Secret Weapon","Gash"],"campfire_rested":0,"item_purchase_floors":[2,8,21,36,38,38],"current_hp_per_floor":[68,68,65,58,58,58,58,58,58,50,50,37,46,55,55,25,75,75,75,75,75,75,75,75,75,75,75,75,67,74,74,74,56,77,66,66,61,61,65,65,66,66,73,76,62,62,62,59,59,29,90,100,100,88,0],"gold":40,"neow_bonus":"RANDOM_COMMON_RELIC","is_prod":false,"is_daily":false,"chose_seed":false,"campfire_upgraded":6,"win_rate":0,"timestamp":1571296808,"path_taken":["M","$","?","M","?","M","R","$","T","E","R","E","M","M","R","BOSS","M","?","?","$","?","R","$","R","T","E","?","M","?","?","R","BOSS","M","$","?","$","M","R","M","R","T","?","?","?","?","M","R","BOSS","R","$","E","BOSS"],"build_version":"2019-07-17","purchased_purges":0,"victory":false,"max_hp_per_floor":[75,75,75,75,75,75,75,75,75,75,75,75,75,75,75,75,75,75,75,75,75,75,75,75,75,75,75,75,75,75,75,75,77,77,77,77,77,77,79,79,81,81,88,90,90,90,90,90,90,90,90,100,100,100,100],"card_choices":[{"not_picked":["Compile Driver","Turbo"],"picked":"Streamline","floor":1},{"not_picked":["Scrape","Ball Lightning"],"picked":"Gash","floor":4},{"not_picked":["Force Field","Scrape"],"picked":"Hologram","floor":6},{"not_picked":["Coolheaded","Stack"],"picked":"Hologram","floor":10},{"not_picked":["Rip and Tear","Coolheaded","Tempest"],"picked":"SKIP","floor":12},{"not_picked":["Gash","White Noise"],"picked":"FTL","floor":13},{"not_picked":["Cold Snap","Aggregate","Stack"],"picked":"SKIP","floor":14},{"not_picked":["BootSequence","Double Energy"],"picked":"Beam Cell+1","floor":18},{"not_picked":["Coolheaded","Blizzard+1"],"picked":"Hologram","floor":27},{"not_picked":["Barrage","Aggregate+1","Lockon"],"picked":"SKIP","floor":29},{"not_picked":["Chill+1","Gash"],"picked":"BootSequence","floor":30},{"not_picked":["Creative AI","Multi-Cast","Hyperbeam"],"picked":"Singing Bowl","floor":33},{"not_picked":["Streamline+1","Blizzard+1"],"picked":"Scrape","floor":35},{"not_picked":["Magnetism","Panacea"],"picked":"Panache","floor":37},{"not_picked":["Dark Shackles","Bandage Up"],"picked":"Good Instincts","floor":37},{"not_picked":["Streamline","Barrage","Storm+1"],"picked":"Singing Bowl","floor":39},{"not_picked":["Darkness","Fusion","Hologram"],"picked":"Singing Bowl","floor":41},{"not_picked":["Storm","Sweeping Beam","Coolheaded+1"],"picked":"Singing Bowl","floor":44},{"not_picked":["Redo+1","Rebound"],"picked":"Leap+1","floor":45},{"not_picked":["Streamline+1","Redo"],"picked":"Echo Form","floor":48},{"not_picked":["Cold Snap+1","Coolheaded"],"picked":"Steam","floor":54}],"player_experience":369420,"relics_obtained":[{"floor":9,"key":"Centennial Puzzle"},{"floor":10,"key":"Juzu Bracelet"},{"floor":12,"key":"Blood Vial"},{"floor":26,"key":"Potion Belt"},{"floor":26,"key":"Ornamental Fan"},{"floor":27,"key":"DataDisk"},{"floor":30,"key":"Shovel"},{"floor":30,"key":"Singing Bowl"},{"floor":32,"key":"Bottled Tornado"},{"floor":42,"key":"Letter Opener"},{"floor":43,"key":"Strawberry"},{"floor":44,"key":"Peace Pipe"},{"floor":45,"key":"Turnip"},{"floor":46,"key":"Gremlin Horn"},{"floor":52,"key":"Pear"},{"floor":54,"key":"Lantern"}],"event_choices":[{"damage_healed":0,"gold_gain":0,"player_choice":"Success","damage_taken":3,"relics_obtained":["Incense Burner"],"max_hp_gain":0,"max_hp_loss":0,"event_name":"Scrap Ooze","floor":3,"gold_loss":0},{"damage_healed":0,"gold_gain":0,"player_choice":"Grow","damage_taken":0,"max_hp_gain":0,"max_hp_loss":0,"event_name":"Living Wall","floor":5,"gold_loss":0,"cards_upgraded":["Gash"]},{"damage_healed":0,"gold_gain":0,"player_choice":"Simplicity","damage_taken":0,"max_hp_gain":0,"max_hp_loss":0,"event_name":"Back to Basics","floor":19,"gold_loss":0,"cards_upgraded":["Strike_B","Strike_B","Strike_B","Defend_B","Defend_B","Defend_B"]},{"damage_healed":0,"gold_gain":0,"player_choice":"Gave Potion","damage_taken":0,"relics_obtained":["Meat on the Bone"],"max_hp_gain":0,"max_hp_loss":0,"event_name":"WeMeetAgain","floor":20,"gold_loss":0},{"damage_healed":0,"gold_gain":0,"player_choice":"Ignored","damage_taken":0,"max_hp_gain":0,"max_hp_loss":0,"event_name":"Ghosts","floor":22,"gold_loss":0},{"damage_healed":0,"gold_gain":0,"player_choice":"Ignored","damage_taken":0,"max_hp_gain":0,"max_hp_loss":0,"event_name":"Vampires","floor":28,"gold_loss":0},{"damage_healed":0,"gold_gain":0,"player_choice":"Fight","damage_taken":0,"max_hp_gain":0,"max_hp_loss":0,"event_name":"Colosseum","floor":30,"gold_loss":0},{"damage_healed":0,"gold_gain":0,"player_choice":"Fought Nobs","damage_taken":0,"max_hp_gain":0,"max_hp_loss":0,"event_name":"Colosseum","floor":30,"gold_loss":0},{"damage_healed":0,"gold_gain":0,"player_choice":"Memory 2","damage_taken":5,"max_hp_gain":0,"max_hp_loss":0,"event_name":"SensoryStone","floor":37,"gold_loss":0},{"damage_healed":0,"gold_gain":0,"player_choice":"Fight","damage_taken":0,"max_hp_gain":0,"max_hp_loss":0,"event_name":"MindBloom","floor":44,"gold_loss":0},{"damage_healed":0,"gold_gain":0,"player_choice":"Fight","damage_taken":0,"max_hp_gain":0,"max_hp_loss":0,"event_name":"Mysterious Sphere","floor":45,"gold_loss":0},{"damage_healed":0,"gold_gain":0,"player_choice":"Paid","damage_taken":0,"relics_obtained":["Red Mask"],"max_hp_gain":0,"max_hp_loss":0,"event_name":"Tomb of Lord Red Mask","floor":47,"gold_loss":187}],"is_beta":false,"boss_relics":[{"not_picked":["Coffee Dripper","Inserter"],"picked":"Empty Cage"},{"not_picked":["Cursed Key","Snecko Eye"],"picked":"FrozenCore"}],"items_purged_floors":[],"is_endless":false,"potions_floor_spawned":[6,10,13,14,18,27,30,35,39,45,54],"killed_by":"The Heart","ascension_level":3}