{"gold_per_floor":[112,112,125,37,52,52,76,76,76,76,76,91,91,110,110,206,206,220,92,117,117,42,85,85,103,103,103],"floor_reached":27,"playtime":612,"items_purged":["Strike_B"],"score":446,"play_id":"ae26447f-81a7-4f98-be1e-da536c81de9c","local_time":"20191017154104","is_ascension_mode":true,"campfire_choices":[{"data":"Darkness","floor":6.0,"key":"SMITH"},{"data":"Dualcast","floor":8.0,"key":"SMITH"},{"data":"Zap","floor":11.0,"key":"SMITH"},{"data":"Sunder","floor":15.0,"key":"SMITH"},{"data":"Coolheaded","floor":24.0,"key":"SMITH"}],"neow_cost":"NONE","seed_source_timestamp":527137718690119,"circlet_count":0,"master_deck":["AscendersBane","Strike_B+1","Defend_B","Defend_B","Defend_B","Defend_B","Zap+1","Dualcast+1","Glacier","Darkness+1","Capacitor","BootSequence+1","Sunder+1","Fission","Coolheaded+1","Cold Snap","Ghostly","Ghostly","Ghostly","Double Energy+1","Coolheaded"],"special_seed":0,"relics":["FrozenCore","NeowsBlessing","Golden Idol","Mercury Hourglass","Gremlin Horn"],"potions_floor_usage":[],"damage_taken":[{"damage":0.0,"enemies":"Jaw Worm","floor":1.0,"turns":1.0},{"damage":0.0,"enemies":"Small Slimes","floor":3.0,"turns":1.0},{"damage":0.0,"enemies":"Cultist","floor":5.0,"turns":1.0},{"damage":20.0,"enemies":"2 Fungi Beasts","floor":7.0,"turns":7.0},{"damage":0.0,"enemies":"Exordium Thugs","floor":12.0,"turns":4.0},{"damage":0.0,"enemies":"Exordium Wildlife","floor":14.0,"turns":3.0},{"damage":22.0,"enemies":"Hexaghost","floor":16.0,"turns":8.0},{"damage":19.0,"enemies":"Spheric Guardian","floor":18.0,"turns":6.0},{"damage":18.0,"enemies":"Chosen","floor":20.0,"turns":7.0},{"damage":1.0,"enemies":"Slavers","floor":23.0,"turns":6.0},{"damage":0,"enemies":"3 Cultists","floor":25,"turns":6},{"damage":0,"enemies":"Cultist and Chosen","floor":27,"turns":4}],"seed_played":"2747007493384274986","potions_obtained":[{"floor":1.0,"key":"PowerPotion"},{"floor":7.0,"key":"EssenceOfSteel"},{"floor":18.0,"key":"Energy Potion"},{"floor":20.0,"key":"Fire Potion"}],"is_trial":false,"path_per_floor":["M","?","M","$","M","R","M","R","T","?","R","M","?","M","R","B",null,"M","$","M","?","?","E","R","M","T","M"],"character_chosen":"DEFECT","items_purchased":["Capacitor","Cold Snap"],"campfire_rested":0,"item_purchase_floors":[4,19],"current_hp_per_floor":[64,64,64,64,64,64,44,44,44,25,25,25,25,25,25,3,49,30,30,12,12,12,11,11,11,11,11],"gold":103,"neow_bonus":"THREE_ENEMY_KILL","is_prod":false,"is_daily":false,"chose_seed":false,"campfire_upgraded":5,"win_rate":0,"timestamp":1571298064,"path_taken":["M","?","M","$","M","R","M","R","T","?","R","M","?","M","R","BOSS","M","$","M","?","?","E","R","M","T","M"],"build_version":"2019-10-16","purchased_purges":1,"victory":false,"max_hp_per_floor":[71,64,64,64,64,64,64,64,64,64,64,64,64,64,64,64,64,64,64,64,32,32,32,32,32,32,32],"card_choices":[{"not_picked":["Coolheaded","Consume"],"picked":"Glacier","floor":1.0},{"not_picked":["Barrage","Sweeping Beam"],"picked":"Darkness","floor":3.0},{"not_picked":["Aggregate","Redo"],"picked":"BootSequence","floor":5.0},{"not_picked":["Scrape","Streamline","Darkness"],"picked":"SKIP","floor":7.0},{"not_picked":["Barrage","Tempest","Reprogram"],"picked":"SKIP","floor":12.0},{"not_picked":["Compile Driver","Force Field"],"picked":"Sunder","floor":14.0},{"not_picked":["Creative AI","Amplify"],"picked":"Fission","floor":16.0},{"not_picked":["White Noise","Sweeping Beam"],"picked":"Coolheaded","floor":18.0},{"not_picked":["Streamline","Steam","Rebound"],"picked":"SKIP","floor":20.0},{"not_picked":["Redo","Cold Snap+1"],"picked":"Double Energy+1","floor":23.0},{"not_picked":["Scrape","Glacier"],"picked":"Coolheaded","floor":25}],"player_experience":1102043,"relics_obtained":[{"floor":9.0,"key":"Mercury Hourglass"},{"floor":23.0,"key":"Gremlin Horn"}],"event_choices":[{"damage_healed":0.0,"max_hp_gain":0.0,"max_hp_loss":7.0,"gold_gain":0.0,"event_name":"Golden Idol","player_choice":"Lose Max HP","floor":2.0,"gold_loss":0.0,"damage_taken":0.0,"relics_obtained":["Golden Idol"]},{"damage_healed":0.0,"max_hp_gain":0.0,"max_hp_loss":0.0,"gold_gain":0.0,"event_name":"Shining Light","player_choice":"Entered Light","floor":10.0,"gold_loss":0.0,"damage_taken":19.0,"cards_upgraded":["BootSequence","Strike_B"]},{"cards_removed":["Strike_B"],"damage_healed":0.0,"max_hp_gain":0.0,"max_hp_loss":0.0,"gold_gain":0.0,"event_name":"Bonfire Elementals","player_choice":"Offered Basic","floor":13.0,"gold_loss":0.0,"damage_taken":0.0},{"damage_healed":0.0,"max_hp_gain":0.0,"max_hp_loss":32.0,"gold_gain":0.0,"event_name":"Ghosts","player_choice":"Became a Ghost","floor":21.0,"gold_loss":0.0,"damage_taken":0.0,"cards_obtained":["Ghostly","Ghostly","Ghostly"]},{"cards_removed":["Strike_B"],"damage_healed":0.0,"max_hp_gain":0.0,"max_hp_loss":0.0,"gold_gain":0.0,"event_name":"Beggar","player_choice":"Gave Gold","floor":22.0,"gold_loss":75.0,"damage_taken":0.0}],"is_beta":true,"boss_relics":[{"not_picked":["Inserter","Ectoplasm"],"picked":"FrozenCore"}],"items_purged_floors":[19],"is_endless":false,"potions_floor_spawned":[1,7,18,20],"killed_by":"Cultist and Chosen","ascension_level":20}