{"gold_per_floor":[114,127,141,157,232,232,257,257,257,257,276,276,307,307,307,407,407,373,384,51,51,51,51,51,51,100,110,142,142,42,42],"floor_reached":31,"playtime":2097,"items_purged":["Pain","Doubt"],"score":325,"play_id":"7c2dcad4-9c00-4a65-8f64-74dd75b503cb","local_time":"20190116222353","is_ascension_mode":true,"campfire_choices":[{"floor":6,"key":"REST"},{"floor":8,"key":"REST"},{"data":"Envenom","floor":10,"key":"SMITH"},{"floor":15,"key":"REST"},{"floor":23,"key":"REST"},{"floor":25,"key":"REST"},{"floor":29,"key":"REST"}],"neow_cost":"CURSE","seed_source_timestamp":258881117728070,"circlet_count":0,"master_deck":["Defend_G","Defend_G","Defend_G","Defend_G","Defend_G","Strike_G","Strike_G","Strike_G+1","Strike_G","Strike_G","Survivor","Neutralize+1","Night Terror","Cloak And Dagger","Predator","Backflip","Envenom+1","Crippling Poison","Slice","Parasite","Deadly Poison","Burst","Parasite","Injury","Dodge and Roll","Heel Hook","Well Laid Plans","Catalyst","Impatience","Deflect+1","Backstab"],"relics":["Ring of the Snake","Whetstone","Vajra","Kunai","Calling Bell","Omamori","Darkstone Periapt","Mango","Blood Vial","FaceOfCleric","Bronze Scales","Art of War"],"potions_floor_usage":[2,4,18,27,27,28],"damage_taken":[{"damage":13,"enemies":"Cultist","floor":1,"turns":6},{"damage":9,"enemies":"Small Slimes","floor":2,"turns":6},{"damage":2,"enemies":"2 Louse","floor":3,"turns":2},{"damage":3,"enemies":"Looter","floor":4,"turns":3},{"damage":25,"enemies":"3 Sentries","floor":7,"turns":8},{"damage":10,"enemies":"Exordium Thugs","floor":11,"turns":5},{"damage":29,"enemies":"Lagavulin","floor":13,"turns":7},{"damage":35,"enemies":"The Guardian","floor":16,"turns":11},{"damage":33,"enemies":"2 Thieves","floor":18,"turns":5},{"damage":17,"enemies":"Shell Parasite","floor":19,"turns":11},{"damage":4,"enemies":"Snecko","floor":27,"turns":5},{"damage":67,"enemies":"Book of Stabbing","floor":28,"turns":7},{"damage":52,"enemies":"Centurion and Healer","floor":31,"turns":11}],"seed_played":"5820633659600426443","potions_obtained":[{"floor":1,"key":"Regen Potion"},{"floor":3,"key":"Explosive Potion"},{"floor":11,"key":"GamblersBrew"},{"floor":13,"key":"Weak Potion"},{"floor":19,"key":"Fire Potion"}],"is_trial":false,"path_per_floor":["M","M","M","M","?","R","E","R","T","R","M","?","E","?","R","B",null,"M","M","$","?","?","R","$","R","T","M","E","R","$","M"],"character_chosen":"THE_SILENT","items_purchased":["Well Laid Plans","Catalyst","Impatience","Fire Potion"],"campfire_rested":6,"item_purchase_floors":[20,20,20,20],"current_hp_per_floor":[57,62,60,57,46,67,42,63,63,63,53,70,41,46,68,33,89,56,39,39,39,39,65,65,89,89,86,22,49,49,0],"gold":42,"neow_bonus":"THREE_RARE_CARDS","is_prod":false,"is_daily":false,"chose_seed":false,"campfire_upgraded":1,"win_rate":0,"timestamp":1547670233,"path_taken":["M","M","?","M","?","R","E","R","T","R","M","?","E","?","R","BOSS","M","M","$","?","?","R","$","R","T","M","E","R","$","M"],"build_version":"2019-01-10","purchased_purges":2,"victory":false,"max_hp_per_floor":[70,70,70,70,70,70,70,70,70,70,70,70,70,75,75,75,89,89,89,89,89,89,89,89,89,89,90,91,91,91,91],"card_choices":[{"not_picked":["Doppelganger","Malaise"],"picked":"Night Terror","floor":0},{"not_picked":["Outmaneuver","Calculated Gamble"],"picked":"Cloak And Dagger","floor":1},{"not_picked":["Sucker Punch","Deflect"],"picked":"Predator","floor":2},{"not_picked":["Acrobatics","Outmaneuver"],"picked":"Backflip","floor":3},{"not_picked":["Flechettes","Leg Sweep"],"picked":"Envenom","floor":4},{"not_picked":["Accuracy","All Out Attack"],"picked":"Crippling Poison","floor":7},{"not_picked":["Acrobatics","Prepared"],"picked":"Slice","floor":11},{"not_picked":["Slice","Outmaneuver"],"picked":"Deadly Poison","floor":13},{"not_picked":["Tools of the Trade","Malaise"],"picked":"Burst","floor":16},{"not_picked":["Blade Dance","Reflex"],"picked":"Dodge and Roll","floor":18},{"not_picked":["Prepared","Choke+1"],"picked":"Heel Hook","floor":19},{"not_picked":["Poisoned Stab","Outmaneuver"],"picked":"Deflect+1","floor":27},{"not_picked":["Terror","Deadly Poison"],"picked":"Backstab","floor":28}],"player_experience":137907,"relics_obtained":[{"floor":7,"key":"Whetstone"},{"floor":9,"key":"Vajra"},{"floor":13,"key":"Kunai"},{"floor":17,"key":"Omamori"},{"floor":17,"key":"Darkstone Periapt"},{"floor":17,"key":"Mango"},{"floor":26,"key":"Bronze Scales"},{"floor":28,"key":"Art of War"}],"event_choices":[{"damage_healed":0,"gold_gain":75,"player_choice":"Gather Gold","damage_taken":11,"max_hp_gain":0,"max_hp_loss":0,"event_name":"World of Goop","floor":5,"gold_loss":0},{"damage_healed":17,"gold_gain":0,"player_choice":"Healed and dodged fight","damage_taken":0,"max_hp_gain":0,"max_hp_loss":0,"event_name":"Mushrooms","floor":12,"gold_loss":0,"cards_obtained":["Parasite"]},{"damage_healed":0,"gold_gain":0,"player_choice":"Donut","damage_taken":0,"max_hp_gain":5,"max_hp_loss":0,"event_name":"Big Fish","floor":14,"gold_loss":0},{"damage_healed":0,"gold_gain":0,"player_choice":"Stole Relic","damage_taken":0,"relics_obtained":["Blood Vial"],"max_hp_gain":0,"max_hp_loss":0,"event_name":"Addict","floor":21,"gold_loss":0,"cards_obtained":["Shame"]},{"damage_healed":0,"gold_gain":0,"player_choice":"Trade","damage_taken":0,"relics_obtained":["FaceOfCleric"],"max_hp_gain":0,"max_hp_loss":0,"event_name":"FaceTrader","floor":22,"gold_loss":0}],"is_beta":false,"boss_relics":[{"not_picked":["Runic Pyramid","Black Star"],"picked":"Calling Bell"}],"items_purged_floors":[20,30],"is_endless":false,"potions_floor_spawned":[1,3,11,13,19],"killed_by":"Centurion and Healer","ascension_level":3}