{"path_per_floor":["M","$","M","?","M","R","M","R","T","E","?","M","?","M","R","B",null,"M","$","?","M"],"character_chosen":"THE_SILENT","items_purchased":["Setup","Toolbox"],"gold_per_floor":[117,42,52,52,66,66,85,85,85,112,287,297,297,317,317,438,438,452,31,31,47],"floor_reached":22,"campfire_rested":0,"playtime":1562,"current_hp_per_floor":[68,68,65,65,63,63,60,60,60,36,36,36,36,32,32,3,65,30,30,30,15],"items_purged":["Injury","Strike_G"],"gold":47,"play_id":"915a82d9-8fd9-45e1-b082-616d8a575967","is_prod":false,"is_daily":false,"is_ascension_mode":true,"campfire_upgraded":3,"path_taken":["M","$","M","?","?","R","M","R","T","E","?","M","?","M","R","BOSS","M","$","?","M","M"],"build_version":"2018-02-01-PROD3","purchased_purges":2,"victory":false,"master_deck":["Defend_G","Defend_G","Defend_G","Defend_G","Defend_G","Strike_G","Strike_G","Strike_G","Strike_G","Survivor","Neutralize+1","Noxious Fumes+1","Adrenaline","Acrobatics","Concentrate","Doubt","Calculated Gamble+1","Well Laid Plans","Adrenaline","Backstab","Setup"],"max_hp_per_floor":[70,70,70,70,70,70,70,70,70,70,70,70,65,65,65,65,65,65,65,65,65],"relics":["Ring of the Snake","Calipers","Tingsha","Happy Flower","Bloody Idol","Runic Dome","Toolbox"],"card_choices":[{"not_picked":["Concentrate","Deadly Poison"],"picked":"Noxious Fumes"},{"not_picked":["Catalyst","Infinite Blades"],"picked":"Adrenaline"},{"not_picked":["Deflect","Dash"],"picked":"Acrobatics"},{"not_picked":["Backflip","Flying Knee"],"picked":"Concentrate"},{"not_picked":["Deflect","Bane"],"picked":"Calculated Gamble"},{"not_picked":["Deflect","Doppelganger"],"picked":"Well Laid Plans"},{"not_picked":["Night Terror","Grand Finale"],"picked":"Adrenaline"},{"not_picked":["Flying Knee","Dagger Throw"],"picked":"Backstab"}],"player_experience":93883,"potions_floor_usage":[7,7,14,16],"damage_taken":[{"damage":2,"enemies":"Small Slimes","floor":1,"turns":4},{"damage":3,"enemies":"Blue Slaver","floor":3,"turns":6},{"damage":2,"enemies":"2 Louse","floor":5,"turns":4},{"damage":3,"enemies":"Gremlin Gang","floor":7,"turns":4},{"damage":24,"enemies":"Gremlin Nob","floor":10,"turns":4},{"damage":0,"enemies":"Looter","floor":12,"turns":3},{"damage":4,"enemies":"3 Louse","floor":14,"turns":2},{"damage":29,"enemies":"The Guardian","floor":16,"turns":11},{"damage":35,"enemies":"Spheric Guardian","floor":18,"turns":5},{"damage":25,"enemies":"2 Thieves","floor":21,"turns":4},{"damage":23,"enemies":"Snecko","floor":22,"turns":4}],"event_choices":[{"event_name":"The Lab","player_choice":"Got Potions","floor":4,"damage_taken":0},{"event_name":"Liars Game","player_choice":"agreed","floor":11,"damage_taken":0},{"event_name":"Golden Idol","player_choice":"Lose Max HP","floor":13,"damage_taken":0},{"event_name":"Forgotten Altar","player_choice":"Gave Idol","floor":20,"damage_taken":0}],"boss_relics":[{"not_picked":["Ectoplasm","Velvet Choker"],"picked":"Runic Dome"}],"potions_floor_spawned":[1,3,10,21],"seed_played":"6722225227104661121","killed_by":"Snecko","ascension_level":2,"is_trial":false}