{"gold_per_floor":[116,136,236,255,272,297,317,348,348,348],"floor_reached":10,"playtime":335,"items_purged":[],"score":96,"play_id":"a85a1789-7944-4d63-8d2b-10b1f29557b6","local_time":"20191018144350","is_ascension_mode":true,"campfire_choices":[],"neow_cost":"NONE","seed_source_timestamp":630232145866400,"circlet_count":0,"master_deck":["Strike_B","Strike_B","Strike_B","Strike_B","Defend_B","Defend_B","Defend_B","Defend_B","Zap","Dualcast","Loop","Gash","Reprogram","Conserve Battery","Auto Shields","Gash","All For One"],"relics":["Cracked Core","NeowsBlessing","Lantern","Ornamental Fan","The Courier"],"potions_floor_usage":[8,10,10],"damage_taken":[{"damage":0,"enemies":"Small Slimes","floor":1,"turns":1},{"damage":0,"enemies":"Cultist","floor":2,"turns":1},{"damage":0,"enemies":"2 Louse","floor":4,"turns":1},{"damage":11,"enemies":"Exordium Wildlife","floor":5,"turns":3},{"damage":28,"enemies":"Gremlin Nob","floor":6,"turns":4},{"damage":1,"enemies":"Exordium Thugs","floor":7,"turns":4},{"damage":32,"enemies":"Lagavulin","floor":8,"turns":6},{"damage":8,"enemies":"3 Sentries","floor":10,"turns":2}],"seed_played":"-2984411870660125257","potions_obtained":[{"floor":2,"key":"PowerPotion"},{"floor":5,"key":"Ancient Potion"},{"floor":7,"key":"SteroidPotion"},{"floor":8,"key":"FocusPotion"}],"is_trial":false,"path_per_floor":["M","M","?","M","M","E","M","E","T","E"],"character_chosen":"DEFECT","items_purchased":[],"campfire_rested":0,"item_purchase_floors":[],"current_hp_per_floor":[75,75,75,75,64,36,35,3,3,0],"gold":348,"neow_bonus":"THREE_ENEMY_KILL","is_prod":false,"is_daily":false,"chose_seed":false,"campfire_upgraded":0,"win_rate":0,"timestamp":1571402630,"path_taken":["M","M","?","M","?","E","M","E","T","E"],"build_version":"2019-07-17","purchased_purges":0,"victory":false,"max_hp_per_floor":[75,75,75,75,75,75,75,75,75,75],"card_choices":[{"not_picked":["Stack","Sweeping Beam"],"picked":"Loop","floor":1},{"not_picked":["Consume","Leap"],"picked":"Gash","floor":2},{"not_picked":["Redo","Barrage"],"picked":"Reprogram","floor":4},{"not_picked":["Redo","Sweeping Beam"],"picked":"Conserve Battery","floor":5},{"not_picked":["Thunder Strike","Sunder"],"picked":"Auto Shields","floor":6},{"not_picked":["Beam Cell","Go for the Eyes"],"picked":"Gash","floor":7},{"not_picked":["Cold Snap","Rebound"],"picked":"All For One","floor":8}],"player_experience":379861,"relics_obtained":[{"floor":6,"key":"Lantern"},{"floor":8,"key":"Ornamental Fan"},{"floor":9,"key":"The Courier"}],"event_choices":[{"damage_healed":0,"gold_gain":100,"player_choice":"Pray","damage_taken":0,"max_hp_gain":0,"max_hp_loss":0,"event_name":"Golden Shrine","floor":3,"gold_loss":0}],"is_beta":false,"boss_relics":[],"items_purged_floors":[],"is_endless":false,"potions_floor_spawned":[2,5,7,8],"killed_by":"3 Sentries","ascension_level":4}