{"gold_per_floor":[211,229,379,390,31,31,31,31,57,77,102,119,139,189,189,263,263,281,100,110,121,133,133,167,167,167,167],"floor_reached":27,"playtime":841,"items_purged":["Doubt","Pain"],"score":470,"play_id":"0d030505-2c90-49aa-a2ab-5bb86f9d7bdb","local_time":"20190924200105","is_ascension_mode":true,"campfire_choices":[{"data":"Zap","floor":6.0,"key":"SMITH"},{"data":"Coolheaded","floor":8.0,"key":"SMITH"},{"data":"Chaos","floor":15.0,"key":"SMITH"},{"data":"Recycle","floor":23.0,"key":"SMITH"},{"data":"Defragment","floor":25,"key":"SMITH"}],"neow_cost":"NONE","seed_source_timestamp":186269584762330,"circlet_count":0,"master_deck":["AscendersBane","Strike_B","Strike_B","Strike_B","Strike_B","Defend_B","Defend_B","Defend_B","Defend_B","Zap+1","Dualcast","Ball Lightning","Recycle+1","Undo","Self Repair","Coolheaded+1","BootSequence","Loop","Chaos+1","Buffer","Electrodynamics","CurseOfTheBell","Capacitor","Biased Cognition","Defragment+1","Redo"],"special_seed":0,"relics":["Cracked Core","Happy Flower","WarpedTongs","Akabeko","Ornamental Fan","Calling Bell","Centennial Puzzle","Meat on the Bone","Lizard Tail","CloakClasp"],"potions_floor_usage":[24,24],"damage_taken":[{"damage":0.0,"enemies":"2 Louse","floor":1.0,"turns":1.0},{"damage":0.0,"enemies":"Cultist","floor":2.0,"turns":3.0},{"damage":3.0,"enemies":"Small Slimes","floor":4.0,"turns":2.0},{"damage":14.0,"enemies":"Gremlin Gang","floor":10.0,"turns":3.0},{"damage":9.0,"enemies":"Lagavulin","floor":11.0,"turns":7.0},{"damage":0.0,"enemies":"3 Louse","floor":12.0,"turns":3.0},{"damage":10.0,"enemies":"Exordium Thugs","floor":13.0,"turns":3.0},{"damage":20.0,"enemies":"Slime Boss","floor":16.0,"turns":10.0},{"damage":16.0,"enemies":"Chosen","floor":18.0,"turns":6.0},{"damage":13.0,"enemies":"Shell Parasite","floor":20.0,"turns":10.0},{"damage":36.0,"enemies":"Shelled Parasite and Fungi","floor":21.0,"turns":5.0},{"damage":32.0,"enemies":"Sentry and Sphere","floor":22.0,"turns":6.0},{"damage":49,"enemies":"Slavers","floor":24,"turns":4},{"damage":34,"enemies":"Book of Stabbing","floor":27,"turns":4}],"seed_played":"-5019847270153183523","potions_obtained":[{"floor":1.0,"key":"AttackPotion"},{"floor":11.0,"key":"PowerPotion"},{"floor":12.0,"key":"FocusPotion"},{"floor":22.0,"key":"Swift Potion"}],"is_trial":false,"path_per_floor":["M","M","?","M","$","R","?","R","T","M","E","M","M","?","R","B",null,"M","$","M","M","M","R","E","R","T","E"],"character_chosen":"DEFECT","items_purchased":["Happy Flower","Self Repair","Coolheaded","Capacitor"],"campfire_rested":0,"item_purchase_floors":[5,5,5,19],"current_hp_per_floor":[64,64,64,61,61,61,61,61,61,54,55,65,62,62,62,52,66,57,57,51,34,21,21,34,34,34,0],"gold":167,"neow_bonus":"HUNDRED_GOLD","is_prod":false,"is_daily":false,"chose_seed":false,"campfire_upgraded":5,"win_rate":0,"timestamp":1569326465,"path_taken":["M","M","?","M","$","R","?","R","T","?","E","M","M","?","R","BOSS","M","$","M","M","?","R","E","R","T","E"],"build_version":"2019-09-23","purchased_purges":2,"victory":false,"max_hp_per_floor":[71,71,71,71,71,71,71,71,71,71,71,71,71,71,71,71,71,71,71,71,71,71,71,71,71,71,71],"card_choices":[{"not_picked":["Reprogram","Rebound"],"picked":"Ball Lightning","floor":1.0},{"not_picked":["Turbo","Go for the Eyes"],"picked":"Recycle","floor":2.0},{"not_picked":["Beam Cell","Go for the Eyes"],"picked":"Undo","floor":4.0},{"not_picked":["Gash","Ball Lightning"],"picked":"BootSequence","floor":10.0},{"not_picked":["Steam Power","Go for the Eyes"],"picked":"Loop","floor":11.0},{"not_picked":["Rebound","Streamline"],"picked":"Chaos","floor":12.0},{"not_picked":["Coolheaded","Compile Driver"],"picked":"Buffer","floor":13.0},{"not_picked":["Creative AI","Buffer"],"picked":"Electrodynamics","floor":16.0},{"not_picked":["Steam","Barrage","Ball Lightning"],"picked":"SKIP","floor":18.0},{"not_picked":["Undo","Beam Cell"],"picked":"Biased Cognition","floor":20.0},{"not_picked":["Sunder","Leap+1"],"picked":"Defragment","floor":21.0},{"not_picked":["Ball Lightning","Streamline","Barrage"],"picked":"SKIP","floor":22.0},{"not_picked":["Ball Lightning","Genetic Algorithm"],"picked":"Redo","floor":24}],"player_experience":970168,"relics_obtained":[{"floor":9.0,"key":"Akabeko"},{"floor":11.0,"key":"Ornamental Fan"},{"floor":17.0,"key":"Centennial Puzzle"},{"floor":17.0,"key":"Meat on the Bone"},{"floor":17.0,"key":"Lizard Tail"},{"floor":24,"key":"CloakClasp"}],"event_choices":[{"damage_healed":0.0,"max_hp_gain":0.0,"max_hp_loss":0.0,"gold_gain":150.0,"event_name":"Liars Game","player_choice":"AGREE","floor":3.0,"gold_loss":0.0,"damage_taken":0.0,"cards_obtained":["Doubt"]},{"damage_healed":0.0,"max_hp_gain":0.0,"max_hp_loss":0.0,"gold_gain":0.0,"event_name":"Accursed Blacksmith","player_choice":"Rummage","floor":7.0,"gold_loss":0.0,"damage_taken":0.0,"relics_obtained":["WarpedTongs"],"cards_obtained":["Pain"]},{"damage_healed":0.0,"max_hp_gain":0.0,"max_hp_loss":0.0,"gold_gain":50.0,"event_name":"Golden Shrine","player_choice":"Pray","floor":14.0,"gold_loss":0.0,"damage_taken":0.0}],"is_beta":true,"boss_relics":[{"not_picked":["Velvet Choker","Empty Cage"],"picked":"Calling Bell"}],"items_purged_floors":[5,19],"is_endless":false,"potions_floor_spawned":[1,11,12,13,22],"killed_by":"Book of Stabbing","ascension_level":20}