{"path_per_floor":["M","?","?","M","$","R","M","R","T","M","E","M","?","M","R","B",null,"M","?","$","?","$","R","M","M","T"],"character_chosen":"THE_SILENT","items_purchased":["Blur","Infinite Blades","Accuracy","Bag of Preparation","Accuracy"],"gold_per_floor":[115,115,290,301,115,115,135,135,190,207,233,249,249,269,269,374,374,391,391,80,80,41,41,52,62,62],"floor_reached":27,"campfire_rested":1,"playtime":2116,"current_hp_per_floor":[69,55,55,55,55,55,55,55,55,53,19,13,13,25,46,2,70,56,56,56,40,40,40,25,12,12],"items_purged":["Doubt","Strike_G"],"gold":62,"play_id":"e54d04f2-f830-4be1-9013-aa0ee5f52106","is_prod":false,"is_daily":false,"is_ascension_mode":true,"campfire_upgraded":3,"path_taken":["M","?","?","M","$","R","?","R","T","M","E","?","?","M","R","BOSS","M","?","$","?","$","R","M","M","T","E"],"build_version":"2018-02-01-PROD3","purchased_purges":2,"victory":false,"master_deck":["Defend_G","Defend_G+1","Defend_G","Defend_G","Defend_G","Strike_G","Strike_G","Strike_G","Strike_G","Survivor","Neutralize","Prepared+1","Backflip","Blur","Infinite Blades+1","Adrenaline+1","Accuracy+1","Cloak And Dagger","Backflip","After Image","Blur","Well Laid Plans","Accuracy","Necronomicurse","Accuracy","Noxious Fumes"],"max_hp_per_floor":[70,70,70,70,70,70,70,70,70,70,70,70,70,70,70,70,70,70,70,70,70,70,70,70,70,70],"relics":["Ring of the Snake","Tiny Chest","Snake Skull","Philosopher\u0027s Stone","Bag of Preparation","Necronomicon","Peace Pipe"],"card_choices":[{"not_picked":["Footwork","Dodge and Roll"],"picked":"Prepared"},{"not_picked":["Dagger Spray","Concentrate"],"picked":"Backflip"},{"not_picked":["Quick Slash","Sucker Punch"],"picked":"Adrenaline"},{"not_picked":["Reflex","Bouncing Flask"],"picked":"Accuracy"},{"not_picked":["Underhanded Strike","Choke"],"picked":"Cloak And Dagger"},{"not_picked":["Deadly Poison","Deflect"],"picked":"Backflip"},{"not_picked":["Doppelganger","Phantasmal Killer"],"picked":"After Image"},{"not_picked":["Cloak And Dagger","All Out Attack"],"picked":"Blur"},{"not_picked":["Deadly Poison","Sucker Punch"],"picked":"Noxious Fumes"}],"player_experience":102231,"potions_floor_usage":[11,14,14,24,25],"damage_taken":[{"damage":1,"enemies":"2 Louse","floor":1,"turns":3},{"damage":0,"enemies":"Small Slimes","floor":4,"turns":4},{"damage":0,"enemies":"Cultist","floor":7,"turns":5},{"damage":2,"enemies":"Exordium Wildlife","floor":10,"turns":8},{"damage":34,"enemies":"Gremlin Nob","floor":11,"turns":5},{"damage":6,"enemies":"3 Louse","floor":12,"turns":6},{"damage":3,"enemies":"Lots of Slimes","floor":14,"turns":8},{"damage":44,"enemies":"Slime Boss","floor":16,"turns":20},{"damage":14,"enemies":"Spheric Guardian","floor":18,"turns":8},{"damage":15,"enemies":"Chosen","floor":24,"turns":6},{"damage":13,"enemies":"Snake Plant","floor":25,"turns":5},{"damage":19,"enemies":"Slavers","floor":27,"turns":1}],"event_choices":[{"event_name":"Shining Light","player_choice":"Entered Light","floor":2,"damage_taken":0},{"event_name":"Liars Game","player_choice":"agreed","floor":3,"damage_taken":0},{"event_name":"Golden Idol","player_choice":"Ignored","floor":13,"damage_taken":0},{"event_name":"The Library","player_choice":"Read","floor":19,"damage_taken":0},{"event_name":"Cursed Tome","player_choice":"Obtained Book","floor":21,"damage_taken":0}],"boss_relics":[{"not_picked":["Snecko Eye","Velvet Choker"],"picked":"Philosopher\u0027s Stone"}],"potions_floor_spawned":[1,10,12,16,24],"seed_played":"-5997199869906522493","killed_by":"Slavers","ascension_level":3,"is_trial":false}