{"gold_per_floor":[11,22,34,34,50,50,81,81,134,145,145],"floor_reached":11,"playtime":351,"items_purged":[],"score":105,"play_id":"b4ca7079-9a7a-4b20-9c95-b2155890e480","local_time":"20191012223531","is_ascension_mode":true,"campfire_choices":[{"data":"Loop","floor":6,"key":"SMITH"},{"data":"Defragment","floor":8,"key":"SMITH"}],"neow_cost":"NO_GOLD","seed_source_timestamp":99618462325700,"circlet_count":0,"master_deck":["Strike_B","Strike_B","Strike_B","Strike_B","Defend_B","Defend_B","Defend_B","Defend_B","Zap","Dualcast","Doom and Gloom","Loop+1","Coolheaded","Defragment+1","Heatsinks","Cold Snap"],"relics":["Cracked Core","Calipers","Kunai","Orichalcum"],"potions_floor_usage":[7],"damage_taken":[{"damage":6,"enemies":"Small Slimes","floor":1,"turns":4},{"damage":2,"enemies":"Jaw Worm","floor":2,"turns":5},{"damage":3,"enemies":"2 Louse","floor":3,"turns":2},{"damage":21,"enemies":"Red Slaver","floor":5,"turns":5},{"damage":10,"enemies":"Lagavulin","floor":7,"turns":7},{"damage":6,"enemies":"2 Fungi Beasts","floor":10,"turns":3},{"damage":23,"enemies":"Gremlin Gang","floor":11,"turns":2}],"seed_played":"-3866943922656757908","potions_obtained":[{"floor":2,"key":"Fire Potion"},{"floor":3,"key":"FocusPotion"}],"is_trial":false,"path_per_floor":["M","M","M","$","M","R","E","R","T","M","M"],"character_chosen":"DEFECT","items_purchased":[],"campfire_rested":0,"item_purchase_floors":[],"current_hp_per_floor":[62,60,57,57,36,36,26,26,26,20,0],"gold":145,"neow_bonus":"ONE_RARE_RELIC","is_prod":false,"is_daily":false,"chose_seed":false,"campfire_upgraded":2,"win_rate":0,"timestamp":1570912531,"path_taken":["M","M","M","$","M","R","E","R","T","M","M"],"build_version":"2019-07-17","purchased_purges":0,"victory":false,"max_hp_per_floor":[75,75,75,75,75,75,75,75,75,75,75],"card_choices":[{"not_picked":["Gash","Fusion"],"picked":"Doom and Gloom","floor":1},{"not_picked":["Storm","Static Discharge"],"picked":"Loop","floor":2},{"not_picked":["Sweeping Beam","Ball Lightning"],"picked":"Coolheaded","floor":3},{"not_picked":["Redo","Static Discharge"],"picked":"Defragment","floor":5},{"not_picked":["Defragment","Rebound"],"picked":"Heatsinks","floor":7},{"not_picked":["Aggregate","Barrage"],"picked":"Cold Snap","floor":10}],"player_experience":395336,"relics_obtained":[{"floor":7,"key":"Kunai"},{"floor":9,"key":"Orichalcum"}],"event_choices":[],"is_beta":false,"boss_relics":[],"items_purged_floors":[],"is_endless":false,"potions_floor_spawned":[2,3],"killed_by":"Gremlin Gang","ascension_level":8}