{"gold_per_floor":[115,115,130,9,28,28,60,73,124,153,153,186,186,202,202,202],"floor_reached":16,"playtime":514,"items_purged":["Strike_B"],"score":174,"play_id":"88690746-74b8-4e9d-9161-4f50cc0ef949","local_time":"20191013203741","is_ascension_mode":true,"campfire_choices":[{"data":"Rebound","floor":6,"key":"SMITH"},{"data":"Ball Lightning","floor":11,"key":"SMITH"},{"floor":13,"key":"REST"},{"data":"Lockon","floor":15,"key":"SMITH"}],"neow_cost":"NONE","seed_source_timestamp":178787083395000,"circlet_count":0,"master_deck":["Strike_B","Strike_B","Defend_B","Defend_B","Defend_B","Defend_B","Zap","Dualcast","Go for the Eyes","Double Energy","Rebound+1","Ball Lightning+1","Genetic Algorithm","Cold Snap","Leap","BootSequence","Lockon+1","Leap"],"relics":["Cracked Core","NeowsBlessing","Dodecahedron","Art of War","Vajra","Unceasing Top"],"potions_floor_usage":[],"damage_taken":[{"damage":0,"enemies":"Cultist","floor":1,"turns":1},{"damage":0,"enemies":"Small Slimes","floor":3,"turns":1},{"damage":0,"enemies":"Jaw Worm","floor":5,"turns":1},{"damage":15,"enemies":"Lagavulin","floor":7,"turns":7},{"damage":7,"enemies":"Blue Slaver","floor":8,"turns":3},{"damage":9,"enemies":"3 Sentries","floor":10,"turns":7},{"damage":19,"enemies":"Lagavulin","floor":12,"turns":6},{"damage":0,"enemies":"Exordium Wildlife","floor":14,"turns":2},{"damage":42,"enemies":"Slime Boss","floor":16,"turns":9}],"seed_played":"5773240731165920015","potions_obtained":[{"floor":1,"key":"SpeedPotion"},{"floor":5,"key":"Energy Potion"},{"floor":8,"key":"SteroidPotion"}],"is_trial":false,"path_per_floor":["M","?","M","$","M","R","E","M","T","E","R","E","R","M","R","B"],"character_chosen":"DEFECT","items_purchased":["Ball Lightning"],"campfire_rested":1,"item_purchase_floors":[4],"current_hp_per_floor":[68,68,68,68,68,68,53,46,46,37,37,18,40,40,40,0],"gold":202,"neow_bonus":"THREE_ENEMY_KILL","is_prod":false,"is_daily":false,"chose_seed":false,"campfire_upgraded":3,"win_rate":0,"timestamp":1570991861,"path_taken":["M","?","?","$","M","R","E","M","T","E","R","E","R","M","R","BOSS"],"build_version":"2019-07-17","purchased_purges":1,"victory":false,"max_hp_per_floor":[75,75,75,75,75,75,75,75,75,75,75,75,75,75,75,75],"card_choices":[{"not_picked":["Consume","Stack"],"picked":"Go for the Eyes","floor":1},{"not_picked":["Beam Cell","Heatsinks"],"picked":"Rebound","floor":3},{"not_picked":["Blizzard","Force Field"],"picked":"Genetic Algorithm","floor":5},{"not_picked":["Beam Cell","Turbo"],"picked":"Cold Snap","floor":7},{"not_picked":["Consume","Rebound"],"picked":"Leap","floor":8},{"not_picked":["Sweeping Beam","Multi-Cast"],"picked":"BootSequence","floor":10},{"not_picked":["Cold Snap","Steam"],"picked":"Lockon","floor":12},{"not_picked":["Sunder","Stack"],"picked":"Leap","floor":14}],"player_experience":417233,"relics_obtained":[{"floor":7,"key":"Dodecahedron"},{"floor":9,"key":"Art of War"},{"floor":10,"key":"Vajra"},{"floor":12,"key":"Unceasing Top"}],"event_choices":[{"damage_healed":0,"gold_gain":0,"cards_transformed":["Strike_B"],"player_choice":"Transformed","damage_taken":0,"max_hp_gain":0,"max_hp_loss":0,"event_name":"Transmorgrifier","floor":2,"gold_loss":0,"cards_obtained":["Double Energy"]}],"is_beta":false,"boss_relics":[],"items_purged_floors":[4],"is_endless":false,"potions_floor_spawned":[1,5,8,10,14],"killed_by":"Slime Boss","ascension_level":9}