{"gold_per_floor":[110,110,35,53,65,65,98,98,98,63,97,111,111,124,124,225,225,245,260,28,40,40],"floor_reached":22,"playtime":1502,"items_purged":["Pain"],"score":260,"play_id":"d283c15d-cfde-4df6-9448-59ecb9cca91c","local_time":"20190208002751","is_ascension_mode":true,"campfire_choices":[{"data":"Poisoned Stab","floor":6,"key":"SMITH"},{"data":"Prepared","floor":8,"key":"SMITH"},{"data":"Well Laid Plans","floor":13,"key":"SMITH"},{"data":"Blade Dance","floor":15,"key":"SMITH"}],"neow_cost":"CURSE","seed_source_timestamp":2167768155677289,"circlet_count":0,"master_deck":["Defend_G","Defend_G","Defend_G","Defend_G","Defend_G","Strike_G","Strike_G","Strike_G","Strike_G","Strike_G","Survivor","Neutralize","Regret","Leg Sweep","Poisoned Stab+1","Prepared+1","Outmaneuver","Well Laid Plans+1","Underhanded Strike","Blade Dance+1","Corpse Explosion","Catalyst","Footwork","Deadly Poison","Deadly Poison+1"],"relics":["Ring of the Snake","WarpedTongs","The Courier","Meat on the Bone","Darkstone Periapt","Eternal Feather","Pear"],"potions_floor_usage":[7,19,22],"damage_taken":[{"damage":12,"enemies":"2 Louse","floor":1,"turns":3},{"damage":4,"enemies":"Cultist","floor":4,"turns":4},{"damage":2,"enemies":"Small Slimes","floor":5,"turns":4},{"damage":33,"enemies":"3 Sentries","floor":7,"turns":11},{"damage":30,"enemies":"Lagavulin","floor":11,"turns":7},{"damage":2,"enemies":"Blue Slaver","floor":12,"turns":4},{"damage":9,"enemies":"Exordium Thugs","floor":14,"turns":8},{"damage":11,"enemies":"The Guardian","floor":16,"turns":14},{"damage":35,"enemies":"Spheric Guardian","floor":18,"turns":7},{"damage":16,"enemies":"2 Thieves","floor":19,"turns":3},{"damage":36,"enemies":"Snake Plant","floor":21,"turns":5},{"damage":31,"enemies":"3 Cultists","floor":22,"turns":3}],"seed_played":"-178223247231152053","potions_obtained":[{"floor":4,"key":"Swift Potion"},{"floor":14,"key":"Block Potion"},{"floor":19,"key":"PowerPotion"},{"floor":21,"key":"SteroidPotion"}],"is_trial":false,"path_per_floor":["M","?","$","M","M","R","E","R","T","?","E","M","R","M","R","B",null,"M","M","$","M","M"],"character_chosen":"THE_SILENT","items_purchased":["Pear","Deadly Poison"],"campfire_rested":0,"item_purchase_floors":[20,20],"current_hp_per_floor":[72,72,72,68,66,66,33,33,33,54,36,46,46,49,49,50,84,49,45,55,31,0],"gold":40,"neow_bonus":"TWENTY_PERCENT_HP_BONUS","is_prod":false,"is_daily":false,"chose_seed":false,"campfire_upgraded":4,"win_rate":0,"timestamp":1549578471,"path_taken":["M","?","$","M","?","R","E","R","T","?","E","M","R","M","R","BOSS","M","M","$","M","M"],"build_version":"2019-01-23","purchased_purges":1,"victory":false,"max_hp_per_floor":[84,84,84,84,84,84,84,84,84,84,84,84,84,84,84,84,84,84,84,94,94,94],"card_choices":[{"not_picked":["Slice","Blade Dance"],"picked":"Leg Sweep","floor":1},{"not_picked":["Terror","Flechettes"],"picked":"Poisoned Stab","floor":4},{"not_picked":["Riddle With Holes","Dagger Spray"],"picked":"Prepared","floor":5},{"not_picked":["Expertise","Bullet Time"],"picked":"Outmaneuver","floor":7},{"not_picked":["Dodge and Roll","Acrobatics"],"picked":"Well Laid Plans","floor":11},{"not_picked":["Bane","Backflip"],"picked":"Underhanded Strike","floor":12},{"not_picked":["Outmaneuver","Deflect"],"picked":"Blade Dance","floor":14},{"not_picked":["After Image","Envenom"],"picked":"Corpse Explosion","floor":16},{"not_picked":["Dagger Throw","PiercingWail"],"picked":"Catalyst","floor":18},{"not_picked":["Setup","Backflip"],"picked":"Footwork","floor":19},{"not_picked":["Endless Agony","Reflex"],"picked":"Deadly Poison+1","floor":21}],"player_experience":189092,"relics_obtained":[{"floor":7,"key":"The Courier"},{"floor":9,"key":"Meat on the Bone"},{"floor":11,"key":"Darkstone Periapt"}],"event_choices":[{"damage_healed":0,"gold_gain":0,"player_choice":"Rummage","damage_taken":0,"relics_obtained":["WarpedTongs"],"max_hp_gain":0,"max_hp_loss":0,"event_name":"Accursed Blacksmith","floor":2,"gold_loss":0,"cards_obtained":["Pain"]},{"damage_healed":21,"gold_gain":0,"player_choice":"Healed","damage_taken":0,"max_hp_gain":0,"max_hp_loss":0,"event_name":"The Cleric","floor":10,"gold_loss":35}],"is_beta":false,"boss_relics":[{"not_picked":["Snecko Eye","Astrolabe"],"picked":"Eternal Feather"}],"items_purged_floors":[3],"is_endless":false,"potions_floor_spawned":[4,14,19,21],"killed_by":"3 Cultists","ascension_level":4}