{"gold_per_floor":[115,1,18,35,110,138,154,154,154,154,154,170,195,209,209,312,312,327,341,341,45,45,45,45,72,96,96,21,40,40,63,63,159,159,177,192,14,14,0,0,47,47,47,47,47,62,87,87],"floor_reached":48,"playtime":2671,"items_purged":[],"score":484,"play_id":"acb5d005-13f6-47f9-9a7b-58d0076ac6ea","local_time":"20191002182358","is_ascension_mode":false,"campfire_choices":[{"data":"White Noise","floor":8,"key":"SMITH"},{"floor":11,"key":"REST"},{"floor":15,"key":"REST"},{"floor":23,"key":"REST"},{"floor":27,"key":"REST"},{"floor":32,"key":"REST"},{"floor":40,"key":"REST"},{"floor":42,"key":"REST"},{"floor":44,"key":"DIG"}],"neow_cost":"NONE","seed_source_timestamp":502916104271600,"circlet_count":0,"master_deck":["Strike_B","Strike_B","Strike_B","Defend_B","Defend_B","Defend_B","Zap","Dualcast","Steam","White Noise+1","Streamline+1","Reboot","Gash+1","Gash","Hologram","FTL","Rebound+1","Seek","Go for the Eyes","Gash","BootSequence+1","Hyperbeam","Beam Cell","Hologram+1","Streamline+1"],"relics":["Cracked Core","Bag of Marbles","Frozen Egg 2","Ginger","Nilry\u0027s Codex","Gambling Chip","Ornamental Fan","Whetstone","Oddly Smooth Stone","Lizard Tail","Red Mask","Shovel","Mummified Hand","Smiling Mask","Blue Candle"],"potions_floor_usage":[6,13,13,16,33,33,36,47,48],"damage_taken":[{"damage":0,"enemies":"Jaw Worm","floor":1,"turns":3},{"damage":5,"enemies":"Small Slimes","floor":3,"turns":5},{"damage":1,"enemies":"Cultist","floor":4,"turns":3},{"damage":16,"enemies":"Lagavulin","floor":6,"turns":6},{"damage":6,"enemies":"Large Slime","floor":7,"turns":5},{"damage":6,"enemies":"Exordium Wildlife","floor":12,"turns":4},{"damage":1,"enemies":"Gremlin Nob","floor":13,"turns":3},{"damage":2,"enemies":"3 Louse","floor":14,"turns":2},{"damage":51,"enemies":"The Guardian","floor":16,"turns":9},{"damage":10,"enemies":"3 Byrds","floor":18,"turns":4},{"damage":4,"enemies":"Chosen","floor":19,"turns":2},{"damage":56,"enemies":"Slavers","floor":25,"turns":5},{"damage":17,"enemies":"Sentry and Sphere","floor":29,"turns":5},{"damage":16,"enemies":"Champ","floor":33,"turns":8},{"damage":17,"enemies":"3 Shapes","floor":35,"turns":5},{"damage":33,"enemies":"3 Darklings","floor":36,"turns":6},{"damage":43,"enemies":"2 Orb Walkers","floor":41,"turns":6},{"damage":9,"enemies":"Sphere and 2 Shapes","floor":46,"turns":3},{"damage":51,"enemies":"Giant Head","floor":47,"turns":10},{"damage":4,"enemies":"Writhing Mass","floor":48,"turns":4}],"seed_played":"5500654833447737412","potions_obtained":[{"floor":1,"key":"SkillPotion"},{"floor":3,"key":"Swift Potion"},{"floor":6,"key":"Block Potion"},{"floor":12,"key":"GamblersBrew"},{"floor":13,"key":"Strength Potion"},{"floor":25,"key":"Swift Potion"},{"floor":33,"key":"EssenceOfSteel"},{"floor":46,"key":"SkillPotion"},{"floor":47,"key":"PowerPotion"}],"is_trial":false,"path_per_floor":["M","$","M","M","?","E","M","R","T","?","R","M","E","M","R","B",null,"M","M","?","$","?","R","?","E","T","R","?","M","$","T","R","B",null,"M","M","$","?","?","R","?","R","T","R","$","M","E","M"],"character_chosen":"DEFECT","items_purchased":["Streamline","Reboot","Gambling Chip","Hyperbeam","Beam Cell"],"campfire_rested":7,"item_purchase_floors":[2,2,21,37,37],"current_hp_per_floor":[75,75,70,69,58,42,36,36,36,36,58,52,51,49,71,20,75,65,61,45,45,45,67,67,11,11,33,33,16,16,16,38,22,75,58,25,25,25,25,47,4,26,26,26,26,17,4,0],"gold":87,"neow_bonus":"THREE_CARDS","is_prod":false,"is_daily":false,"chose_seed":false,"campfire_upgraded":1,"win_rate":0.0,"timestamp":1570033438,"path_taken":["M","$","M","M","?","E","M","R","T","?","R","M","E","M","R","BOSS","M","?","?","$","?","R","?","E","T","R","?","M","?","?","R","BOSS","M","M","$","?","?","R","?","R","T","R","$","M","E","M"],"build_version":"2019-07-17","purchased_purges":0,"victory":false,"max_hp_per_floor":[75,75,75,75,75,75,75,75,75,75,75,75,75,75,75,75,75,75,75,75,75,75,75,75,75,75,75,75,75,75,75,75,75,75,75,75,75,75,75,75,75,75,75,75,75,75,75,75],"card_choices":[{"not_picked":["Ball Lightning","Beam Cell"],"picked":"Steam","floor":0},{"not_picked":["Ball Lightning","Redo"],"picked":"White Noise","floor":1},{"not_picked":["Hello World","Conserve Battery","Turbo"],"picked":"SKIP","floor":3},{"not_picked":["Barrage","Go for the Eyes"],"picked":"Gash","floor":4},{"not_picked":["Blizzard","White Noise","Chaos"],"picked":"SKIP","floor":6},{"not_picked":["Turbo","Coolheaded"],"picked":"Gash","floor":7},{"not_picked":["Streamline","Force Field"],"picked":"Hologram","floor":12},{"not_picked":["Recycle","Creative AI+1"],"picked":"FTL","floor":13},{"not_picked":["Streamline","Gash"],"picked":"Rebound","floor":14},{"not_picked":["Core Surge","Electrodynamics+1"],"picked":"Seek","floor":16},{"not_picked":["Fusion","FTL"],"picked":"Go for the Eyes","floor":18},{"not_picked":["Heatsinks+1","Barrage"],"picked":"Gash","floor":19},{"not_picked":["Biased Cognition+1","Electrodynamics+1"],"picked":"BootSequence+1","floor":25},{"not_picked":["Compile Driver","Barrage","Auto Shields"],"picked":"SKIP","floor":29},{"not_picked":["Storm+1","Genetic Algorithm","Hello World+1"],"picked":"SKIP","floor":35},{"not_picked":["Barrage+1","Consume+1","Sweeping Beam+1"],"picked":"SKIP","floor":36},{"not_picked":["Melter+1","Redo+1"],"picked":"Hologram+1","floor":41},{"not_picked":["Cold Snap","Beam Cell"],"picked":"Streamline+1","floor":46},{"not_picked":["Compile Driver+1","Cold Snap+1","Turbo"],"picked":"SKIP","floor":47}],"player_experience":141580,"relics_obtained":[{"floor":6,"key":"Bag of Marbles"},{"floor":9,"key":"Frozen Egg 2"},{"floor":13,"key":"Ginger"},{"floor":20,"key":"Nilry\u0027s Codex"},{"floor":25,"key":"Ornamental Fan"},{"floor":26,"key":"Whetstone"},{"floor":31,"key":"Oddly Smooth Stone"},{"floor":41,"key":"Shovel"},{"floor":43,"key":"Mummified Hand"},{"floor":44,"key":"Smiling Mask"},{"floor":47,"key":"Blue Candle"}],"event_choices":[{"damage_healed":0,"gold_gain":75,"player_choice":"Gather Gold","damage_taken":11,"max_hp_gain":0,"max_hp_loss":0,"event_name":"World of Goop","floor":5,"gold_loss":0},{"damage_healed":0,"gold_gain":0,"player_choice":"Upgraded","damage_taken":0,"max_hp_gain":0,"max_hp_loss":0,"event_name":"Upgrade Shrine","floor":10,"gold_loss":0,"cards_upgraded":["Streamline"]},{"damage_healed":0,"gold_gain":0,"player_choice":"Obtained Book","damage_taken":16,"max_hp_gain":0,"max_hp_loss":0,"event_name":"Cursed Tome","floor":20,"gold_loss":0},{"damage_healed":0,"gold_gain":0,"player_choice":"Ignored","damage_taken":0,"max_hp_gain":0,"max_hp_loss":0,"event_name":"Vampires","floor":22,"gold_loss":0},{"cards_removed":["Strike_B"],"damage_healed":0,"gold_gain":0,"player_choice":"Gave Gold","damage_taken":0,"max_hp_gain":0,"max_hp_loss":0,"event_name":"Beggar","floor":28,"gold_loss":75},{"cards_removed":["Defend_B"],"damage_healed":0,"gold_gain":0,"player_choice":"Removed Skill","damage_taken":0,"max_hp_gain":0,"max_hp_loss":0,"event_name":"Falling","floor":38,"gold_loss":0},{"damage_healed":0,"gold_gain":0,"player_choice":"Paid","damage_taken":0,"relics_obtained":["Red Mask"],"max_hp_gain":0,"max_hp_loss":0,"event_name":"Tomb of Lord Red Mask","floor":39,"gold_loss":14},{"damage_healed":0,"gold_gain":0,"player_choice":"Fight","damage_taken":0,"max_hp_gain":0,"max_hp_loss":0,"event_name":"Mysterious Sphere","floor":41,"gold_loss":0}],"is_beta":false,"boss_relics":[{"not_picked":["Philosopher\u0027s Stone","Cursed Key","Snecko Eye"]},{"not_picked":["Orrery","Black Star"],"picked":"Lizard Tail"}],"items_purged_floors":[],"is_endless":false,"potions_floor_spawned":[1,3,6,12,13,25,33,46,47],"killed_by":"Writhing Mass","ascension_level":0}