{"gold_per_floor":[110,110,110,110,125,141,141,155,205,218,17,17,48,59,59,133,183,197,197,197,207,237,237,237,237,289,289,66,100,21,51,51,130,130,142,158,58,71,71,106,106,106,106,106,118,148,23,51,51,51,51,51,51,51,84,84],"floor_reached":57,"playtime":3584,"items_purged":["Strike_B","Doom and Gloom","Sunder"],"score":3123,"play_id":"cd1f65f9-583e-4046-a3c3-0d8c27a7b05f","local_time":"20190924212411","is_ascension_mode":true,"campfire_choices":[{"data":"Sunder","floor":7.0,"key":"SMITH"},{"data":"Dualcast","floor":12.0,"key":"SMITH"},{"data":"Recycle","floor":15.0,"key":"SMITH"},{"floor":23.0,"key":"REST"},{"data":"Heatsinks","floor":25.0,"key":"SMITH"},{"data":"Defragment","floor":27.0,"key":"SMITH"},{"data":"Coolheaded","floor":32.0,"key":"SMITH"},{"data":"Turbo","floor":44.0,"key":"SMITH"},{"floor":49.0,"key":"RECALL"},{"data":"Zap","floor":53.0,"key":"SMITH"}],"neow_cost":"NONE","seed_source_timestamp":187659769786965,"circlet_count":0,"master_deck":["AscendersBane","Zap+1","Dualcast+1","Sunder+1","Recycle+1","Defragment","Heatsinks+1","Turbo+1","Skim","Defragment+1","Beam Cell","Ball Lightning","Echo Form","Glacier","Skim","Cold Snap","Coolheaded+1","Ghostly","Ghostly","Ghostly","Turbo+1","Redo+1","All For One","Multi-Cast","All For One","Go for the Eyes","Heatsinks","Compile Driver+1","Hologram","Leap+1","Loop"],"special_seed":0,"relics":["Cracked Core","NeowsBlessing","Orichalcum","Akabeko","Tiny House","Red Mask","Omamori","Medical Kit","Gambling Chip","Lantern","Pandora\u0027s Box","Oddly Smooth Stone","Art of War","DataDisk","Bronze Scales"],"potions_floor_usage":[56,56],"damage_taken":[{"damage":0.0,"enemies":"Cultist","floor":1.0,"turns":1.0},{"damage":0.0,"enemies":"2 Louse","floor":5.0,"turns":1.0},{"damage":0.0,"enemies":"Jaw Worm","floor":6.0,"turns":1.0},{"damage":14.0,"enemies":"Red Slaver","floor":8.0,"turns":2.0},{"damage":1.0,"enemies":"2 Fungi Beasts","floor":10.0,"turns":3.0},{"damage":11.0,"enemies":"Gremlin Nob","floor":13.0,"turns":3.0},{"damage":6.0,"enemies":"Exordium Wildlife","floor":14.0,"turns":2.0},{"damage":24.0,"enemies":"Slime Boss","floor":16.0,"turns":8.0},{"damage":16.0,"enemies":"3 Byrds","floor":18.0,"turns":4.0},{"damage":16.0,"enemies":"Shell Parasite","floor":21.0,"turns":4.0},{"damage":19.0,"enemies":"Masked Bandits","floor":22.0,"turns":6.0},{"damage":13.0,"enemies":"Slavers","floor":29.0,"turns":8.0},{"damage":0.0,"enemies":"Gremlin Leader","floor":31.0,"turns":6.0},{"damage":0.0,"enemies":"Champ","floor":33.0,"turns":16.0},{"damage":9.0,"enemies":"3 Darklings","floor":35.0,"turns":5.0},{"damage":0.0,"enemies":"3 Shapes","floor":36.0,"turns":3.0},{"damage":0.0,"enemies":"Maw","floor":38.0,"turns":8.0},{"damage":0.0,"enemies":"Reptomancer","floor":40.0,"turns":3.0},{"damage":0.0,"enemies":"Jaw Worm Horde","floor":45.0,"turns":4.0},{"damage":0.0,"enemies":"Giant Head","floor":46.0,"turns":4.0},{"damage":0.0,"enemies":"Reptomancer","floor":48.0,"turns":6.0},{"damage":11.0,"enemies":"Awakened One","floor":50.0,"turns":27.0},{"damage":3.0,"enemies":"Donu and Deca","floor":51.0,"turns":14.0},{"damage":0.0,"enemies":"Shield and Spear","floor":55.0,"turns":7.0},{"damage":34,"enemies":"The Heart","floor":56,"turns":11}],"seed_played":"-828269603929297944","potions_obtained":[{"floor":1.0,"key":"Dexterity Potion"},{"floor":6.0,"key":"GamblersBrew"},{"floor":8.0,"key":"AttackPotion"},{"floor":17.0,"key":"Fruit Juice"},{"floor":22.0,"key":"DuplicationPotion"},{"floor":31.0,"key":"SkillPotion"},{"floor":40.0,"key":"Energy Potion"},{"floor":55.0,"key":"Swift Potion"}],"is_trial":false,"path_per_floor":["M","?","?","?","M","M","R","M","T","M","$","R","E","M","R","B",null,"M","?","?","M","?","R","?","R","T","R","$","E","$","E","R","B",null,"M","M","$","M","?","E","$","?","T","R","M","E","$","E","R","B","B",null,"R","$","E","B",null],"character_chosen":"DEFECT","items_purchased":["Skim","Defragment","Medical Kit","Turbo","All For One"],"campfire_rested":1,"item_purchase_floors":[11,11,28,28,30],"current_hp_per_floor":[64,57,62,62,62,62,62,48,48,47,47,47,36,30,30,6,64,48,48,48,32,13,37,37,37,37,37,37,24,24,29,29,29,41,32,32,32,32,32,32,32,32,32,32,32,32,32,32,32,21,18,37,37,37,37,3],"gold":84,"neow_bonus":"THREE_ENEMY_KILL","is_prod":false,"is_daily":false,"chose_seed":false,"campfire_upgraded":8,"win_rate":0,"timestamp":1569331451,"path_taken":["M","?","?","?","M","M","R","M","T","M","$","R","E","M","R","BOSS","M","?","?","?","?","R","?","R","T","R","?","E","$","E","R","BOSS","M","M","$","M","?","E","?","?","T","R","?","E","?","E","R","BOSS","BOSS","R","$","E","BOSS"],"build_version":"2019-09-23","purchased_purges":3,"victory":true,"max_hp_per_floor":[71,71,76,76,76,76,76,76,76,76,76,76,76,76,76,76,81,81,81,81,81,81,81,40,40,40,40,40,40,40,45,45,45,45,45,45,45,45,45,45,45,43,43,43,43,43,43,43,43,43,43,43,43,43,43,43],"card_choices":[{"not_picked":["Streamline","Redo"],"picked":"Sunder","floor":1.0},{"not_picked":["Loop","Melter"],"picked":"Recycle","floor":5.0},{"not_picked":["FTL","Rebound"],"picked":"Defragment","floor":6.0},{"not_picked":["Aggregate","Static Discharge"],"picked":"Heatsinks","floor":8.0},{"not_picked":["Consume","Rip and Tear"],"picked":"Turbo","floor":10.0},{"not_picked":["Force Field","Ball Lightning"],"picked":"Beam Cell","floor":13.0},{"not_picked":["Hello World","Scrape"],"picked":"Ball Lightning","floor":14.0},{"not_picked":["Electrodynamics","Seek"],"picked":"Echo Form","floor":16.0},{"not_picked":["Ball Lightning","Barrage"],"picked":"Glacier","floor":17.0},{"not_picked":["Steam","Barrage","Go for the Eyes"],"picked":"SKIP","floor":18.0},{"not_picked":["Stack","Auto Shields"],"picked":"Cold Snap","floor":21.0},{"not_picked":["Barrage","Streamline"],"picked":"Coolheaded","floor":22.0},{"not_picked":["Coolheaded","Rebound"],"picked":"Redo+1","floor":29.0},{"not_picked":["Beam Cell","Steam Power","Reprogram"],"picked":"SKIP","floor":31.0},{"not_picked":["Thunder Strike","Core Surge"],"picked":"Multi-Cast","floor":33.0},{"not_picked":["Hello World","Ball Lightning+1"],"picked":"Heatsinks","floor":35.0},{"not_picked":["Sweeping Beam+1","Streamline","Ball Lightning+1"],"picked":"SKIP","floor":36.0},{"not_picked":["Hologram","Reinforced Body+1"],"picked":"Compile Driver+1","floor":38.0},{"not_picked":["Go for the Eyes+1","Leap"],"picked":"Hologram","floor":40.0},{"not_picked":["Reprogram","Beam Cell+1"],"picked":"Leap+1","floor":45.0},{"not_picked":["Consume","Leap","Coolheaded"],"picked":"SKIP","floor":46.0},{"not_picked":["Leap","BootSequence","Reinforced Body"],"picked":"SKIP","floor":48.0},{"not_picked":["Stack","Scrape"],"picked":"Loop","floor":55.0}],"player_experience":971371,"relics_obtained":[{"floor":9.0,"key":"Orichalcum"},{"floor":13.0,"key":"Akabeko"},{"floor":22.0,"key":"Red Mask"},{"floor":26.0,"key":"Omamori"},{"floor":29.0,"key":"Gambling Chip"},{"floor":31.0,"key":"Lantern"},{"floor":40.0,"key":"Oddly Smooth Stone"},{"floor":46.0,"key":"Art of War"},{"floor":48.0,"key":"DataDisk"},{"floor":55.0,"key":"Bronze Scales"}],"event_choices":[{"cards_removed":["Strike_B"],"damage_healed":0.0,"max_hp_gain":0.0,"max_hp_loss":0.0,"gold_gain":0.0,"event_name":"Golden Wing","player_choice":"Card Removal","floor":2.0,"gold_loss":0.0,"damage_taken":7.0},{"damage_healed":0.0,"max_hp_gain":5.0,"max_hp_loss":0.0,"gold_gain":0.0,"event_name":"Big Fish","player_choice":"Donut","floor":3.0,"gold_loss":0.0,"damage_taken":0.0},{"cards_removed":["Strike_B"],"damage_healed":0.0,"max_hp_gain":0.0,"max_hp_loss":0.0,"gold_gain":0.0,"event_name":"Purifier","player_choice":"Purged","floor":4.0,"gold_loss":0.0,"damage_taken":0.0},{"damage_healed":0.0,"max_hp_gain":0.0,"max_hp_loss":0.0,"gold_gain":0.0,"event_name":"The Library","player_choice":"Read","floor":19.0,"gold_loss":0.0,"damage_taken":0.0,"cards_obtained":["Skim"]},{"cards_removed":["Strike_B"],"damage_healed":0.0,"max_hp_gain":0.0,"max_hp_loss":0.0,"gold_gain":0.0,"event_name":"Back to Basics","player_choice":"Elegance","floor":20.0,"gold_loss":0.0,"damage_taken":0.0},{"damage_healed":0.0,"max_hp_gain":0.0,"max_hp_loss":0.0,"gold_gain":0.0,"event_name":"Masked Bandits","player_choice":"Fought Bandits","floor":22.0,"gold_loss":0.0,"damage_taken":0.0},{"damage_healed":0.0,"max_hp_gain":0.0,"max_hp_loss":41.0,"gold_gain":0.0,"event_name":"Ghosts","player_choice":"Became a Ghost","floor":24.0,"gold_loss":0.0,"damage_taken":0.0,"cards_obtained":["Ghostly","Ghostly","Ghostly"]},{"damage_healed":0.0,"max_hp_gain":0.0,"max_hp_loss":0.0,"gold_gain":0.0,"event_name":"Lab","player_choice":"Got Potions","floor":39.0,"gold_loss":0.0,"damage_taken":0.0},{"damage_healed":0.0,"max_hp_gain":0.0,"max_hp_loss":2.0,"gold_gain":0.0,"event_name":"Winding Halls","player_choice":"Max HP","floor":42.0,"gold_loss":0.0,"damage_taken":0.0}],"is_beta":true,"boss_relics":[{"not_picked":["FrozenCore","Busted Crown"],"picked":"Tiny House"},{"not_picked":["Snecko Eye","SlaversCollar"],"picked":"Pandora\u0027s Box"}],"items_purged_floors":[11,37,47],"is_endless":false,"potions_floor_spawned":[1,6,8,22,29,31,33,36,40,46,48,55],"ascension_level":20}