{"gold_per_floor":[110,22,22,122,135,169,169,207,207,230,265,279,279,295,295,386,449,473,98,98,118,13,57,57,57,57,57,73,117,131,131],"floor_reached":31,"playtime":881,"items_purged":["Strike_B","Strike_B"],"score":636,"play_id":"53075396-a279-487b-96c1-44d81a2a42b3","local_time":"20190925132333","is_ascension_mode":true,"campfire_choices":[{"data":"Sunder","floor":7.0,"key":"SMITH"},{"data":"Zap","floor":13.0,"key":"SMITH"},{"data":"Beam Cell","floor":15.0,"key":"SMITH"},{"data":"Dualcast","floor":25.0,"key":"SMITH"},{"data":"Skim","floor":27.0,"key":"SMITH"}],"neow_cost":"NONE","seed_source_timestamp":248808351854405,"circlet_count":0,"master_deck":["AscendersBane","Strike_B","Defend_B","Defend_B","Defend_B","Defend_B","Zap+1","Dualcast+1","Capacitor","Defragment+1","Cold Snap","Sunder+1","Undo","Beam Cell+1","Recycle","Reinforced Body","Conserve Battery","Echo Form","BootSequence","Leap+1","Turbo","Skim+1","Coolheaded","Turbo","Hologram"],"special_seed":0,"relics":["Cracked Core","NeowsBlessing","Golden Idol","Smiling Mask","CloakClasp","Kunai","Gremlin Horn","Tiny House","DataDisk","ClockworkSouvenir","Orichalcum","Eternal Feather","Bag of Marbles"],"potions_floor_usage":[31],"damage_taken":[{"damage":0.0,"enemies":"Jaw Worm","floor":1.0,"turns":1.0},{"damage":0.0,"enemies":"2 Louse","floor":5.0,"turns":1.0},{"damage":0.0,"enemies":"Lagavulin","floor":6.0,"turns":1.0},{"damage":11.0,"enemies":"Gremlin Nob","floor":8.0,"turns":3.0},{"damage":0.0,"enemies":"Cultist","floor":10.0,"turns":3.0},{"damage":17.0,"enemies":"Lagavulin","floor":11.0,"turns":5.0},{"damage":0.0,"enemies":"Blue Slaver","floor":12.0,"turns":2.0},{"damage":0.0,"enemies":"2 Fungi Beasts","floor":14.0,"turns":4.0},{"damage":16.0,"enemies":"Slime Boss","floor":16.0,"turns":12.0},{"damage":4.0,"enemies":"Spheric Guardian","floor":18.0,"turns":4.0},{"damage":0.0,"enemies":"2 Thieves","floor":21.0,"turns":3.0},{"damage":12.0,"enemies":"Gremlin Leader","floor":23.0,"turns":10.0},{"damage":14.0,"enemies":"Snake Plant","floor":28.0,"turns":6.0},{"damage":6.0,"enemies":"Book of Stabbing","floor":29.0,"turns":6.0},{"damage":0.0,"enemies":"Cultist and Chosen","floor":30.0,"turns":6.0},{"damage":42,"enemies":"Slavers","floor":31,"turns":5}],"seed_played":"-8671298731609568062","potions_obtained":[{"floor":5.0,"key":"DuplicationPotion"},{"floor":6.0,"key":"SneckoOil"},{"floor":11.0,"key":"FairyPotion"},{"floor":17.0,"key":"Block Potion"},{"floor":21.0,"key":"Block Potion"},{"floor":23.0,"key":"PowerPotion"},{"floor":24.0,"key":"EntropicBrew"},{"floor":29.0,"key":"Ancient Potion"}],"is_trial":false,"path_per_floor":["M","$","?","?","M","E","R","E","T","M","E","M","R","M","R","B",null,"M","$","?","M","$","E","?","R","T","R","M","E","M","E"],"character_chosen":"DEFECT","items_purchased":["Defragment","DataDisk","ClockworkSouvenir","Turbo"],"campfire_rested":0,"item_purchase_floors":[2,19,19,22],"current_hp_per_floor":[64,64,64,64,64,64,64,53,53,53,36,36,36,36,36,20,58,54,54,54,54,54,42,42,42,42,54,40,34,34,0],"gold":131,"neow_bonus":"THREE_ENEMY_KILL","is_prod":false,"is_daily":false,"chose_seed":false,"campfire_upgraded":5,"win_rate":0,"timestamp":1569389013,"path_taken":["M","$","?","?","M","E","R","E","T","M","E","?","R","M","R","BOSS","M","$","?","M","$","E","?","R","T","R","M","E","M","E"],"build_version":"2019-09-24","purchased_purges":2,"victory":false,"max_hp_per_floor":[71,71,64,64,64,64,64,64,64,64,64,64,64,64,64,64,69,69,69,69,69,69,69,69,69,69,69,69,69,69,69],"card_choices":[{"not_picked":["Beam Cell","Rebound"],"picked":"Capacitor","floor":1.0},{"not_picked":["Rebound","Sweeping Beam"],"picked":"Cold Snap","floor":5.0},{"not_picked":["Blizzard","Fusion"],"picked":"Sunder","floor":6.0},{"not_picked":["Stack","Leap"],"picked":"Undo","floor":8.0},{"not_picked":["Steam Power","Hologram"],"picked":"Beam Cell","floor":10.0},{"not_picked":["Gash","Ball Lightning"],"picked":"Recycle","floor":11.0},{"not_picked":["Steam Power","Leap"],"picked":"Reinforced Body","floor":12.0},{"not_picked":["Sweeping Beam","Streamline"],"picked":"Conserve Battery","floor":14.0},{"not_picked":["Machine Learning","Creative AI"],"picked":"Echo Form","floor":16.0},{"not_picked":["Gash","Steam"],"picked":"BootSequence","floor":18.0},{"not_picked":["Stack","Reprogram"],"picked":"Leap+1","floor":21.0},{"not_picked":["Darkness","Double Energy"],"picked":"Skim","floor":23.0},{"not_picked":["Compile Driver","Recycle"],"picked":"Coolheaded","floor":28.0},{"not_picked":["Go for the Eyes","Tempest"],"picked":"Turbo","floor":29.0},{"not_picked":["Leap","Recycle"],"picked":"Hologram","floor":30.0}],"player_experience":990106,"relics_obtained":[{"floor":6.0,"key":"Smiling Mask"},{"floor":8.0,"key":"CloakClasp"},{"floor":9.0,"key":"Kunai"},{"floor":11.0,"key":"Gremlin Horn"},{"floor":23.0,"key":"Orichalcum"},{"floor":26.0,"key":"Eternal Feather"},{"floor":29.0,"key":"Bag of Marbles"}],"event_choices":[{"damage_healed":0.0,"max_hp_gain":0.0,"max_hp_loss":7.0,"gold_gain":0.0,"event_name":"Golden Idol","player_choice":"Lose Max HP","floor":3.0,"gold_loss":0.0,"damage_taken":0.0,"relics_obtained":["Golden Idol"]},{"damage_healed":0.0,"max_hp_gain":0.0,"max_hp_loss":0.0,"gold_gain":100.0,"event_name":"Wheel of Change","player_choice":"Gold","floor":4.0,"gold_loss":0.0,"damage_taken":0.0},{"cards_removed":["Strike_B"],"damage_healed":0.0,"max_hp_gain":0.0,"max_hp_loss":0.0,"gold_gain":0.0,"event_name":"Back to Basics","player_choice":"Elegance","floor":20.0,"gold_loss":0.0,"damage_taken":0.0},{"damage_healed":0.0,"max_hp_gain":0.0,"max_hp_loss":0.0,"gold_gain":0.0,"event_name":"Lab","player_choice":"Got Potions","floor":24.0,"gold_loss":0.0,"damage_taken":0.0}],"is_beta":true,"boss_relics":[{"not_picked":["Philosopher\u0027s Stone","Runic Dome"],"picked":"Tiny House"}],"items_purged_floors":[19,22],"is_endless":false,"potions_floor_spawned":[5,6,11,14,21,23,29],"killed_by":"Slavers","ascension_level":20}