{"gold_per_floor":[118,118,134,144,219,219,247,247,247,212,224,224,237,253,253,253],"floor_reached":16,"playtime":856,"items_purged":[],"score":112,"play_id":"c3153a32-36e2-45e4-8a25-753d6fafb3ed","local_time":"20190104153510","is_ascension_mode":true,"campfire_choices":[{"floor":6.0,"key":"REST"},{"floor":12.0,"key":"REST"},{"floor":15,"key":"REST"}],"neow_cost":"NONE","seed_source_timestamp":0,"circlet_count":0,"master_deck":["Defend_G","Defend_G","Defend_G","Defend_G","Defend_G","Strike_G","Strike_G","Strike_G","Strike_G","Strike_G","Survivor","Neutralize","Bane","Setup","PiercingWail","Poisoned Stab","Dagger Throw","Blur","Poisoned Stab","Backflip"],"special_seed":0,"relics":["Lizard Tail","Gremlin Horn","Matryoshka"],"potions_floor_usage":[16,16],"damage_taken":[{"damage":0.0,"enemies":"2 Louse","floor":1.0,"turns":4.0},{"damage":2.0,"enemies":"Cultist","floor":3.0,"turns":4.0},{"damage":5.0,"enemies":"Jaw Worm","floor":4.0,"turns":6.0},{"damage":54.0,"enemies":"3 Sentries","floor":7.0,"turns":13.0},{"damage":5.0,"enemies":"Looter","floor":11.0,"turns":4.0},{"damage":7.0,"enemies":"Large Slime","floor":13.0,"turns":7.0},{"damage":0.0,"enemies":"Blue Slaver","floor":14.0,"turns":4.0},{"damage":63,"enemies":"Slime Boss","floor":16,"turns":9}],"seed_played":"6016344210513088084","potions_obtained":[{"floor":4.0,"key":"EntropicBrew"},{"floor":7.0,"key":"Strength Potion"}],"is_trial":false,"path_per_floor":["M","?","M","M","?","R","E","?","T","?","M","R","M","M","R","B"],"character_chosen":"THE_SILENT","items_purchased":[],"campfire_rested":3,"item_purchase_floors":[],"current_hp_per_floor":[70,70,68,63,52,70,16,16,16,33,28,49,42,42,63,35],"gold":253,"neow_bonus":"BOSS_RELIC","is_prod":false,"is_daily":false,"chose_seed":false,"campfire_upgraded":0,"win_rate":0,"timestamp":1546608910,"path_taken":["M","?","?","M","?","R","E","?","T","?","M","R","?","M","R","BOSS"],"build_version":"2019-01-03v3","purchased_purges":0,"victory":false,"max_hp_per_floor":[70,70,70,70,70,70,70,70,70,70,70,70,70,70,70,70],"card_choices":[{"not_picked":["Underhanded Strike","Finisher"],"picked":"Bane","floor":1.0},{"not_picked":["Backflip","Dodge and Roll"],"picked":"PiercingWail","floor":3.0},{"not_picked":["Dagger Spray","Riddle With Holes"],"picked":"Poisoned Stab","floor":4.0},{"not_picked":["Dagger Spray","Finisher"],"picked":"Dagger Throw","floor":7.0},{"not_picked":["Reflex","Concentrate"],"picked":"Blur","floor":11.0},{"not_picked":["Dodge and Roll","Outmaneuver"],"picked":"Poisoned Stab","floor":13.0},{"not_picked":["Dagger Throw","Acrobatics"],"picked":"Backflip","floor":14}],"player_experience":108527,"relics_obtained":[{"floor":7.0,"key":"Gremlin Horn"},{"floor":9.0,"key":"Matryoshka"}],"event_choices":[{"damage_healed":0.0,"max_hp_gain":0.0,"max_hp_loss":0.0,"gold_gain":0.0,"event_name":"Match and Keep!","player_choice":"1 cards matched","floor":2.0,"gold_loss":0.0,"damage_taken":0.0,"cards_obtained":["Setup"]},{"damage_healed":0.0,"max_hp_gain":0.0,"max_hp_loss":0.0,"gold_gain":75.0,"event_name":"World of Goop","player_choice":"Gather Gold","floor":5.0,"gold_loss":0.0,"damage_taken":11.0},{"damage_healed":0.0,"max_hp_gain":0.0,"max_hp_loss":0.0,"gold_gain":0.0,"event_name":"Shining Light","player_choice":"Ignored","floor":8.0,"gold_loss":0.0,"damage_taken":0.0},{"damage_healed":17.0,"max_hp_gain":0.0,"max_hp_loss":0.0,"gold_gain":0.0,"event_name":"The Cleric","player_choice":"Healed","floor":10.0,"gold_loss":35.0,"damage_taken":0.0}],"is_beta":false,"boss_relics":[],"items_purged_floors":[],"is_endless":false,"potions_floor_spawned":[4,7,14],"killed_by":"Slime Boss","ascension_level":2}