{"gold_per_floor":[115,115,135,153,168,168,191,191,242,257,84,114,114,131,131,232,282,298,298,314,241,252,281,281,281,304,324,324,339,96,111,111,215,215,235,235,286,165,165],"floor_reached":39,"playtime":1928,"items_purged":[],"score":506,"play_id":"48c4d583-96ac-4a11-ab23-0e375670e66e","local_time":"20191020104642","is_ascension_mode":true,"campfire_choices":[{"data":"Streamline","floor":6,"key":"SMITH"},{"data":"Zap","floor":13,"key":"SMITH"},{"data":"Hologram","floor":15,"key":"SMITH"},{"floor":24,"key":"REST"},{"floor":28,"key":"REST"},{"floor":32,"key":"REST"}],"neow_cost":"NONE","seed_source_timestamp":787218063561900,"circlet_count":0,"master_deck":["Strike_B+1","Strike_B+1","Strike_B+1","Strike_B+1","Defend_B+1","Defend_B+1","Defend_B+1","Defend_B+1","Zap+1","Dualcast","Streamline+1","Rebound","Gash","Go for the Eyes","Beam Cell","Seek+1","Self Repair","Hologram+1","Echo Form","Hologram","Gash","Leap","Leap+1","Gash","Gash","Leap+1","Conserve Battery","Echo Form","Gash","FTL","Good Instincts"],"relics":["Cracked Core","Anchor","Odd Mushroom","Smiling Mask","Dream Catcher","Tiny House","DataDisk","PreservedInsect","Bottled Tornado","Thread and Needle"],"potions_floor_usage":[7,12,16,33,33,37],"damage_taken":[{"damage":3,"enemies":"Small Slimes","floor":1,"turns":3},{"damage":0,"enemies":"2 Louse","floor":3,"turns":2},{"damage":0,"enemies":"Cultist","floor":4,"turns":2},{"damage":0,"enemies":"Blue Slaver","floor":5,"turns":3},{"damage":0,"enemies":"The Mushroom Lair","floor":7,"turns":3},{"damage":2,"enemies":"Exordium Wildlife","floor":10,"turns":3},{"damage":15,"enemies":"Lagavulin","floor":12,"turns":5},{"damage":6,"enemies":"Looter","floor":14,"turns":3},{"damage":23,"enemies":"The Guardian","floor":16,"turns":8},{"damage":9,"enemies":"Chosen","floor":18,"turns":4},{"damage":13,"enemies":"3 Byrds","floor":20,"turns":5},{"damage":12,"enemies":"Centurion and Healer","floor":22,"turns":5},{"damage":49,"enemies":"Book of Stabbing","floor":23,"turns":5},{"damage":16,"enemies":"Snake Plant","floor":27,"turns":4},{"damage":18,"enemies":"Sentry and Sphere","floor":29,"turns":5},{"damage":10,"enemies":"Cultist and Chosen","floor":31,"turns":6},{"damage":47,"enemies":"Champ","floor":33,"turns":12},{"damage":1,"enemies":"Orb Walker","floor":35,"turns":3},{"damage":64,"enemies":"2 Orb Walkers","floor":37,"turns":5},{"damage":20,"enemies":"3 Darklings","floor":39,"turns":2}],"seed_played":"3494169378892601540","potions_obtained":[{"floor":1,"key":"Fire Potion"},{"floor":3,"key":"Swift Potion"},{"floor":5,"key":"PowerPotion"},{"floor":16,"key":"Dexterity Potion"},{"floor":17,"key":"FairyPotion"},{"floor":27,"key":"Dexterity Potion"},{"floor":29,"key":"SneckoOil"},{"floor":35,"key":"PowerPotion"},{"floor":37,"key":"EssenceOfSteel"}],"is_trial":false,"path_per_floor":["M","$","M","M","M","R","?","?","T","M","$","E","R","M","R","B",null,"M","?","M","$","M","E","R","?","T","M","R","M","$","M","R","B",null,"M","?","?","$","M"],"character_chosen":"DEFECT","items_purchased":["Beam Cell","Seek","Gash","Leap","Bottled Tornado","FTL","Good Instincts"],"campfire_rested":3,"item_purchase_floors":[11,11,21,21,30,38,38],"current_hp_per_floor":[72,72,72,72,72,72,72,72,72,70,70,55,55,49,49,33,80,78,63,57,57,45,8,33,33,33,17,42,31,31,28,53,20,85,84,84,20,20,0],"gold":165,"neow_bonus":"RANDOM_COMMON_RELIC","is_prod":false,"is_daily":false,"chose_seed":false,"campfire_upgraded":3,"win_rate":0,"timestamp":1571561202,"path_taken":["M","$","M","M","M","R","?","?","T","?","$","E","R","M","R","BOSS","M","?","M","$","M","E","R","?","T","M","R","M","$","M","R","BOSS","M","?","?","$","M"],"build_version":"2019-07-17","purchased_purges":0,"victory":false,"max_hp_per_floor":[75,75,75,75,75,75,75,75,75,75,75,75,75,75,75,75,80,80,85,85,85,85,85,85,85,85,85,85,85,85,85,85,85,85,85,85,85,85,85],"card_choices":[{"not_picked":["Leap","Steam"],"picked":"Streamline","floor":1},{"not_picked":["Streamline","Coolheaded"],"picked":"Rebound","floor":3},{"not_picked":["Cold Snap","Steam"],"picked":"Gash","floor":4},{"not_picked":["Streamline","Glacier","Stack"],"picked":"SKIP","floor":5},{"not_picked":["Stack","Cold Snap"],"picked":"Go for the Eyes","floor":10},{"not_picked":["Machine Learning","Steam"],"picked":"Self Repair","floor":12},{"not_picked":["Turbo","Barrage"],"picked":"Hologram","floor":14},{"not_picked":["Rainbow","Amplify"],"picked":"Echo Form","floor":16},{"not_picked":["Capacitor","Cold Snap","Darkness"],"picked":"SKIP","floor":18},{"not_picked":["Darkness","Auto Shields"],"picked":"Hologram","floor":20},{"not_picked":["Ball Lightning","Glacier"],"picked":"Leap+1","floor":22},{"not_picked":["Rebound","Coolheaded"],"picked":"Gash","floor":23},{"not_picked":["Stack","Tempest"],"picked":"Gash","floor":24},{"not_picked":["Stack","Rebound+1","Defragment"],"picked":"SKIP","floor":27},{"not_picked":["Turbo","Stack"],"picked":"Leap+1","floor":28},{"not_picked":["Genetic Algorithm","Rebound"],"picked":"Conserve Battery","floor":29},{"not_picked":["Streamline","Force Field+1","Turbo"],"picked":"SKIP","floor":31},{"not_picked":["Meteor Strike","Thunder Strike"],"picked":"Echo Form","floor":33},{"not_picked":["Blizzard","Stack","Coolheaded+1"],"picked":"SKIP","floor":35},{"not_picked":["Steam","Stack+1"],"picked":"Gash","floor":37}],"player_experience":395312,"relics_obtained":[{"floor":7,"key":"Odd Mushroom"},{"floor":9,"key":"Smiling Mask"},{"floor":12,"key":"Dream Catcher"},{"floor":23,"key":"DataDisk"},{"floor":26,"key":"PreservedInsect"},{"floor":37,"key":"Thread and Needle"}],"event_choices":[{"damage_healed":0,"gold_gain":0,"player_choice":"Fought Mushrooms","damage_taken":0,"max_hp_gain":0,"max_hp_loss":0,"event_name":"Mushrooms","floor":7,"gold_loss":0},{"damage_healed":0,"gold_gain":0,"player_choice":"Leave","damage_taken":0,"max_hp_gain":0,"max_hp_loss":0,"event_name":"FaceTrader","floor":8,"gold_loss":0},{"damage_healed":0,"gold_gain":0,"player_choice":"Shed Blood","damage_taken":20,"max_hp_gain":5,"max_hp_loss":0,"event_name":"Forgotten Altar","floor":19,"gold_loss":0},{"damage_healed":0,"gold_gain":0,"player_choice":"Simplicity","damage_taken":0,"max_hp_gain":0,"max_hp_loss":0,"event_name":"Back to Basics","floor":25,"gold_loss":0,"cards_upgraded":["Strike_B","Strike_B","Strike_B","Strike_B","Defend_B","Defend_B","Defend_B","Defend_B"]},{"damage_healed":0,"gold_gain":0,"player_choice":"Ignored","damage_taken":0,"max_hp_gain":0,"max_hp_loss":0,"event_name":"Tomb of Lord Red Mask","floor":36,"gold_loss":0},{"damage_healed":0,"gold_gain":0,"player_choice":"Fight","damage_taken":0,"max_hp_gain":0,"max_hp_loss":0,"event_name":"Mysterious Sphere","floor":37,"gold_loss":0}],"is_beta":false,"boss_relics":[{"not_picked":["Coffee Dripper","Nuclear Battery"],"picked":"Tiny House"},{"not_picked":["Sozu","Cursed Key","Philosopher\u0027s Stone"]}],"items_purged_floors":[],"is_endless":false,"potions_floor_spawned":[1,3,5,16,27,29,35,37],"killed_by":"3 Darklings","ascension_level":4}