{"gold_per_floor":[119,44,44,60,77,77,103,103,103,20,20,20,31,49,49,125,125,142,142,142],"floor_reached":20,"playtime":464,"items_purged":[],"score":344,"play_id":"b2d616b5-6c6c-47f9-b1a0-e1112dc3208c","local_time":"20191015195031","is_ascension_mode":true,"campfire_choices":[{"data":"Zap","floor":6.0,"key":"SMITH"},{"floor":8.0,"key":"REST"},{"data":"Chaos","floor":11.0,"key":"SMITH"},{"data":"Doom and Gloom","floor":15.0,"key":"SMITH"}],"neow_cost":"NONE","seed_source_timestamp":0,"circlet_count":0,"master_deck":["AscendersBane","Zap+1","Dualcast+1","Compile Driver","Core Surge","Chaos+1","Doom and Gloom+1","Double Energy","Core Surge","Electrodynamics","Consume","Fusion+1","Amplify","Reprogram","Reboot","Gash","Streamline","Heatsinks"],"special_seed":0,"relics":["Cracked Core","Whetstone","Darkstone Periapt","Pandora\u0027s Box"],"potions_floor_usage":[],"damage_taken":[{"damage":5.0,"enemies":"Small Slimes","floor":1.0,"turns":4.0},{"damage":2.0,"enemies":"2 Louse","floor":4.0,"turns":2.0},{"damage":4.0,"enemies":"Jaw Worm","floor":5.0,"turns":3.0},{"damage":29.0,"enemies":"3 Sentries","floor":7.0,"turns":9.0},{"damage":1.0,"enemies":"Looter","floor":13.0,"turns":2.0},{"damage":2.0,"enemies":"Lots of Slimes","floor":14.0,"turns":3.0},{"damage":36.0,"enemies":"Slime Boss","floor":16.0,"turns":5.0},{"damage":32.0,"enemies":"3 Byrds","floor":18.0,"turns":4.0},{"damage":21,"enemies":"Shell Parasite","floor":20,"turns":2}],"seed_played":"-8959861316094677769","potions_obtained":[{"floor":14.0,"key":"Dexterity Potion"},{"floor":16.0,"key":"Ancient Potion"}],"is_trial":false,"path_per_floor":["M","?","?","M","M","R","E","R","T","$","R","?","M","M","R","B",null,"M","?","M"],"character_chosen":"DEFECT","items_purchased":["Doom and Gloom"],"campfire_rested":1,"item_purchase_floors":[10],"current_hp_per_floor":[59,59,38,36,32,32,3,24,24,24,24,71,70,68,68,32,61,29,29,8],"gold":142,"neow_bonus":"RANDOM_COMMON_RELIC","is_prod":false,"is_daily":false,"chose_seed":false,"campfire_upgraded":3,"win_rate":0,"timestamp":1571140231,"path_taken":["M","?","?","M","M","R","E","R","T","?","R","?","?","M","R","BOSS","M","?","?"],"build_version":"2019-10-14","purchased_purges":0,"victory":false,"max_hp_per_floor":[71,71,71,71,71,71,71,71,71,71,71,71,71,71,71,71,71,71,71,71],"card_choices":[{"not_picked":["Steam","Beam Cell"],"picked":"Compile Driver","floor":1.0},{"not_picked":["Loop","Gash"],"picked":"Core Surge","floor":4.0},{"not_picked":["Compile Driver","Streamline","Barrage"],"picked":"SKIP","floor":5.0},{"not_picked":["Conserve Battery","Turbo"],"picked":"Chaos","floor":7.0},{"not_picked":["Streamline","Gash"],"picked":"Double Energy","floor":13.0},{"not_picked":["Reinforced Body","BootSequence"],"picked":"Core Surge","floor":14.0},{"not_picked":["Seek","Creative AI"],"picked":"Electrodynamics","floor":16.0},{"not_picked":["Capacitor","Auto Shields"],"picked":"Heatsinks","floor":18.0}],"player_experience":1089420,"relics_obtained":[{"floor":7.0,"key":"Darkstone Periapt"}],"event_choices":[{"cards_removed":["Strike_B"],"damage_healed":0.0,"max_hp_gain":0.0,"max_hp_loss":0.0,"gold_gain":0.0,"event_name":"The Cleric","player_choice":"Card Removal","floor":2.0,"gold_loss":75.0,"damage_taken":0.0},{"damage_healed":0.0,"max_hp_gain":0.0,"max_hp_loss":0.0,"gold_gain":0.0,"event_name":"Shining Light","player_choice":"Entered Light","floor":3.0,"gold_loss":0.0,"damage_taken":21.0,"cards_upgraded":["Defend_B","Dualcast"]},{"damage_healed":47.0,"max_hp_gain":0.0,"max_hp_loss":0.0,"gold_gain":0.0,"event_name":"Wheel of Change","player_choice":"Full Heal","floor":12.0,"gold_loss":0.0,"damage_taken":0.0},{"damage_healed":0.0,"max_hp_gain":0.0,"max_hp_loss":0.0,"gold_gain":0.0,"event_name":"Upgrade Shrine","player_choice":"Upgraded","floor":19.0,"gold_loss":0.0,"damage_taken":0.0,"cards_upgraded":["Fusion"]}],"is_beta":true,"boss_relics":[{"not_picked":["Black Star","Runic Dome"],"picked":"Pandora\u0027s Box"}],"items_purged_floors":[],"is_endless":false,"potions_floor_spawned":[14,16],"killed_by":"Shell Parasite","ascension_level":20}