{"gold_per_floor":[117,117,117,135,146,146,166,70,121,71,105,105,132,150,150,245,295,313,327,8,21,21,21,121,121,189,206,217,230,230],"floor_reached":30,"playtime":3398,"items_purged":["Defend_G"],"score":242,"play_id":"f6c5a3bc-f6c2-4db7-b73a-87bce16f9efc","local_time":"20190929201826","is_ascension_mode":false,"campfire_choices":[{"data":"Deadly Poison","floor":6,"key":"SMITH"},{"floor":15,"key":"REST"},{"data":"Footwork","floor":23,"key":"SMITH"},{"data":"Deadly Poison","floor":25,"key":"SMITH"}],"neow_cost":"NONE","seed_source_timestamp":249857106483900,"circlet_count":0,"master_deck":["Strike_G","Strike_G","Strike_G+1","Defend_G","Defend_G","Survivor","Neutralize","Backflip","Bane","Deadly Poison+1","A Thousand Cuts","Flash of Steel","Footwork+1","Deadly Poison+1","Prepared","Adrenaline","Infinite Blades","Dash","Deflect","Tactician+1","Blur","Writhe","Footwork","Prepared+1"],"relics":["Ring of the Snake","Pen Nib","Bag of Preparation","Prayer Wheel","Tiny House","Pantograph","Sundial","Dodecahedron"],"potions_floor_usage":[16,21,27,28,30],"damage_taken":[{"damage":0,"enemies":"Small Slimes","floor":1,"turns":5},{"damage":3,"enemies":"Jaw Worm","floor":4,"turns":5},{"damage":0,"enemies":"2 Louse","floor":5,"turns":3},{"damage":0,"enemies":"2 Fungi Beasts","floor":7,"turns":3},{"damage":26,"enemies":"3 Sentries","floor":11,"turns":7},{"damage":14,"enemies":"Lagavulin","floor":13,"turns":5},{"damage":3,"enemies":"3 Louse","floor":14,"turns":3},{"damage":39,"enemies":"The Guardian","floor":16,"turns":9},{"damage":15,"enemies":"Spheric Guardian","floor":18,"turns":5},{"damage":10,"enemies":"3 Byrds","floor":19,"turns":4},{"damage":13,"enemies":"Snecko","floor":21,"turns":5},{"damage":1,"enemies":"Centurion and Healer","floor":27,"turns":6},{"damage":3,"enemies":"3 Cultists","floor":28,"turns":5},{"damage":11,"enemies":"Snake Plant","floor":29,"turns":5},{"damage":13,"enemies":"Colosseum Slavers","floor":30,"turns":4},{"damage":14,"enemies":"Colosseum Nobs","floor":30,"turns":3}],"seed_played":"3563060491795802164","potions_obtained":[{"floor":7,"key":"GamblersBrew"},{"floor":13,"key":"Ancient Potion"},{"floor":17,"key":"AttackPotion"},{"floor":21,"key":"Poison Potion"},{"floor":27,"key":"GhostInAJar"},{"floor":29,"key":"AttackPotion"}],"is_trial":false,"path_per_floor":["M","?","?","M","M","R","M","$","T","?","E","?","E","M","R","B",null,"M","M","$","M","?","R","?","R","T","M","M","M","?"],"character_chosen":"THE_SILENT","items_purchased":["Flash of Steel","Pantograph"],"campfire_rested":1,"item_purchase_floors":[8,20],"current_hp_per_floor":[70,75,75,72,72,72,72,72,72,72,46,39,25,22,44,5,80,65,55,55,42,42,42,42,42,42,41,38,27,0],"gold":230,"neow_bonus":"REMOVE_CARD","is_prod":false,"is_daily":false,"chose_seed":false,"campfire_upgraded":3,"win_rate":0.0,"timestamp":1569781106,"path_taken":["M","?","?","M","?","R","M","$","T","?","E","?","E","M","R","BOSS","M","M","$","M","?","R","?","R","T","M","?","M","?"],"build_version":"2019-07-17","purchased_purges":1,"victory":false,"max_hp_per_floor":[70,75,75,75,75,75,75,75,75,75,75,75,75,75,75,75,80,80,80,80,80,80,80,80,80,80,80,80,80,80],"card_choices":[{"not_picked":["Sucker Punch","Underhanded Strike"],"picked":"Backflip","floor":1},{"not_picked":["Sucker Punch","Dodge and Roll"],"picked":"Bane","floor":4},{"not_picked":["Terror","Backflip"],"picked":"Deadly Poison","floor":5},{"not_picked":["Sucker Punch","Dagger Throw"],"picked":"A Thousand Cuts","floor":7},{"not_picked":["Slice","Flechettes"],"picked":"Footwork","floor":11},{"not_picked":["Dagger Spray","Venomology","Heel Hook"],"picked":"SKIP","floor":13},{"not_picked":["Dodge and Roll","Outmaneuver"],"picked":"Deadly Poison","floor":14},{"not_picked":["Underhanded Strike","Quick Slash"],"picked":"Prepared","floor":14},{"not_picked":["Unload","A Thousand Cuts"],"picked":"Adrenaline","floor":16},{"not_picked":["PiercingWail","Escape Plan"],"picked":"Infinite Blades","floor":17},{"not_picked":["Poisoned Stab","Flechettes"],"picked":"Dash","floor":18},{"not_picked":["Endless Agony","Flechettes"],"picked":"Deflect","floor":18},{"not_picked":["Skewer+1","Dagger Throw+1","Quick Slash"],"picked":"SKIP","floor":19},{"not_picked":["Dagger Throw","Sucker Punch+1","Acrobatics"],"picked":"SKIP","floor":19},{"not_picked":["Slice","Quick Slash"],"picked":"Tactician+1","floor":21},{"not_picked":["Eviscerate+1","Quick Slash"],"picked":"Blur","floor":21},{"not_picked":["Finisher","Sucker Punch"],"picked":"Footwork","floor":27},{"not_picked":["Escape Plan","Dagger Throw","Riddle With Holes"],"picked":"SKIP","floor":27},{"not_picked":["Predator+1","Finisher"],"picked":"Prepared+1","floor":28},{"not_picked":["Caltrops+1","Tools of the Trade","Predator"],"picked":"SKIP","floor":28},{"not_picked":["Outmaneuver+1","Blade Dance+1","Infinite Blades"],"picked":"SKIP","floor":29},{"not_picked":["Backflip","Footwork","Underhanded Strike"],"picked":"SKIP","floor":29}],"player_experience":68836,"relics_obtained":[{"floor":9,"key":"Pen Nib"},{"floor":11,"key":"Bag of Preparation"},{"floor":13,"key":"Prayer Wheel"},{"floor":26,"key":"Dodecahedron"}],"event_choices":[{"damage_healed":0,"gold_gain":0,"player_choice":"Donut","damage_taken":0,"max_hp_gain":5,"max_hp_loss":0,"event_name":"Big Fish","floor":2,"gold_loss":0},{"cards_removed":["Defend_G"],"damage_healed":0,"gold_gain":0,"player_choice":"Forget","damage_taken":0,"max_hp_gain":0,"max_hp_loss":0,"event_name":"Living Wall","floor":3,"gold_loss":0},{"cards_removed":["Defend_G"],"damage_healed":0,"gold_gain":0,"player_choice":"Card Removal","damage_taken":0,"max_hp_gain":0,"max_hp_loss":0,"event_name":"The Cleric","floor":10,"gold_loss":50},{"cards_removed":["Strike_G"],"damage_healed":0,"gold_gain":0,"player_choice":"Card Removal","damage_taken":7,"max_hp_gain":0,"max_hp_loss":0,"event_name":"Golden Wing","floor":12,"gold_loss":0},{"damage_healed":0,"gold_gain":0,"player_choice":"Opened","damage_taken":0,"relics_obtained":["Sundial"],"max_hp_gain":0,"max_hp_loss":0,"event_name":"The Mausoleum","floor":22,"gold_loss":0,"cards_obtained":["Writhe"]},{"damage_healed":0,"gold_gain":100,"player_choice":"Pray","damage_taken":0,"max_hp_gain":0,"max_hp_loss":0,"event_name":"Golden Shrine","floor":24,"gold_loss":0},{"damage_healed":0,"gold_gain":0,"player_choice":"Fight","damage_taken":0,"max_hp_gain":0,"max_hp_loss":0,"event_name":"Colosseum","floor":30,"gold_loss":0},{"damage_healed":0,"gold_gain":0,"player_choice":"Fought Nobs","damage_taken":0,"max_hp_gain":0,"max_hp_loss":0,"event_name":"Colosseum","floor":30,"gold_loss":0}],"is_beta":false,"boss_relics":[{"not_picked":["Eternal Feather","Philosopher\u0027s Stone"],"picked":"Tiny House"}],"items_purged_floors":[20],"is_endless":false,"potions_floor_spawned":[7,13,21,27,29],"killed_by":"Colosseum Nobs","ascension_level":0}