{"path_per_floor":["M","?","M","M","M","R","E","M","T","?","E","?"],"character_chosen":"THE_SILENT","items_purchased":[],"gold_per_floor":[117,117,129,145,155,155,190,208,508,508,547,547],"floor_reached":13,"campfire_rested":0,"playtime":1302,"current_hp_per_floor":[70,70,65,65,64,64,45,51,51,51,20,13],"items_purged":[],"gold":547,"play_id":"71205e12-512f-48c8-9b85-2b0bec7d0769","is_prod":false,"is_daily":false,"is_ascension_mode":false,"campfire_upgraded":1,"path_taken":["M","?","M","M","M","R","E","?","T","?","E","?","?"],"build_version":"2018-02-01-PROD3","purchased_purges":0,"victory":false,"master_deck":["Defend_G","Defend_G","Defend_G","Defend_G","Defend_G","Strike_G","Strike_G","Strike_G","Strike_G","Strike_G","Survivor","Neutralize","Bane","Well Laid Plans+1","Dagger Spray","Blur","Infinite Blades+1","Prepared","Infinite Blades","Injury","Outmaneuver"],"max_hp_per_floor":[70,70,70,70,70,70,70,70,70,70,70,70],"relics":["Ring of the Snake","Gremlin Horn","Old Coin","Golden Idol","Blood Vial","Oddly Smooth Stone"],"card_choices":[{"not_picked":["PiercingWail","Flying Knee"],"picked":"Bane"},{"not_picked":["Riddle With Holes","Infinite Blades"],"picked":"Well Laid Plans"},{"not_picked":["Bane","Cloak And Dagger"],"picked":"Dagger Spray"},{"not_picked":["Acrobatics","Dagger Spray"],"picked":"Blur"},{"not_picked":["Poisoned Stab","Dagger Throw"],"picked":"Infinite Blades"},{"not_picked":["PiercingWail","Deflect"],"picked":"Prepared"},{"not_picked":["Terror","Doppelganger"],"picked":"Infinite Blades"},{"not_picked":["All Out Attack","Slice"],"picked":"Outmaneuver"}],"player_experience":60288,"potions_floor_usage":[8],"damage_taken":[{"damage":0,"enemies":"2 Louse","floor":1,"turns":4},{"damage":5,"enemies":"Small Slimes","floor":3,"turns":4},{"damage":0,"enemies":"Blue Slaver","floor":4,"turns":6},{"damage":1,"enemies":"3 Louse","floor":5,"turns":3},{"damage":19,"enemies":"Lagavulin","floor":7,"turns":11},{"damage":9,"enemies":"Large Slime","floor":8,"turns":9},{"damage":31,"enemies":"Gremlin Nob","floor":11,"turns":6},{"damage":39,"enemies":"Gremlin Gang","floor":13,"turns":3}],"event_choices":[{"event_name":"Living Wall","player_choice":"Grow","floor":2,"damage_taken":0},{"event_name":"Golden Idol","player_choice":"Take Wound","floor":10,"damage_taken":0},{"event_name":"Scrap Ooze","player_choice":"success","floor":12,"damage_taken":7}],"boss_relics":[],"potions_floor_spawned":[1,3,4,7],"seed_played":"-5841410704250798608","killed_by":"Gremlin Gang","ascension_level":0,"is_trial":false}