{"gold_per_floor":[117,132,152,152,162,162,175,232,255,255,273,292,292,319,319,420,420,438,449,466,476,476,507,507,536,606,606,606,606,219,219,219,314,314,334,345,358,1357,1376,1411,563,598,625,625,658,658,673,686,686,686],"floor_reached":51,"playtime":2912,"items_purged":[],"score":1158,"play_id":"8c01c2d1-d71b-4674-888f-c623eeb88711","local_time":"20190301171055","is_ascension_mode":true,"campfire_choices":[{"data":"Blade Dance","floor":6.0,"key":"SMITH"},{"data":"Finisher","floor":10.0,"key":"SMITH"},{"data":"Cloak And Dagger","floor":13.0,"key":"SMITH"},{"floor":15.0,"key":"REST"},{"floor":24.0,"key":"REST"},{"floor":27.0,"key":"REST"},{"data":"Burst","floor":29.0,"key":"SMITH"},{"data":"Flechettes","floor":32.0,"key":"SMITH"},{"floor":46,"key":"REST"},{"floor":49,"key":"REST"}],"neow_cost":"NONE","seed_source_timestamp":0,"circlet_count":0,"master_deck":["Defend_G","Defend_G+1","Defend_G","Defend_G","Defend_G","Survivor","Neutralize","Backflip","Blade Dance+1","Finisher+1","Endless Agony","Flechettes+1","Corpse Explosion+1","Cloak And Dagger+1","Deadly Poison","Poisoned Stab","Burst+1","Calculated Gamble+1","Bane+1","Acrobatics+1","Dash","Bite","Bite","Bite","Bite","Bite","Sucker Punch","Infinite Blades","Wraith Form v2","Deflect+1","Crippling Poison+1","Caltrops+1","Heel Hook+1","Panache","After Image","Slice+1","Writhe","Endless Agony","PiercingWail+1"],"special_seed":0,"relics":["Ring of the Snake","Bag of Marbles","Happy Flower","Tiny Chest","Omamori","Sozu","Centennial Puzzle","Toxic Egg 2","Ninja Scroll","MutagenicStrength","TwistedFunnel","War Paint","Fusion Hammer","Ancient Tea Set","Bronze Scales","Regal Pillow","TheAbacus","Vajra","Pen Nib","Strawberry"],"potions_floor_usage":[],"damage_taken":[{"damage":0.0,"enemies":"Jaw Worm","floor":1.0,"turns":4.0},{"damage":4.0,"enemies":"Small Slimes","floor":2.0,"turns":4.0},{"damage":0.0,"enemies":"2 Louse","floor":3.0,"turns":2.0},{"damage":10.0,"enemies":"Lots of Slimes","floor":5.0,"turns":6.0},{"damage":0.0,"enemies":"Looter","floor":7.0,"turns":2.0},{"damage":2.0,"enemies":"3 Sentries","floor":8.0,"turns":8.0},{"damage":2.0,"enemies":"2 Fungi Beasts","floor":11.0,"turns":3.0},{"damage":1.0,"enemies":"Blue Slaver","floor":12.0,"turns":2.0},{"damage":0.0,"enemies":"Gremlin Nob","floor":14.0,"turns":1.0},{"damage":25.0,"enemies":"The Guardian","floor":16.0,"turns":9.0},{"damage":0.0,"enemies":"Chosen","floor":18.0,"turns":3.0},{"damage":3.0,"enemies":"Spheric Guardian","floor":19.0,"turns":3.0},{"damage":10.0,"enemies":"Snecko","floor":20.0,"turns":3.0},{"damage":0.0,"enemies":"Snake Plant","floor":21.0,"turns":2.0},{"damage":38.0,"enemies":"Gremlin Leader","floor":23.0,"turns":4.0},{"damage":32.0,"enemies":"Slavers","floor":25.0,"turns":3.0},{"damage":62.0,"enemies":"Collector","floor":33.0,"turns":9.0},{"damage":2.0,"enemies":"3 Shapes","floor":35.0,"turns":2.0},{"damage":0.0,"enemies":"3 Darklings","floor":36.0,"turns":2.0},{"damage":8.0,"enemies":"Jaw Worm Horde","floor":37.0,"turns":3.0},{"damage":0,"enemies":"Spire Growth","floor":39,"turns":4},{"damage":22,"enemies":"Reptomancer","floor":40,"turns":5},{"damage":28,"enemies":"Giant Head","floor":42,"turns":7},{"damage":0,"enemies":"Nemesis","floor":45,"turns":1},{"damage":0,"enemies":"4 Shapes","floor":47,"turns":1},{"damage":4,"enemies":"Sphere and 2 Shapes","floor":48,"turns":2},{"damage":37,"enemies":"Donu and Deca","floor":50,"turns":4}],"seed_played":"-2915748457693985709","potions_obtained":[{"floor":1.0,"key":"Dexterity Potion"},{"floor":2.0,"key":"SteroidPotion"},{"floor":5.0,"key":"PowerPotion"},{"floor":7.0,"key":"Fire Potion"},{"floor":16.0,"key":"EssenceOfSteel"}],"is_trial":false,"path_per_floor":["M","M","M","?","M","R","M","E","T","R","M","M","R","E","R","B",null,"M","M","M","M","?","E","R","E","T","R","?","R","$","?","R","B",null,"M","M","M","?","M","E","$","E","T","?","E","R","M","M","R","B",null],"character_chosen":"THE_SILENT","items_purchased":["TwistedFunnel","Infinite Blades","War Paint","Bronze Scales","Regal Pillow","TheAbacus","Panache","After Image"],"campfire_rested":5,"item_purchase_floors":[30,30,30,41,41,41,41,41],"current_hp_per_floor":[63,59,59,56,46,46,46,44,44,44,42,41,41,41,62,39,62,64,63,55,57,57,29,50,26,26,47,47,47,47,47,47,3,53,55,59,55,55,63,48,48,32,32,50,59,77,77,73,77,44],"gold":686,"neow_bonus":"RANDOM_COMMON_RELIC","is_prod":false,"is_daily":false,"chose_seed":false,"campfire_upgraded":5,"win_rate":0,"timestamp":1551453055,"path_taken":["M","M","M","?","M","R","M","E","T","R","M","M","R","E","R","BOSS","M","M","M","M","?","E","R","E","T","R","?","R","$","?","R","BOSS","M","M","M","?","M","E","$","E","T","?","E","R","M","M","R","BOSS"],"build_version":"2019-01-23","purchased_purges":0,"victory":true,"max_hp_per_floor":[70,70,70,70,70,70,70,70,70,70,70,70,70,70,70,70,70,70,70,70,70,70,70,70,70,70,70,70,70,70,70,70,70,70,70,70,70,70,70,70,70,70,70,70,77,77,77,77,77,77],"card_choices":[{"not_picked":["Masterful Stab","Skewer"],"picked":"Backflip","floor":1.0},{"not_picked":["Infinite Blades","PiercingWail"],"picked":"Blade Dance","floor":2.0},{"not_picked":["Flying Knee","Dodge and Roll"],"picked":"Finisher","floor":3.0},{"not_picked":["Blade Dance","Tactician"],"picked":"Endless Agony","floor":5.0},{"not_picked":["Caltrops","Masterful Stab"],"picked":"Flechettes","floor":7.0},{"not_picked":["Outmaneuver","Dash"],"picked":"Corpse Explosion","floor":8.0},{"not_picked":["Predator","Heel Hook"],"picked":"Cloak And Dagger","floor":11.0},{"not_picked":["Prepared","Dodge and Roll"],"picked":"Deadly Poison","floor":12.0},{"not_picked":["PiercingWail","Quick Slash"],"picked":"Poisoned Stab","floor":14.0},{"not_picked":["Tools of the Trade","Envenom"],"picked":"Burst","floor":16.0},{"not_picked":["Flying Knee","Eviscerate"],"picked":"Calculated Gamble+1","floor":18.0},{"not_picked":["Masterful Stab","Sucker Punch"],"picked":"Bane+1","floor":19.0},{"not_picked":["Backflip","Eviscerate+1"],"picked":"Acrobatics+1","floor":20.0},{"not_picked":["Dagger Throw","Flying Knee+1"],"picked":"Dash","floor":21.0},{"not_picked":["Calculated Gamble","Dodge and Roll"],"picked":"Sucker Punch","floor":23.0},{"not_picked":["Concentrate","Flying Knee","Cloak And Dagger"],"picked":"SKIP","floor":25.0},{"not_picked":["Doppelganger+1","Night Terror+1"],"picked":"Wraith Form v2","floor":33.0},{"not_picked":["Riddle With Holes+1","Sucker Punch","Infinite Blades"],"picked":"SKIP","floor":35.0},{"not_picked":["Poisoned Stab+1","Dagger Spray"],"picked":"Deflect+1","floor":36.0},{"not_picked":["Expertise+1","Dagger Spray+1"],"picked":"Crippling Poison+1","floor":37},{"not_picked":["Poisoned Stab","Flying Knee"],"picked":"Caltrops+1","floor":39},{"not_picked":["Backflip+1","Quick Slash"],"picked":"Heel Hook+1","floor":40},{"not_picked":["Outmaneuver+1","A Thousand Cuts"],"picked":"Slice+1","floor":42},{"not_picked":["Tactician+1","Blade Dance+1"],"picked":"Endless Agony","floor":45},{"not_picked":["Infinite Blades+1","Cloak And Dagger+1","Bane"],"picked":"SKIP","floor":47},{"not_picked":["Underhanded Strike+1","Deflect+1"],"picked":"PiercingWail+1","floor":48}],"player_experience":232567,"relics_obtained":[{"floor":8.0,"key":"Tiny Chest"},{"floor":9.0,"key":"Omamori"},{"floor":14.0,"key":"Blood Vial"},{"floor":23.0,"key":"Centennial Puzzle"},{"floor":25.0,"key":"Toxic Egg 2"},{"floor":26.0,"key":"Ninja Scroll"},{"floor":40,"key":"Ancient Tea Set"},{"floor":42,"key":"Vajra"},{"floor":43,"key":"Pen Nib"},{"floor":45,"key":"Strawberry"}],"event_choices":[{"damage_healed":0.0,"max_hp_gain":0.0,"max_hp_loss":0.0,"gold_gain":0.0,"event_name":"Scrap Ooze","player_choice":"Success","floor":4.0,"gold_loss":0.0,"damage_taken":3.0,"relics_obtained":["Happy Flower"]},{"damage_healed":0.0,"max_hp_gain":0.0,"max_hp_loss":0.0,"gold_gain":0.0,"event_name":"Vampires","player_choice":"Became a vampire (Vial)","floor":22.0,"relics_lost":["Blood Vial"],"gold_loss":0.0,"damage_taken":0.0,"cards_obtained":["Bite","Bite","Bite","Bite","Bite"]},{"damage_healed":0.0,"max_hp_gain":0.0,"max_hp_loss":0.0,"gold_gain":0.0,"event_name":"Drug Dealer","player_choice":"Inject Mutagens","floor":28.0,"gold_loss":0.0,"damage_taken":0.0,"relics_obtained":["MutagenicStrength"]},{"damage_healed":0.0,"max_hp_gain":0.0,"max_hp_loss":0.0,"gold_gain":0.0,"event_name":"Beggar","player_choice":"Ignored","floor":31.0,"gold_loss":0.0,"damage_taken":0.0},{"damage_healed":0,"gold_gain":999,"player_choice":"Gold","damage_taken":0,"max_hp_gain":0,"max_hp_loss":0,"event_name":"MindBloom","floor":38,"gold_loss":0,"cards_obtained":["Normality","Normality"]},{"damage_healed":18,"gold_gain":0,"player_choice":"Writhe","damage_taken":0,"max_hp_gain":0,"max_hp_loss":0,"event_name":"Winding Halls","floor":44,"gold_loss":0,"cards_obtained":["Writhe"]}],"is_beta":false,"boss_relics":[{"not_picked":["Astrolabe","White Beast Statue"],"picked":"Sozu"},{"not_picked":["Pandora\u0027s Box","Velvet Choker"],"picked":"Fusion Hammer"}],"items_purged_floors":[],"is_endless":false,"potions_floor_spawned":[1,2,5,7,14,16,19,20,23,33,36,37,42,48],"ascension_level":6}