{"gold_per_floor":[214,214,214,75,94,94,119,119,119,136,154,154,154],"floor_reached":13,"playtime":231,"items_purged":["Strike_B"],"score":166,"play_id":"5f80f843-8b76-4008-9373-b49202939fae","local_time":"20190923175334","is_ascension_mode":true,"campfire_choices":[{"data":"Darkness","floor":6.0,"key":"SMITH"},{"data":"Dualcast","floor":8.0,"key":"SMITH"}],"neow_cost":"NONE","seed_source_timestamp":92836746464266,"circlet_count":0,"master_deck":["AscendersBane","Strike_B","Strike_B","Strike_B","Defend_B","Defend_B","Defend_B","Defend_B","Zap","Dualcast+1","Turbo","Heatsinks","Darkness+1","Undo","Lockon","Recycle"],"special_seed":0,"relics":["Cracked Core","Smiling Mask","StrikeDummy","Gremlin Horn"],"potions_floor_usage":[13,13],"damage_taken":[{"damage":1.0,"enemies":"2 Louse","floor":1.0,"turns":3.0},{"damage":10.0,"enemies":"Small Slimes","floor":5.0,"turns":6.0},{"damage":38.0,"enemies":"Gremlin Nob","floor":7.0,"turns":4.0},{"damage":0.0,"enemies":"Jaw Worm","floor":10.0,"turns":3.0},{"damage":0.0,"enemies":"2 Fungi Beasts","floor":11.0,"turns":3.0},{"damage":10,"enemies":"3 Sentries","floor":13,"turns":3}],"seed_played":"8260491304480363997","potions_obtained":[{"floor":1.0,"key":"PowerPotion"},{"floor":10.0,"key":"Explosive Potion"},{"floor":11.0,"key":"Energy Potion"}],"is_trial":false,"path_per_floor":["M","?","?","$","M","R","E","R","T","M","M","?","E"],"character_chosen":"DEFECT","items_purchased":["Heatsinks"],"campfire_rested":0,"item_purchase_floors":[4],"current_hp_per_floor":[63,68,57,57,47,47,9,9,9,9,9,9,0],"gold":154,"neow_bonus":"HUNDRED_GOLD","is_prod":false,"is_daily":false,"chose_seed":false,"campfire_upgraded":2,"win_rate":0,"timestamp":1569232414,"path_taken":["M","?","?","$","M","R","E","R","T","M","M","?","E"],"build_version":"2019-09-20","purchased_purges":1,"victory":false,"max_hp_per_floor":[71,76,76,76,76,76,76,76,76,76,76,76,76],"card_choices":[{"not_picked":["Compile Driver","Coolheaded"],"picked":"Turbo","floor":1.0},{"not_picked":["Redo","Go for the Eyes"],"picked":"Darkness","floor":5.0},{"not_picked":["Ball Lightning","Go for the Eyes"],"picked":"Undo","floor":7.0},{"not_picked":["Streamline","Tempest"],"picked":"Lockon","floor":10.0},{"not_picked":["Coolheaded","Rebound"],"picked":"Recycle","floor":11.0}],"player_experience":948288,"relics_obtained":[{"floor":7.0,"key":"StrikeDummy"},{"floor":9.0,"key":"Gremlin Horn"}],"event_choices":[{"damage_healed":0.0,"max_hp_gain":5.0,"max_hp_loss":0.0,"gold_gain":0.0,"event_name":"Big Fish","player_choice":"Donut","floor":2.0,"gold_loss":0.0,"damage_taken":0.0},{"damage_healed":0.0,"max_hp_gain":0.0,"max_hp_loss":0.0,"gold_gain":0.0,"event_name":"Scrap Ooze","player_choice":"Success","floor":3.0,"gold_loss":0.0,"damage_taken":11.0,"relics_obtained":["Smiling Mask"]},{"damage_healed":0.0,"max_hp_gain":0.0,"max_hp_loss":0.0,"gold_gain":0.0,"event_name":"Liars Game","player_choice":"Ignored","floor":12.0,"gold_loss":0.0,"damage_taken":0.0}],"is_beta":true,"boss_relics":[],"items_purged_floors":[4],"is_endless":false,"potions_floor_spawned":[1,10,11],"killed_by":"3 Sentries","ascension_level":20}