{"gold_per_floor":[115,132,82,82,94,94,128,128,128,138,138,158,168,198,198,303,303,315,325,350,350,362,362,388,388,388,415,444,102,115,148,148,247,247,267,287,307,407,75,75,102,102,102,127,146,146,161,176,176,176,176,176,0,30,30],"floor_reached":55,"playtime":3830,"items_purged":["Defend_B+1","Defend_B+1"],"score":811,"play_id":"95dabc92-9d08-4309-81ec-93a094cff988","local_time":"20191005173845","is_ascension_mode":true,"campfire_choices":[{"data":"Zap","floor":6,"key":"SMITH"},{"data":"Rainbow","floor":8,"key":"SMITH"},{"data":"Doom and Gloom","floor":11,"key":"SMITH"},{"data":"Compile Driver","floor":15,"key":"SMITH"},{"data":"Auto Shields","floor":23,"key":"SMITH"},{"data":"Dualcast","floor":25,"key":"SMITH"},{"floor":32,"key":"REST"},{"data":"Sunder","floor":40,"key":"SMITH"},{"floor":42,"key":"REST"},{"floor":46,"key":"REST"},{"floor":49,"key":"RECALL"},{"data":"Glacier","floor":52,"key":"SMITH"}],"neow_cost":"NONE","seed_source_timestamp":25348643626400,"circlet_count":0,"master_deck":["Strike_B+1","Strike_B+1","Defend_B+1","Defend_B+1","Zap+1","Dualcast+1","Cold Snap","Rainbow+1","Stack","Cold Snap","Doom and Gloom+1","Defragment+1","Sunder+1","Auto Shields+1","Compile Driver+1","Echo Form+1","Cold Snap+1","Coolheaded+1","Barrage+1","Skim","Capacitor+1","Machine Learning+1","Seek","Glacier+1","Darkness+1","Streamline+1","BootSequence","Creative AI+1","Consume+1","Static Discharge+1","Defragment+1","Ball Lightning+1"],"relics":["FrozenCore","Blood Vial","Mummified Hand","Frozen Egg 2","Sundial","Snecko Eye","Ginger","Bottled Lightning","Red Mask","Lantern","Letter Opener","Matryoshka","Pocketwatch","Kunai","Bottled Flame","Orichalcum","Shuriken","Art of War","Bronze Scales"],"potions_floor_usage":[13,27,27,27,37,44,48,50],"damage_taken":[{"damage":6,"enemies":"Jaw Worm","floor":1,"turns":4},{"damage":0,"enemies":"Cultist","floor":2,"turns":3},{"damage":0,"enemies":"Small Slimes","floor":5,"turns":3},{"damage":10,"enemies":"Gremlin Nob","floor":7,"turns":4},{"damage":7,"enemies":"3 Louse","floor":10,"turns":3},{"damage":3,"enemies":"Exordium Thugs","floor":12,"turns":3},{"damage":0,"enemies":"Large Slime","floor":13,"turns":3},{"damage":2,"enemies":"Lagavulin","floor":14,"turns":5},{"damage":23,"enemies":"The Guardian","floor":16,"turns":8},{"damage":13,"enemies":"3 Byrds","floor":18,"turns":3},{"damage":0,"enemies":"Chosen","floor":19,"turns":3},{"damage":9,"enemies":"Snake Plant","floor":22,"turns":3},{"damage":28,"enemies":"Slavers","floor":24,"turns":4},{"damage":0,"enemies":"Masked Bandits","floor":27,"turns":3},{"damage":8,"enemies":"Gremlin Leader","floor":28,"turns":4},{"damage":0,"enemies":"Cultist and Chosen","floor":30,"turns":3},{"damage":0,"enemies":"Book of Stabbing","floor":31,"turns":3},{"damage":18,"enemies":"Automaton","floor":33,"turns":7},{"damage":12,"enemies":"3 Shapes","floor":35,"turns":3},{"damage":1,"enemies":"3 Darklings","floor":36,"turns":3},{"damage":8,"enemies":"Transient","floor":37,"turns":5},{"damage":0,"enemies":"Mind Bloom Boss Battle","floor":38,"turns":5},{"damage":45,"enemies":"Giant Head","floor":41,"turns":8},{"damage":12,"enemies":"Reptomancer","floor":44,"turns":5},{"damage":0,"enemies":"Jaw Worm Horde","floor":45,"turns":3},{"damage":0,"enemies":"Sphere and 2 Shapes","floor":47,"turns":3},{"damage":6,"enemies":"4 Shapes","floor":48,"turns":3},{"damage":4,"enemies":"Donu and Deca","floor":50,"turns":9},{"damage":58,"enemies":"Shield and Spear","floor":54,"turns":7},{"damage":74,"enemies":"The Heart","floor":55,"turns":3}],"seed_played":"-2032438818925948850","potions_obtained":[{"floor":2,"key":"Fire Potion"},{"floor":10,"key":"LiquidBronze"},{"floor":13,"key":"Energy Potion"},{"floor":16,"key":"Strength Potion"},{"floor":19,"key":"Fruit Juice"},{"floor":30,"key":"Fire Potion"},{"floor":31,"key":"SteroidPotion"},{"floor":35,"key":"Swift Potion"},{"floor":37,"key":"SkillPotion"},{"floor":44,"key":"Fruit Juice"},{"floor":45,"key":"LiquidBronze"}],"is_trial":false,"path_per_floor":["M","M","?","?","M","R","E","R","T","M","R","M","M","E","R","B",null,"M","M","T","?","M","R","E","R","T","?","E","$","M","E","R","B",null,"M","M","M","?","$","R","E","R","T","E","M","R","M","M","R","B",null,"R","$","E","B"],"character_chosen":"DEFECT","items_purchased":["Letter Opener","FairyPotion","Kunai","Defragment+1"],"campfire_rested":3,"item_purchase_floors":[29,29,39,53],"current_hp_per_floor":[69,71,71,71,73,73,65,65,65,60,60,59,61,61,61,40,75,62,64,64,64,57,57,31,31,31,38,32,32,34,36,60,44,80,68,69,63,65,65,65,22,46,46,36,38,62,64,65,65,63,85,85,85,27,0],"gold":30,"neow_bonus":"RANDOM_COMMON_RELIC","is_prod":false,"is_daily":false,"chose_seed":false,"campfire_upgraded":8,"win_rate":0,"timestamp":1570289925,"path_taken":["M","M","?","?","M","R","E","R","T","M","R","?","M","E","R","BOSS","M","M","?","?","M","R","E","R","T","?","E","$","M","E","R","BOSS","M","M","M","?","$","R","E","R","T","E","M","R","M","M","R","BOSS","R","$","E","BOSS"],"build_version":"2019-07-17","purchased_purges":2,"victory":false,"max_hp_per_floor":[75,75,75,75,75,75,75,75,75,75,75,75,75,75,75,75,75,75,75,75,75,75,75,75,75,75,80,80,80,80,80,80,80,80,80,80,80,80,80,80,80,80,80,80,80,80,80,85,85,85,85,85,85,85,85],"card_choices":[{"not_picked":["Streamline","Redo"],"picked":"Cold Snap","floor":1},{"not_picked":["Compile Driver","Gash"],"picked":"Rainbow","floor":2},{"not_picked":["Turbo","Coolheaded"],"picked":"Cold Snap","floor":5},{"not_picked":["Beam Cell","Scrape"],"picked":"Doom and Gloom","floor":7},{"not_picked":["Coolheaded","Hyperbeam"],"picked":"Defragment+1","floor":10},{"not_picked":["Steam Power","Double Energy"],"picked":"Sunder","floor":12},{"not_picked":["Cold Snap","Sweeping Beam"],"picked":"Auto Shields","floor":13},{"not_picked":["White Noise","Turbo"],"picked":"Compile Driver","floor":14},{"not_picked":["Amplify","Core Surge"],"picked":"Echo Form+1","floor":16},{"not_picked":["Stack","Undo+1","Sweeping Beam"],"picked":"SKIP","floor":18},{"not_picked":["Sweeping Beam","Rip and Tear"],"picked":"Cold Snap+1","floor":19},{"not_picked":["Steam","Consume"],"picked":"Coolheaded+1","floor":22},{"not_picked":["Coolheaded","Gash"],"picked":"Barrage+1","floor":24},{"not_picked":["Stack","Turbo"],"picked":"Skim","floor":27},{"not_picked":["Chill","Compile Driver","Steam"],"picked":"SKIP","floor":28},{"not_picked":["Leap+1","Rebound"],"picked":"Capacitor+1","floor":30},{"not_picked":["Lockon","Leap"],"picked":"Machine Learning+1","floor":31},{"not_picked":["Fission","Buffer+1"],"picked":"Seek","floor":33},{"not_picked":["Steam","Gash+1"],"picked":"Glacier","floor":35},{"not_picked":["Hologram+1","Turbo+1"],"picked":"Darkness+1","floor":36},{"not_picked":["Leap+1","Doom and Gloom"],"picked":"Streamline+1","floor":37},{"not_picked":["Beam Cell+1","Coolheaded"],"picked":"BootSequence","floor":38},{"not_picked":["Tempest+1","Stack","Go for the Eyes+1"],"picked":"SKIP","floor":41},{"not_picked":["Doom and Gloom","Consume"],"picked":"Creative AI+1","floor":44},{"not_picked":["Hologram+1","Cold Snap+1","Turbo"],"picked":"SKIP","floor":45},{"not_picked":["Go for the Eyes+1","Sweeping Beam"],"picked":"Consume+1","floor":47},{"not_picked":["Glacier+1","Lockon"],"picked":"Static Discharge+1","floor":48},{"not_picked":["Fission","Barrage"],"picked":"Ball Lightning+1","floor":54}],"player_experience":199247,"relics_obtained":[{"floor":7,"key":"Mummified Hand"},{"floor":9,"key":"Frozen Egg 2"},{"floor":14,"key":"Sundial"},{"floor":24,"key":"Ginger"},{"floor":26,"key":"Bottled Lightning"},{"floor":27,"key":"Red Mask"},{"floor":28,"key":"Lantern"},{"floor":31,"key":"Matryoshka"},{"floor":38,"key":"Pocketwatch"},{"floor":41,"key":"Bottled Flame"},{"floor":43,"key":"Orichalcum"},{"floor":43,"key":"Shuriken"},{"floor":44,"key":"Art of War"},{"floor":54,"key":"Bronze Scales"}],"event_choices":[{"cards_removed":["Strike_B"],"damage_healed":0,"gold_gain":0,"player_choice":"Card Removal","damage_taken":0,"max_hp_gain":0,"max_hp_loss":0,"event_name":"The Cleric","floor":3,"gold_loss":50},{"damage_healed":0,"gold_gain":0,"cards_transformed":["Strike_B"],"player_choice":"Transformed","damage_taken":0,"max_hp_gain":0,"max_hp_loss":0,"event_name":"Transmorgrifier","floor":4,"gold_loss":0,"cards_obtained":["Stack"]},{"damage_healed":0,"gold_gain":0,"player_choice":"Simplicity","damage_taken":0,"max_hp_gain":0,"max_hp_loss":0,"event_name":"Back to Basics","floor":21,"gold_loss":0,"cards_upgraded":["Strike_B","Strike_B","Defend_B","Defend_B","Defend_B","Defend_B"]},{"damage_healed":0,"gold_gain":0,"player_choice":"Fought Bandits","damage_taken":0,"max_hp_gain":0,"max_hp_loss":0,"event_name":"Masked Bandits","floor":27,"gold_loss":0},{"damage_healed":0,"gold_gain":0,"player_choice":"Fight","damage_taken":0,"max_hp_gain":0,"max_hp_loss":0,"event_name":"MindBloom","floor":38,"gold_loss":0}],"is_beta":false,"boss_relics":[{"not_picked":["Nuclear Battery","Runic Pyramid"],"picked":"Snecko Eye"},{"not_picked":["Velvet Choker","White Beast Statue"],"picked":"FrozenCore"}],"items_purged_floors":[39,53],"is_endless":false,"potions_floor_spawned":[2,10,13,16,19,24,30,31,35,37,44,45],"killed_by":"The Heart","ascension_level":1}