{"gold_per_floor":[118,118,129,83,102,131,131,163,163,163,163,175,185,218,218,323,323,340,50,150,169,80,80,80,80,104,123,123,139,152,178,178,281,281,301,320,249,349,362,362,462,478,478,478],"floor_reached":44,"playtime":2635,"items_purged":[],"score":473,"play_id":"c9c97d0e-6283-4f0f-9291-1e252e50f6dd","local_time":"20191002140313","is_ascension_mode":false,"campfire_choices":[{"data":"Zap","floor":7,"key":"SMITH"},{"data":"Dualcast","floor":10,"key":"SMITH"},{"floor":15,"key":"REST"},{"data":"Beam Cell","floor":23,"key":"SMITH"},{"data":"Go for the Eyes","floor":25,"key":"SMITH"},{"data":"Reboot","floor":28,"key":"SMITH"},{"data":"All For One","floor":32,"key":"SMITH"},{"data":"Gash","floor":40,"key":"SMITH"}],"neow_cost":"NONE","seed_source_timestamp":487308680790600,"circlet_count":0,"master_deck":["Strike_B","Strike_B","Defend_B","Defend_B","Defend_B","Defend_B","Zap+1","Dualcast+1","Hologram+1","Go for the Eyes+1","All For One+1","Beam Cell+1","Self Repair","Beam Cell+1","Reboot+1","Madness","Gash+1","Reboot","White Noise+1","Self Repair+1","Gash+1","Rebound","FTL"],"relics":["Cracked Core","NeowsBlessing","Orichalcum","Dodecahedron","Boot","Vajra","Empty Cage","Ice Cream","Bronze Scales","Frozen Egg 2","Eternal Feather","Nunchaku","Ginger"],"potions_floor_usage":[8,14,16,21,33,33,35],"damage_taken":[{"damage":0,"enemies":"Small Slimes","floor":1,"turns":1},{"damage":0,"enemies":"Cultist","floor":3,"turns":1},{"damage":0,"enemies":"Jaw Worm","floor":5,"turns":1},{"damage":29,"enemies":"Lagavulin","floor":6,"turns":7},{"damage":0,"enemies":"Gremlin Nob","floor":8,"turns":3},{"damage":3,"enemies":"Gremlin Gang","floor":12,"turns":3},{"damage":5,"enemies":"2 Fungi Beasts","floor":13,"turns":3},{"damage":5,"enemies":"3 Sentries","floor":14,"turns":6},{"damage":1,"enemies":"Slime Boss","floor":16,"turns":8},{"damage":0,"enemies":"Chosen","floor":18,"turns":3},{"damage":0,"enemies":"3 Byrds","floor":21,"turns":4},{"damage":8,"enemies":"Shelled Parasite and Fungi","floor":27,"turns":3},{"damage":6,"enemies":"Snecko","floor":29,"turns":3},{"damage":0,"enemies":"Chosen and Byrds","floor":30,"turns":3},{"damage":3,"enemies":"Gremlin Leader","floor":31,"turns":7},{"damage":45,"enemies":"Champ","floor":33,"turns":8},{"damage":32,"enemies":"3 Darklings","floor":35,"turns":6},{"damage":10,"enemies":"3 Shapes","floor":36,"turns":3},{"damage":10,"enemies":"Mind Bloom Boss Battle","floor":38,"turns":5},{"damage":24,"enemies":"Writhing Mass","floor":39,"turns":5},{"damage":10,"enemies":"3 Darklings","floor":42,"turns":3},{"damage":51,"enemies":"Sphere and 2 Shapes","floor":44,"turns":3}],"seed_played":"-2115290651079471390","potions_obtained":[{"floor":2,"key":"Energy Potion"},{"floor":2,"key":"Weak Potion"},{"floor":2,"key":"Explosive Potion"},{"floor":6,"key":"Fire Potion"},{"floor":13,"key":"EssenceOfSteel"},{"floor":14,"key":"FearPotion"},{"floor":18,"key":"AttackPotion"},{"floor":21,"key":"SneckoOil"},{"floor":29,"key":"Ancient Potion"},{"floor":31,"key":"Strength Potion"},{"floor":35,"key":"FearPotion"},{"floor":42,"key":"SteroidPotion"}],"is_trial":false,"path_per_floor":["M","?","M","$","M","E","R","E","T","R","?","M","M","E","R","B",null,"M","$","?","M","$","R","?","R","T","M","R","M","M","E","R","B",null,"M","M","$","?","M","R","?","M","T","M"],"character_chosen":"DEFECT","items_purchased":["Go for the Eyes","Ice Cream","Madness","Gash","Rebound"],"campfire_rested":1,"item_purchase_floors":[4,19,22,37,37],"current_hp_per_floor":[75,75,75,75,75,46,46,46,46,46,46,43,45,47,69,75,75,75,75,75,75,75,75,75,75,75,74,74,75,75,75,75,37,75,50,40,40,47,40,52,52,42,42,0],"gold":478,"neow_bonus":"THREE_ENEMY_KILL","is_prod":false,"is_daily":false,"chose_seed":false,"campfire_upgraded":7,"win_rate":0.0,"timestamp":1570017793,"path_taken":["M","?","M","$","?","E","R","E","T","R","?","?","M","E","R","BOSS","M","$","?","?","$","R","?","R","T","M","R","?","M","E","R","BOSS","M","M","$","?","M","R","?","?","T","M"],"build_version":"2019-07-17","purchased_purges":0,"victory":false,"max_hp_per_floor":[75,75,75,75,75,75,75,75,75,75,75,75,75,75,75,75,75,75,75,75,75,75,75,75,75,75,75,75,75,75,75,75,75,75,75,75,75,75,75,75,75,75,75,75],"card_choices":[{"not_picked":["Sweeping Beam","Turbo","Chill"],"picked":"SKIP","floor":1},{"not_picked":["Compile Driver","Blizzard"],"picked":"Hologram","floor":3},{"not_picked":["Capacitor","Chaos","Stack"],"picked":"SKIP","floor":5},{"not_picked":["Cold Snap","Darkness"],"picked":"All For One","floor":6},{"not_picked":["Reprogram","Turbo"],"picked":"Beam Cell","floor":8},{"not_picked":["Genetic Algorithm","Coolheaded"],"picked":"Self Repair","floor":12},{"not_picked":["Skim","Recycle"],"picked":"Beam Cell","floor":13},{"not_picked":["Sweeping Beam","Chill"],"picked":"Reboot","floor":14},{"not_picked":["Doom and Gloom+1","Darkness","Ball Lightning+1"],"picked":"SKIP","floor":18},{"not_picked":["Barrage","Sunder","Beam Cell"],"picked":"SKIP","floor":21},{"not_picked":["Leap","Stack","Blizzard+1"],"picked":"SKIP","floor":27},{"not_picked":["Streamline","Melter+1"],"picked":"Gash+1","floor":29},{"not_picked":["Steam","Force Field","Coolheaded"],"picked":"SKIP","floor":30},{"not_picked":["Machine Learning","Sweeping Beam","Turbo"],"picked":"SKIP","floor":31},{"not_picked":["Fission","Meteor Strike"],"picked":"Reboot","floor":33},{"not_picked":["Genetic Algorithm+1","Blizzard+1"],"picked":"White Noise+1","floor":35},{"not_picked":["Chill","Ball Lightning"],"picked":"Self Repair+1","floor":36},{"not_picked":["Recycle+1","Static Discharge+1","Hello World+1"],"picked":"SKIP","floor":39},{"not_picked":["Leap","Stack+1"],"picked":"FTL","floor":42}],"player_experience":132233,"relics_obtained":[{"floor":6,"key":"Orichalcum"},{"floor":8,"key":"Dodecahedron"},{"floor":9,"key":"Boot"},{"floor":14,"key":"Vajra"},{"floor":26,"key":"Bronze Scales"},{"floor":31,"key":"Frozen Egg 2"},{"floor":38,"key":"Nunchaku"},{"floor":43,"key":"Ginger"}],"event_choices":[{"damage_healed":0,"gold_gain":0,"player_choice":"Got Potions","damage_taken":0,"max_hp_gain":0,"max_hp_loss":0,"event_name":"Lab","floor":2,"gold_loss":0},{"damage_healed":0,"gold_gain":0,"player_choice":"Upgraded","damage_taken":0,"max_hp_gain":0,"max_hp_loss":0,"event_name":"Upgrade Shrine","floor":11,"gold_loss":0,"cards_upgraded":["Hologram"]},{"damage_healed":0,"gold_gain":100,"player_choice":"Pray","damage_taken":0,"max_hp_gain":0,"max_hp_loss":0,"event_name":"Golden Shrine","floor":20,"gold_loss":0},{"damage_healed":0,"gold_gain":0,"player_choice":"Forge","damage_taken":0,"max_hp_gain":0,"max_hp_loss":0,"event_name":"Accursed Blacksmith","floor":24,"gold_loss":0,"cards_upgraded":["Beam Cell"]},{"damage_healed":0,"gold_gain":0,"player_choice":"Fight","damage_taken":0,"max_hp_gain":0,"max_hp_loss":0,"event_name":"MindBloom","floor":38,"gold_loss":0},{"damage_healed":0,"gold_gain":100,"player_choice":"Pray","damage_taken":0,"max_hp_gain":0,"max_hp_loss":0,"event_name":"Golden Shrine","floor":41,"gold_loss":0}],"is_beta":false,"boss_relics":[{"not_picked":["Calling Bell","Coffee Dripper"],"picked":"Empty Cage"},{"not_picked":["Nuclear Battery","Velvet Choker"],"picked":"Eternal Feather"}],"items_purged_floors":[],"is_endless":false,"potions_floor_spawned":[3,6,13,14,18,21,29,31,35,42],"killed_by":"Sphere and 2 Shapes","ascension_level":0}