{"gold_per_floor":[113,38,49,49,49,81,81,106,133,33,48,48,48,60,60,157,157,130,5,5,5,104,104],"floor_reached":23,"playtime":848,"items_purged":["Strike_G","Defend_G","Strike_G"],"score":215,"play_id":"1f1489fe-6d83-42a0-80f7-ee555918f52a","local_time":"20191016182744","is_ascension_mode":true,"campfire_choices":[{"data":"Heel Hook","floor":13,"key":"SMITH"},{"floor":15,"key":"REST"}],"neow_cost":"NONE","seed_source_timestamp":470350758984000,"circlet_count":0,"master_deck":["Strike_G","Strike_G","Defend_G","Survivor","Neutralize+1","Heel Hook+1","Terror","Finisher","Prepared","Burst","Flying Knee+1"],"relics":["Ring of the Snake","Art of War","Oddly Smooth Stone","Empty Cage"],"potions_floor_usage":[16,16],"damage_taken":[{"damage":0,"enemies":"Cultist","floor":1,"turns":5},{"damage":2,"enemies":"Small Slimes","floor":3,"turns":4},{"damage":10,"enemies":"Gremlin Nob","floor":6,"turns":4},{"damage":15,"enemies":"Lagavulin","floor":8,"turns":8},{"damage":6,"enemies":"2 Louse","floor":11,"turns":2},{"damage":23,"enemies":"Exordium Thugs","floor":14,"turns":5},{"damage":31,"enemies":"Hexaghost","floor":16,"turns":13},{"damage":25,"enemies":"2 Thieves","floor":18,"turns":5},{"damage":51,"enemies":"Slavers","floor":23,"turns":3}],"seed_played":"1766946043130253217","potions_obtained":[{"floor":8,"key":"GhostInAJar"},{"floor":11,"key":"Dexterity Potion"},{"floor":14,"key":"GhostInAJar"},{"floor":16,"key":"Weak Potion"}],"is_trial":false,"path_per_floor":["M","$","M","?","?","E","?","E","T","$","M","?","R","M","R","B",null,"M","$","?","?","?","E"],"character_chosen":"THE_SILENT","items_purchased":[],"campfire_rested":1,"item_purchase_floors":[],"current_hp_per_floor":[70,70,68,73,66,56,56,41,41,41,35,35,35,12,34,3,75,50,50,50,50,50,0],"gold":104,"neow_bonus":"UPGRADE_CARD","is_prod":false,"is_daily":false,"chose_seed":false,"campfire_upgraded":1,"win_rate":0,"timestamp":1571243264,"path_taken":["M","$","M","?","?","E","?","E","T","$","?","?","R","M","R","BOSS","M","$","?","?","?","E"],"build_version":"2019-07-17","purchased_purges":3,"victory":false,"max_hp_per_floor":[70,70,70,75,75,75,75,75,75,75,75,75,75,75,75,75,75,75,75,75,75,75,75],"card_choices":[{"not_picked":["Deflect","Flying Knee"],"picked":"Heel Hook","floor":1},{"not_picked":["Dash","Dagger Throw"],"picked":"Terror","floor":3},{"not_picked":["Skewer","Deflect","Corpse Explosion"],"picked":"SKIP","floor":6},{"not_picked":["Expertise","Doppelganger"],"picked":"Finisher","floor":8},{"not_picked":["Quick Slash","PiercingWail","Masterful Stab"],"picked":"SKIP","floor":11},{"not_picked":["Cloak And Dagger","Sucker Punch"],"picked":"Prepared","floor":14},{"not_picked":["Storm of Steel","A Thousand Cuts"],"picked":"Burst","floor":16},{"not_picked":["Dodge and Roll+1","Finisher+1"],"picked":"Flying Knee+1","floor":18}],"player_experience":359133,"relics_obtained":[{"floor":6,"key":"Art of War"},{"floor":8,"key":"Oddly Smooth Stone"}],"event_choices":[{"damage_healed":0,"gold_gain":0,"player_choice":"Donut","damage_taken":0,"max_hp_gain":5,"max_hp_loss":0,"event_name":"Big Fish","floor":4,"gold_loss":0},{"cards_removed":["Defend_G"],"damage_healed":0,"gold_gain":0,"player_choice":"Card Removal","damage_taken":7,"max_hp_gain":0,"max_hp_loss":0,"event_name":"Golden Wing","floor":5,"gold_loss":0},{"damage_healed":0,"gold_gain":0,"player_choice":"Ignored","damage_taken":0,"max_hp_gain":0,"max_hp_loss":0,"event_name":"Transmorgrifier","floor":7,"gold_loss":0},{"cards_removed":["Strike_G"],"damage_healed":0,"gold_gain":0,"player_choice":"Forget","damage_taken":0,"max_hp_gain":0,"max_hp_loss":0,"event_name":"Living Wall","floor":12,"gold_loss":0},{"damage_healed":0,"gold_gain":0,"player_choice":"Ignored","damage_taken":0,"max_hp_gain":0,"max_hp_loss":0,"event_name":"Ghosts","floor":20,"gold_loss":0},{"damage_healed":0,"gold_gain":0,"player_choice":"Ignored","damage_taken":0,"max_hp_gain":0,"max_hp_loss":0,"event_name":"Vampires","floor":21,"gold_loss":0},{"damage_healed":0,"gold_gain":99,"player_choice":"Stole From Cult","damage_taken":0,"max_hp_gain":0,"max_hp_loss":0,"event_name":"Nest","floor":22,"gold_loss":0}],"is_beta":false,"boss_relics":[{"not_picked":["Ectoplasm","Cursed Key"],"picked":"Empty Cage"}],"items_purged_floors":[2,10,19],"is_endless":false,"potions_floor_spawned":[8,11,14,16],"killed_by":"Slavers","ascension_level":2}