{"gold_per_floor":[114,61,80,97,22,22,57,57,138,154,154,229,260,10,10,113,113,129,228,247,247,0,0,0,0,0,0],"floor_reached":27,"playtime":889,"items_purged":["Defend_B"],"score":217,"play_id":"b624c5e0-f835-47d2-889f-9bef21e52385","local_time":"20191002131906","is_ascension_mode":false,"campfire_choices":[{"data":"Zap","floor":6,"key":"SMITH"},{"data":"Dualcast","floor":8,"key":"SMITH"},{"floor":15,"key":"REST"},{"data":"Self Repair","floor":24,"key":"SMITH"}],"neow_cost":"NONE","seed_source_timestamp":486408089846000,"circlet_count":0,"master_deck":["Strike_B","Defend_B","Defend_B","Zap+1","Dualcast+1","Go for the Eyes","Go for the Eyes","Machine Learning","FTL","Rebound","Streamline+1","Beam Cell+1","Self Repair+1"],"relics":["Cracked Core","Regal Pillow","Sundial","Dream Catcher","Molten Egg 2","Empty Cage","Nunchaku"],"potions_floor_usage":[7],"damage_taken":[{"damage":1,"enemies":"2 Louse","floor":1,"turns":3},{"damage":0,"enemies":"Small Slimes","floor":3,"turns":3},{"damage":1,"enemies":"Jaw Worm","floor":4,"turns":3},{"damage":9,"enemies":"3 Sentries","floor":7,"turns":6},{"damage":14,"enemies":"2 Fungi Beasts","floor":10,"turns":3},{"damage":10,"enemies":"Gremlin Nob","floor":13,"turns":3},{"damage":63,"enemies":"The Guardian","floor":16,"turns":8},{"damage":12,"enemies":"Chosen","floor":18,"turns":5},{"damage":10,"enemies":"Shell Parasite","floor":20,"turns":3},{"damage":39,"enemies":"Book of Stabbing","floor":27,"turns":4}],"seed_played":"-5079736996812790959","potions_obtained":[{"floor":4,"key":"Block Potion"}],"is_trial":false,"path_per_floor":["M","$","M","M","$","R","E","R","T","M","?","?","E","$","R","B",null,"M","?","M","?","?","?","R","$","T","E"],"character_chosen":"DEFECT","items_purchased":["Go for the Eyes","Molten Egg 2"],"campfire_rested":1,"item_purchase_floors":[2,14],"current_hp_per_floor":[74,74,74,73,73,73,64,64,64,50,50,39,29,29,66,3,75,63,63,53,53,53,39,39,39,39,0],"gold":0,"neow_bonus":"REMOVE_CARD","is_prod":false,"is_daily":false,"chose_seed":false,"campfire_upgraded":3,"win_rate":0.0,"timestamp":1570015146,"path_taken":["M","$","M","M","$","R","E","R","T","M","?","?","E","$","R","BOSS","M","?","M","?","?","?","R","$","T","E"],"build_version":"2019-07-17","purchased_purges":1,"victory":false,"max_hp_per_floor":[75,75,75,75,75,75,75,75,75,75,75,75,75,75,75,75,75,75,75,75,75,75,80,80,80,80,80],"card_choices":[{"not_picked":["Redo","Steam"],"picked":"Go for the Eyes","floor":1},{"not_picked":["Steam","Leap"],"picked":"Machine Learning","floor":3},{"not_picked":["Sunder","Aggregate"],"picked":"FTL","floor":4},{"not_picked":["Reprogram","Recycle"],"picked":"Rebound","floor":7},{"not_picked":["Steam","Defragment"],"picked":"Streamline","floor":10},{"not_picked":["Double Energy","White Noise","Stack"],"picked":"SKIP","floor":13},{"not_picked":["Barrage+1","Reprogram"],"picked":"Beam Cell+1","floor":18},{"not_picked":["Lockon+1","Redo"],"picked":"Self Repair","floor":20}],"player_experience":131344,"relics_obtained":[{"floor":7,"key":"Regal Pillow"},{"floor":9,"key":"Sundial"},{"floor":13,"key":"Dream Catcher"},{"floor":26,"key":"Nunchaku"}],"event_choices":[{"damage_healed":0,"gold_gain":0,"player_choice":"Grow","damage_taken":0,"max_hp_gain":0,"max_hp_loss":0,"event_name":"Living Wall","floor":11,"gold_loss":0,"cards_upgraded":["Streamline"]},{"damage_healed":0,"gold_gain":75,"player_choice":"Gather Gold","damage_taken":11,"max_hp_gain":0,"max_hp_loss":0,"event_name":"World of Goop","floor":12,"gold_loss":0},{"damage_healed":0,"gold_gain":99,"player_choice":"Stole From Cult","damage_taken":0,"max_hp_gain":0,"max_hp_loss":0,"event_name":"Nest","floor":19,"gold_loss":0},{"cards_removed":["Defend_B"],"damage_healed":0,"gold_gain":0,"player_choice":"Elegance","damage_taken":0,"max_hp_gain":0,"max_hp_loss":0,"event_name":"Back to Basics","floor":21,"gold_loss":0},{"damage_healed":0,"gold_gain":0,"player_choice":"Paid Fearfully","damage_taken":0,"max_hp_gain":0,"max_hp_loss":0,"event_name":"Masked Bandits","floor":22,"gold_loss":247},{"damage_healed":0,"gold_gain":0,"player_choice":"Shed Blood","damage_taken":19,"max_hp_gain":5,"max_hp_loss":0,"event_name":"Forgotten Altar","floor":23,"gold_loss":0}],"is_beta":false,"boss_relics":[{"not_picked":["Inserter","Fusion Hammer"],"picked":"Empty Cage"}],"items_purged_floors":[5],"is_endless":false,"potions_floor_spawned":[4],"killed_by":"Book of Stabbing","ascension_level":0}