{"gold_per_floor":[114,39,57,69,82,82,116,116,116,146,164,190,251,251,251,322,322,336,104,124,135,154,154,154,154,154,154],"floor_reached":27,"playtime":915,"items_purged":["Strike_B"],"score":466,"play_id":"ddf7fa5f-6fec-4b44-af6e-402e568a8d25","local_time":"20190923163436","is_ascension_mode":true,"campfire_choices":[{"data":"Consume","floor":6,"key":"SMITH"},{"data":"Zap","floor":8,"key":"SMITH"},{"data":"Dualcast","floor":15,"key":"SMITH"},{"data":"Capacitor","floor":23,"key":"SMITH"}],"neow_cost":"NONE","seed_source_timestamp":87499706259117,"circlet_count":0,"master_deck":["AscendersBane","Strike_B+1","Strike_B+1","Defend_B","Defend_B","Defend_B","Defend_B","Zap+1","Dualcast+1","Coolheaded","Consume+1","Conserve Battery","Skim","Glacier","Ball Lightning","Capacitor+1","Biased Cognition","Reboot","Cold Snap","Lockon","Go for the Eyes+1","Recycle"],"relics":["Cracked Core","Dream Catcher","Whetstone","Orichalcum","Dodecahedron","Mummified Hand","DataDisk","SlaversCollar","Medical Kit","Singing Bowl"],"potions_floor_usage":[7,20,22,27],"damage_taken":[{"damage":2,"enemies":"Jaw Worm","floor":1,"turns":3},{"damage":0,"enemies":"2 Louse","floor":3,"turns":2},{"damage":0,"enemies":"Cultist","floor":4,"turns":5},{"damage":7,"enemies":"Looter","floor":5,"turns":4},{"damage":13,"enemies":"Lagavulin","floor":7,"turns":9},{"damage":13,"enemies":"3 Sentries","floor":10,"turns":11},{"damage":2,"enemies":"Gremlin Gang","floor":11,"turns":5},{"damage":4,"enemies":"Lagavulin","floor":12,"turns":6},{"damage":8,"enemies":"3 Sentries","floor":13,"turns":8},{"damage":4,"enemies":"The Guardian","floor":16,"turns":10},{"damage":10,"enemies":"Spheric Guardian","floor":18,"turns":6},{"damage":1,"enemies":"2 Thieves","floor":20,"turns":5},{"damage":10,"enemies":"Centurion and Healer","floor":21,"turns":8},{"damage":10,"enemies":"Snake Plant","floor":22,"turns":4},{"damage":11,"enemies":"Gremlin Leader","floor":27,"turns":1}],"seed_played":"-1891913191562334155","potions_obtained":[{"floor":3,"key":"Regen Potion"},{"floor":7,"key":"Energy Potion"},{"floor":10,"key":"Block Potion"},{"floor":20,"key":"FocusPotion"}],"is_trial":false,"path_per_floor":["M","?","M","M","M","R","E","R","T","E","M","E","?","?","R","B",null,"M","$","M","M","M","R","?","?","T","E"],"character_chosen":"DEFECT","items_purchased":["Medical Kit"],"campfire_rested":0,"item_purchase_floors":[19],"current_hp_per_floor":[62,62,62,62,55,55,57,57,57,44,42,38,30,30,30,26,60,50,50,49,39,29,29,29,9,9,0],"gold":154,"neow_bonus":"RANDOM_COMMON_RELIC","is_prod":false,"is_daily":false,"chose_seed":false,"campfire_upgraded":4,"win_rate":0,"timestamp":1569227676,"path_taken":["M","?","M","M","M","R","E","R","T","E","M","E","?","?","R","BOSS","M","$","M","M","M","R","?","?","T","E"],"build_version":"2019-09-20","purchased_purges":1,"victory":false,"max_hp_per_floor":[71,71,71,71,71,71,71,71,71,71,71,71,71,71,71,71,71,71,71,71,71,71,71,71,76,76,76],"card_choices":[{"not_picked":["Compile Driver","Hologram"],"picked":"Coolheaded","floor":1},{"not_picked":["Chill","Redo"],"picked":"Consume","floor":3},{"not_picked":["Coolheaded","Storm"],"picked":"Conserve Battery","floor":4},{"not_picked":["Barrage","Steam"],"picked":"Skim","floor":5},{"not_picked":["Redo","Streamline"],"picked":"Glacier","floor":7},{"not_picked":["Hello World","Beam Cell"],"picked":"Ball Lightning","floor":10},{"not_picked":["Coolheaded","Barrage"],"picked":"Capacitor","floor":11},{"not_picked":["Beam Cell","Undo"],"picked":"Biased Cognition","floor":12},{"not_picked":["Rainbow","Hyperbeam"],"picked":"Reboot","floor":16},{"not_picked":["Ball Lightning","Beam Cell"],"picked":"Cold Snap","floor":18},{"not_picked":["Barrage","Sweeping Beam"],"picked":"Lockon","floor":20},{"not_picked":["Aggregate","Streamline","Sweeping Beam"],"picked":"SKIP","floor":21},{"not_picked":["Conserve Battery","Redo"],"picked":"Go for the Eyes+1","floor":22}],"player_experience":943698,"relics_obtained":[{"floor":7,"key":"Whetstone"},{"floor":9,"key":"Orichalcum"},{"floor":10,"key":"Dodecahedron"},{"floor":12,"key":"Mummified Hand"},{"floor":13,"key":"DataDisk"},{"floor":26,"key":"Singing Bowl"}],"event_choices":[{"cards_removed":["Strike_B"],"damage_healed":0,"gold_gain":0,"player_choice":"Card Removal","damage_taken":0,"max_hp_gain":0,"max_hp_loss":0,"event_name":"The Cleric","floor":2,"gold_loss":75},{"damage_healed":0,"gold_gain":30,"player_choice":"Searched \u00273\u0027 times","damage_taken":0,"max_hp_gain":0,"max_hp_loss":0,"event_name":"Dead Adventurer","floor":13,"gold_loss":0},{"damage_healed":0,"gold_gain":0,"player_choice":"Ignored","damage_taken":0,"max_hp_gain":0,"max_hp_loss":0,"event_name":"Liars Game","floor":14,"gold_loss":0},{"damage_healed":0,"gold_gain":0,"player_choice":"Read","damage_taken":0,"max_hp_gain":0,"max_hp_loss":0,"event_name":"The Library","floor":24,"gold_loss":0,"cards_obtained":["Recycle"]},{"damage_healed":0,"gold_gain":0,"player_choice":"Shed Blood","damage_taken":25,"max_hp_gain":5,"max_hp_loss":0,"event_name":"Forgotten Altar","floor":25,"gold_loss":0}],"is_beta":true,"boss_relics":[{"not_picked":["Cursed Key","Snecko Eye"],"picked":"SlaversCollar"}],"items_purged_floors":[19],"is_endless":false,"potions_floor_spawned":[3,7,10,13,20],"killed_by":"Gremlin Leader","ascension_level":20}