{"path_per_floor":["M","M","$","M","?","E","R","M","T","M","T","R","M","M","R","B",null,"M","M","?","$","?","R","?","M","T","M","M","R","M","M","R","B",null,"M","?","$","?","$","R","M","M","T","?","M","M","?","M","R"],"character_chosen":"THE_SILENT","items_purchased":["Well Laid Plans","Bane","Gremlin Horn"],"gold_per_floor":[109,125,57,76,76,110,110,123,123,143,167,167,183,203,203,300,300,316,241,241,166,166,166,166,180,234,249,264,264,280,291,291,391,391,402,402,7,7,7,7,19,39,115,0,17,30,30,50,50],"floor_reached":50,"campfire_rested":2,"playtime":4917,"current_hp_per_floor":[70,70,70,59,59,42,42,41,41,32,32,53,52,55,55,68,70,41,40,40,40,40,40,40,40,47,37,30,30,28,34,57,15,77,65,65,65,55,55,55,48,56,56,56,49,35,67,66,66],"items_purged":["Strike_G","Strike_G"],"gold":50,"play_id":"021c10b7-dc1a-4a43-9513-705f2739fcdc","is_prod":false,"is_daily":false,"is_ascension_mode":false,"campfire_upgraded":6,"path_taken":["M","M","$","M","?","E","R","M","T","M","?","R","M","M","R","BOSS","M","?","?","$","?","R","?","?","T","M","M","R","M","M","R","BOSS","M","?","$","?","$","R","?","M","T","?","?","M","?","M","R","BOSS"],"build_version":"2018-01-25-PROD3","purchased_purges":2,"victory":false,"master_deck":["Defend_G","Defend_G","Defend_G","Defend_G","Defend_G","Strike_G","Survivor","Neutralize+1","Deadly Poison+1","Prepared","Well Laid Plans","Flying Knee","Deadly Poison+1","Deadly Poison","Backflip","Caltrops","Deflect","Envenom+1","PiercingWail+1","Outmaneuver","Underhanded Strike+1","Dash+1","Catalyst+1","Backflip","Infinite Blades+1","Burst+1","Backflip+1","Bane","Madness","Madness","Bouncing Flask+1","PiercingWail","Bane+1","Bouncing Flask"],"max_hp_per_floor":[70,70,70,70,70,70,70,70,70,70,70,70,70,70,70,70,70,70,70,70,70,70,70,70,70,77,77,77,77,77,77,77,77,77,77,77,77,77,77,77,77,77,77,77,77,77,67,67,67],"relics":["Ring of the Snake","Oddly Smooth Stone","Bird Faced Urn","Ancient Tea Set","Velvet Choker","Girya","Strawberry","Question Card","Gremlin Horn","Bottled Tornado","Red Mask"],"card_choices":[{"not_picked":["Eviscerate","Dagger Spray"],"picked":"Deadly Poison"},{"not_picked":["Slice","Sucker Punch"],"picked":"Prepared"},{"not_picked":["Quick Slash","Skewer"],"picked":"Flying Knee"},{"not_picked":["Calculated Gamble","Deflect"],"picked":"Deadly Poison"},{"not_picked":["Dodge and Roll","Phantasmal Killer"],"picked":"Deadly Poison"},{"not_picked":["Deflect","Choke"],"picked":"Backflip"},{"not_picked":["All Out Attack","Dodge and Roll"],"picked":"Caltrops"},{"not_picked":["Dodge and Roll","Sucker Punch"],"picked":"Deflect"},{"not_picked":["Glass Knife","Tools of the Trade"],"picked":"Envenom"},{"not_picked":["Dash","Deflect"],"picked":"PiercingWail"},{"not_picked":["Dodge and Roll","Flying Knee"],"picked":"Outmaneuver"},{"not_picked":["Flying Knee","Dodge and Roll"],"picked":"Underhanded Strike"},{"not_picked":["Outmaneuver","Flying Knee"],"picked":"Dash"},{"not_picked":["Adrenaline","All Out Attack"],"picked":"Catalyst"},{"not_picked":["Quick Slash","Leg Sweep"],"picked":"Backflip"},{"not_picked":["Escape Plan","Skewer"],"picked":"Infinite Blades"},{"not_picked":["Unload","Venomology"],"picked":"Burst"},{"not_picked":["Deflect","Predator","Underhanded Strike"],"picked":"Backflip"},{"not_picked":["Blade Dance","Quick Slash","Eviscerate"],"picked":"Bouncing Flask"},{"not_picked":["Malaise","Predator","Dodge and Roll"],"picked":"PiercingWail"},{"not_picked":["Quick Slash","Burst","Flying Knee"],"picked":"Bane"},{"not_picked":["Deflect","Dagger Spray","Prepared"],"picked":"Bouncing Flask"}],"player_experience":28028,"potions_floor_usage":[6,6,16,16,27,33,33,41,45,46,50,50,50],"damage_taken":[{"damage":0,"enemies":"Cultist","floor":1,"turns":4},{"damage":0,"enemies":"Blue Slaver","floor":2,"turns":5},{"damage":11,"enemies":"2 Louse","floor":4,"turns":3},{"damage":17,"enemies":"3 Sentries","floor":6,"turns":9},{"damage":1,"enemies":"Looter","floor":8,"turns":3},{"damage":11,"enemies":"Large Slime","floor":10,"turns":7},{"damage":3,"enemies":"Lots of Slimes","floor":13,"turns":5},{"damage":1,"enemies":"Looter","floor":14,"turns":4},{"damage":6,"enemies":"Hexaghost","floor":16,"turns":8},{"damage":33,"enemies":"Chosen","floor":18,"turns":6},{"damage":7,"enemies":"2 Thieves","floor":19,"turns":5},{"damage":6,"enemies":"Slaver and Parasite","floor":25,"turns":8},{"damage":16,"enemies":"Sentry and Sphere","floor":27,"turns":7},{"damage":13,"enemies":"Centurion and Healer","floor":28,"turns":8},{"damage":6,"enemies":"Snake Plant","floor":30,"turns":3},{"damage":0,"enemies":"Snecko","floor":31,"turns":4},{"damage":65,"enemies":"Collector","floor":33,"turns":11},{"damage":13,"enemies":"Orb Walker","floor":35,"turns":5},{"damage":15,"enemies":"3 Shapes","floor":41,"turns":7},{"damage":0,"enemies":"Maw","floor":42,"turns":5},{"damage":15,"enemies":"4 Shapes","floor":45,"turns":7},{"damage":18,"enemies":"3 Darklings","floor":46,"turns":7},{"damage":1,"enemies":"Sphere and 2 Shapes","floor":48,"turns":8},{"damage":96,"enemies":"Donu and Deca","floor":50,"turns":7}],"event_choices":[{"event_name":"The Lab","player_choice":"Got Potions","floor":5,"damage_taken":0},{"event_name":"The Mausoleum","player_choice":"Yes","floor":20,"damage_taken":0},{"event_name":"Back to Basics","player_choice":"Elegance","floor":22,"damage_taken":0},{"event_name":"Purifier","player_choice":"One Purge","floor":24,"damage_taken":0},{"event_name":"Mysterious Sphere","player_choice":"Ignore","floor":36,"damage_taken":0},{"event_name":"Winding Halls","player_choice":"Embrace Madness","floor":38,"damage_taken":0},{"event_name":"Tomb of Lord Red Mask","player_choice":"Paid","floor":44,"damage_taken":0},{"event_name":"The Moai Head","player_choice":"Heal","floor":47,"damage_taken":0}],"boss_relics":[{"not_picked":["Ectoplasm","Philosopher\u0027s Stone"],"picked":"Velvet Choker"},{"not_picked":["Snecko Eye","White Beast Statue"],"picked":"Question Card"}],"potions_floor_spawned":[1,10,14,16,25,30,33,35,41,46,48],"seed_played":"-8965857551896851386","killed_by":"Donu and Deca","ascension_level":0,"is_trial":false}