{"gold_per_floor":[117,130,130,149,149,189,189,189,215,254,32,32,47,60,60,190,190,214,247,56,56],"floor_reached":21,"playtime":1492,"items_purged":[],"score":206,"play_id":"6e36f641-8768-47f3-8a81-766efcf8cffe","local_time":"20190104221715","is_ascension_mode":true,"campfire_choices":[{"floor":7,"key":"REST"},{"floor":12,"key":"REST"},{"floor":15,"key":"REST"}],"neow_cost":"NONE","seed_source_timestamp":1225034827798268,"circlet_count":0,"master_deck":["Defend_G","Defend_G","Defend_G","Defend_G","Defend_G","Strike_G","Strike_G","Strike_G","Strike_G","Strike_G","Survivor","Neutralize","Deadly Poison","Deadly Poison","Backstab","Escape Plan","Backflip","Catalyst","Riddle With Holes","Predator","Slice","Deadly Poison","Die Die Die","Endless Agony","Quick Slash","PiercingWail","Crippling Poison","Dash","Acrobatics","Deflect","Catalyst","Noxious Fumes"],"relics":["Eternal Feather","Golden Idol","Pen Nib","Potion Belt","Regal Pillow","Dream Catcher","Orrery","Red Mask"],"potions_floor_usage":[6,6,19,21],"damage_taken":[{"damage":2,"enemies":"Jaw Worm","floor":1,"turns":7},{"damage":1,"enemies":"Small Slimes","floor":2,"turns":4},{"damage":5,"enemies":"Cultist","floor":4,"turns":4},{"damage":31,"enemies":"3 Sentries","floor":6,"turns":8},{"damage":40,"enemies":"Gremlin Nob","floor":10,"turns":5},{"damage":14,"enemies":"Exordium Wildlife","floor":13,"turns":4},{"damage":0,"enemies":"3 Louse","floor":14,"turns":2},{"damage":50,"enemies":"The Guardian","floor":16,"turns":8},{"damage":19,"enemies":"Spheric Guardian","floor":18,"turns":5},{"damage":44,"enemies":"Masked Bandits","floor":19,"turns":6},{"damage":20,"enemies":"Colosseum Slavers","floor":21,"turns":2}],"seed_played":"3993215777732992146","potions_obtained":[{"floor":1,"key":"Weak Potion"},{"floor":2,"key":"Strength Potion"},{"floor":18,"key":"Fire Potion"}],"is_trial":false,"path_per_floor":["M","M","?","M","?","E","R","?","T","E","$","R","M","M","R","B",null,"M","?","$","?"],"character_chosen":"THE_SILENT","items_purchased":["Dream Catcher","Catalyst","Regen Potion","Catalyst","Noxious Fumes"],"campfire_rested":3,"item_purchase_floors":[11,11,20,20,20],"current_hp_per_floor":[68,67,67,62,45,14,44,44,44,4,4,49,35,35,70,20,70,51,7,7,0],"gold":56,"neow_bonus":"BOSS_RELIC","is_prod":false,"is_daily":false,"chose_seed":false,"campfire_upgraded":0,"win_rate":0,"timestamp":1546633035,"path_taken":["M","M","?","M","?","E","R","?","T","E","$","R","?","M","R","BOSS","M","?","$","?"],"build_version":"2019-01-03v3","purchased_purges":0,"victory":false,"max_hp_per_floor":[70,70,70,70,70,70,70,70,70,70,70,70,70,70,70,70,70,70,70,70,70],"card_choices":[{"not_picked":["Finisher","Noxious Fumes"],"picked":"Deadly Poison","floor":1},{"not_picked":["Deflect","Distraction"],"picked":"Deadly Poison","floor":2},{"not_picked":["Cloak And Dagger","Heel Hook"],"picked":"Backstab","floor":4},{"not_picked":["Tools of the Trade","Quick Slash"],"picked":"Escape Plan","floor":6},{"not_picked":["Dagger Spray","Quick Slash"],"picked":"Backflip","floor":10},{"not_picked":["Infinite Blades","Cloak And Dagger"],"picked":"Riddle With Holes","floor":12},{"not_picked":["Dagger Spray","Outmaneuver"],"picked":"Predator","floor":13},{"not_picked":["Prepared","Acrobatics"],"picked":"Slice","floor":14},{"not_picked":["A Thousand Cuts","Backflip"],"picked":"Deadly Poison","floor":15},{"not_picked":["Phantasmal Killer","A Thousand Cuts"],"picked":"Die Die Die","floor":16},{"not_picked":["Infinite Blades","Calculated Gamble"],"picked":"Endless Agony","floor":17},{"not_picked":["Cloak And Dagger","Blade Dance"],"picked":"Quick Slash","floor":17},{"not_picked":["Outmaneuver","Quick Slash"],"picked":"PiercingWail","floor":17},{"not_picked":["Die Die Die","Bane"],"picked":"Crippling Poison","floor":17},{"not_picked":["Poisoned Stab","Flying Knee"],"picked":"Dash","floor":17},{"not_picked":["Calculated Gamble","Masterful Stab"],"picked":"Acrobatics","floor":18},{"not_picked":["Underhanded Strike","Tactician+1"],"picked":"Deflect","floor":19}],"player_experience":113319,"relics_obtained":[{"floor":6,"key":"Pen Nib"},{"floor":9,"key":"Potion Belt"},{"floor":10,"key":"Regal Pillow"},{"floor":19,"key":"Red Mask"}],"event_choices":[{"damage_healed":0,"gold_gain":0,"player_choice":"Ignored","damage_taken":0,"max_hp_gain":0,"max_hp_loss":0,"event_name":"Golden Wing","floor":3,"gold_loss":0},{"damage_healed":0,"gold_gain":0,"player_choice":"Take Damage","damage_taken":17,"relics_obtained":["Golden Idol"],"max_hp_gain":0,"max_hp_loss":0,"event_name":"Golden Idol","floor":5,"gold_loss":0},{"damage_healed":0,"gold_gain":0,"player_choice":"Leave","damage_taken":0,"max_hp_gain":0,"max_hp_loss":0,"event_name":"FaceTrader","floor":8,"gold_loss":0},{"damage_healed":0,"gold_gain":0,"player_choice":"Fought Bandits","damage_taken":0,"max_hp_gain":0,"max_hp_loss":0,"event_name":"Masked Bandits","floor":19,"gold_loss":0},{"damage_healed":0,"gold_gain":0,"player_choice":"Fight","damage_taken":0,"max_hp_gain":0,"max_hp_loss":0,"event_name":"Colosseum","floor":21,"gold_loss":0}],"is_beta":false,"boss_relics":[{"not_picked":["HoveringKite","Pandora\u0027s Box"],"picked":"Orrery"}],"items_purged_floors":[],"is_endless":false,"potions_floor_spawned":[1,2,4,18],"killed_by":"Colosseum Slavers","ascension_level":2}