{"gold_per_floor":[112,126,126,137,157,187,187,219,219,251,263,263,68,87,87,192,192,206,222,3,3,3,3],"floor_reached":23,"playtime":738,"items_purged":["Strike_B"],"score":295,"play_id":"0bda6619-0e77-4935-b678-785749c3db91","local_time":"20191009202250","is_ascension_mode":true,"campfire_choices":[{"data":"Defragment","floor":7,"key":"SMITH"},{"data":"Electrodynamics","floor":12,"key":"SMITH"},{"data":"Loop","floor":15,"key":"SMITH"}],"neow_cost":"NONE","seed_source_timestamp":417045237671400,"circlet_count":0,"master_deck":["Strike_B","Strike_B","Strike_B","Defend_B","Defend_B","Defend_B","Defend_B","Zap","Dualcast","Ball Lightning","Doom and Gloom+1","Defragment+1","Echo Form","Machine Learning","Electrodynamics+1","Coolheaded","Ball Lightning+1","Loop+1","Amplify"],"relics":["Cracked Core","NeowsBlessing","Blue Candle","Meat on the Bone","Mercury Hourglass","Molten Egg 2","Runic Capacitor","Runic Pyramid","Happy Flower"],"potions_floor_usage":[10,16],"damage_taken":[{"damage":0,"enemies":"Cultist","floor":1,"turns":1},{"damage":0,"enemies":"Small Slimes","floor":2,"turns":1},{"damage":0,"enemies":"2 Louse","floor":4,"turns":1},{"damage":0,"enemies":"Large Slime","floor":5,"turns":4},{"damage":35,"enemies":"3 Sentries","floor":6,"turns":6},{"damage":13,"enemies":"Gremlin Nob","floor":8,"turns":3},{"damage":15,"enemies":"Lagavulin","floor":10,"turns":5},{"damage":4,"enemies":"2 Fungi Beasts","floor":11,"turns":2},{"damage":9,"enemies":"Exordium Thugs","floor":14,"turns":3},{"damage":16,"enemies":"Hexaghost","floor":16,"turns":6},{"damage":26,"enemies":"Shell Parasite","floor":18,"turns":4},{"damage":10,"enemies":"Chosen","floor":19,"turns":4},{"damage":49,"enemies":"Slavers","floor":23,"turns":2}],"seed_played":"4790959890702534938","potions_obtained":[{"floor":2,"key":"FairyPotion"},{"floor":5,"key":"EssenceOfSteel"},{"floor":6,"key":"SkillPotion"},{"floor":16,"key":"Fire Potion"},{"floor":19,"key":"Dexterity Potion"}],"is_trial":false,"path_per_floor":["M","M","?","M","M","E","R","E","T","E","M","R","$","M","R","B",null,"M","M","$","?","?","E"],"character_chosen":"DEFECT","items_purchased":["Runic Capacitor","Happy Flower"],"campfire_rested":0,"item_purchase_floors":[13,20],"current_hp_per_floor":[68,68,68,68,68,33,33,20,20,17,25,25,25,28,28,24,62,48,38,38,38,38,0],"gold":3,"neow_bonus":"THREE_ENEMY_KILL","is_prod":false,"is_daily":false,"chose_seed":false,"campfire_upgraded":3,"win_rate":0,"timestamp":1570645370,"path_taken":["M","M","?","M","M","E","R","E","T","E","M","R","$","M","R","BOSS","M","M","$","?","?","E"],"build_version":"2019-07-17","purchased_purges":1,"victory":false,"max_hp_per_floor":[75,75,75,75,75,75,75,75,75,75,75,75,75,75,75,75,75,75,75,75,75,75,75],"card_choices":[{"not_picked":["Turbo","Coolheaded"],"picked":"Ball Lightning","floor":1},{"not_picked":["Streamline","Ball Lightning"],"picked":"Doom and Gloom","floor":2},{"not_picked":["Turbo","Beam Cell"],"picked":"Defragment","floor":4},{"not_picked":["Hologram","Beam Cell"],"picked":"Echo Form","floor":5},{"not_picked":["Steam Power","Coolheaded"],"picked":"Machine Learning","floor":6},{"not_picked":["Compile Driver","Leap"],"picked":"Electrodynamics","floor":8},{"not_picked":["White Noise","Compile Driver"],"picked":"Coolheaded","floor":10},{"not_picked":["Rebound+1","Cold Snap+1"],"picked":"Ball Lightning+1","floor":11},{"not_picked":["Stack","Sweeping Beam+1"],"picked":"Loop","floor":14},{"not_picked":["Machine Learning","Echo Form"],"picked":"Amplify","floor":16},{"not_picked":["Go for the Eyes+1","Undo+1","Ball Lightning+1"],"picked":"SKIP","floor":18},{"not_picked":["Reprogram","Recycle","Chaos"],"picked":"SKIP","floor":19}],"player_experience":386969,"relics_obtained":[{"floor":6,"key":"Blue Candle"},{"floor":8,"key":"Meat on the Bone"},{"floor":9,"key":"Mercury Hourglass"},{"floor":10,"key":"Molten Egg 2"}],"event_choices":[{"damage_healed":0,"gold_gain":0,"player_choice":"Grow","damage_taken":0,"max_hp_gain":0,"max_hp_loss":0,"event_name":"Living Wall","floor":3,"gold_loss":0,"cards_upgraded":["Doom and Gloom"]},{"damage_healed":0,"gold_gain":0,"player_choice":"Ignored","damage_taken":0,"max_hp_gain":0,"max_hp_loss":0,"event_name":"Vampires","floor":21,"gold_loss":0}],"is_beta":false,"boss_relics":[{"not_picked":["Astrolabe","FrozenCore"],"picked":"Runic Pyramid"}],"items_purged_floors":[20],"is_endless":false,"potions_floor_spawned":[2,5,6,16,19],"killed_by":"Slavers","ascension_level":8}