{"gold_per_floor":[118,118,118,293,314,314,358,358,358,376,399,433,13,60,60,186,186,201,222,276,300,320,320,70,70,70,93,93,126,0,0],"floor_reached":31,"playtime":1236,"items_purged":["Doubt"],"score":301,"play_id":"0a61bdbe-8c9b-466d-8da9-2591d91b3b07","local_time":"20190329012118","is_ascension_mode":true,"campfire_choices":[{"floor":6,"key":"REST"},{"data":"Beam Cell","floor":8,"key":"SMITH"},{"floor":15,"key":"REST"},{"data":"Scrape","floor":23,"key":"SMITH"},{"data":"Leap","floor":25,"key":"SMITH"}],"neow_cost":"NONE","seed_source_timestamp":528697059561100,"circlet_count":0,"master_deck":["Strike_B","Defend_B","Defend_B","Defend_B","Defend_B","Zap","Dualcast","Trip","Beam Cell+1","Sweeping Beam","BootSequence","Gash","Gash","Leap+1","Gash","Gash","Beam Cell","Scrape+1","Gash","Leap","Beam Cell","Fission","Genetic Algorithm"],"relics":["Cracked Core","Golden Idol","Ginger","Shuriken","Pocketwatch","Toy Ornithopter","Omamori","Centennial Puzzle","Orrery","Art of War","Mercury Hourglass","Smiling Mask","Anchor"],"potions_floor_usage":[7,12,16,29],"damage_taken":[{"damage":11,"enemies":"2 Louse","floor":1,"turns":3},{"damage":3,"enemies":"Jaw Worm","floor":5,"turns":4},{"damage":9,"enemies":"Lagavulin","floor":7,"turns":7},{"damage":1,"enemies":"Cultist","floor":10,"turns":3},{"damage":22,"enemies":"Gremlin Gang","floor":11,"turns":4},{"damage":22,"enemies":"3 Sentries","floor":12,"turns":5},{"damage":10,"enemies":"Slime Boss","floor":16,"turns":7},{"damage":21,"enemies":"Spheric Guardian","floor":18,"turns":4},{"damage":12,"enemies":"Shell Parasite","floor":19,"turns":4},{"damage":8,"enemies":"3 Cultists","floor":21,"turns":4},{"damage":3,"enemies":"Centurion and Healer","floor":22,"turns":5},{"damage":7,"enemies":"Snecko","floor":27,"turns":5},{"damage":24,"enemies":"Gremlin Leader","floor":29,"turns":6},{"damage":6,"enemies":"3 Cultists","floor":31,"turns":2}],"seed_played":"215055285263910494","potions_obtained":[{"floor":5,"key":"EssenceOfSteel"},{"floor":11,"key":"Fire Potion"},{"floor":12,"key":"Block Potion"},{"floor":19,"key":"Fire Potion"},{"floor":21,"key":"PowerPotion"},{"floor":29,"key":"Block Potion"}],"is_trial":false,"path_per_floor":["M","?","?","?","M","R","E","R","T","M","M","E","$","T","R","B",null,"M","M","T","M","M","R","$","R","T","M","?","E","?","M"],"character_chosen":"DEFECT","items_purchased":["Toy Ornithopter","Omamori","Mercury Hourglass"],"campfire_rested":2,"item_purchase_floors":[13,13,24],"current_hp_per_floor":[64,64,46,46,43,65,56,56,56,55,33,11,11,11,33,28,75,54,42,42,34,31,31,31,31,31,24,24,5,5,0],"gold":0,"neow_bonus":"RANDOM_COLORLESS","is_prod":false,"is_daily":false,"chose_seed":false,"campfire_upgraded":3,"win_rate":0,"timestamp":1553836878,"path_taken":["M","?","?","?","M","R","E","R","T","?","M","E","$","?","R","BOSS","M","?","?","M","M","R","$","R","T","M","?","E","?","M"],"build_version":"2019-01-23","purchased_purges":1,"victory":false,"max_hp_per_floor":[75,75,75,75,75,75,75,75,75,75,75,75,75,75,75,75,75,75,75,75,75,75,75,75,75,75,75,75,75,75,75],"card_choices":[{"not_picked":["Double Energy","Go for the Eyes"],"picked":"Beam Cell","floor":1},{"not_picked":["Rebound","Static Discharge"],"picked":"BootSequence","floor":5},{"not_picked":["Compile Driver","Conserve Battery"],"picked":"Gash","floor":7},{"not_picked":["Go for the Eyes","Coolheaded","Steam Power"],"picked":"SKIP","floor":10},{"not_picked":["Tempest","Barrage"],"picked":"Gash","floor":11},{"not_picked":["Rip and Tear","Multi-Cast","Turbo"],"picked":"SKIP","floor":12},{"not_picked":["Steam Power","Cold Snap"],"picked":"Leap","floor":17},{"not_picked":["Cold Snap","Turbo"],"picked":"Gash","floor":17},{"not_picked":["Glacier","Barrage"],"picked":"Gash","floor":17},{"not_picked":["Biased Cognition","Cold Snap"],"picked":"Beam Cell","floor":17},{"not_picked":["Recycle","Consume"],"picked":"Scrape","floor":18},{"not_picked":["Coolheaded+1","Hyperbeam"],"picked":"Gash","floor":19},{"not_picked":["Storm","Sweeping Beam","Doom and Gloom+1"],"picked":"SKIP","floor":21},{"not_picked":["Ball Lightning","Sweeping Beam"],"picked":"Leap","floor":22},{"not_picked":["Coolheaded","Cold Snap+1","BootSequence"],"picked":"SKIP","floor":27},{"not_picked":["Hyperbeam","Compile Driver"],"picked":"Genetic Algorithm","floor":29}],"player_experience":213501,"relics_obtained":[{"floor":7,"key":"Ginger"},{"floor":9,"key":"Shuriken"},{"floor":12,"key":"Pocketwatch"},{"floor":14,"key":"Centennial Puzzle"},{"floor":20,"key":"Art of War"},{"floor":26,"key":"Smiling Mask"},{"floor":29,"key":"Anchor"}],"event_choices":[{"damage_healed":0,"gold_gain":0,"cards_transformed":["Strike_B"],"player_choice":"Change","damage_taken":0,"max_hp_gain":0,"max_hp_loss":0,"event_name":"Living Wall","floor":2,"gold_loss":0,"cards_obtained":["Sweeping Beam"]},{"damage_healed":0,"gold_gain":0,"player_choice":"Take Damage","damage_taken":18,"relics_obtained":["Golden Idol"],"max_hp_gain":0,"max_hp_loss":0,"event_name":"Golden Idol","floor":3,"gold_loss":0},{"damage_healed":0,"gold_gain":175,"player_choice":"AGREE","damage_taken":0,"max_hp_gain":0,"max_hp_loss":0,"event_name":"Liars Game","floor":4,"gold_loss":0,"cards_obtained":["Doubt"]},{"damage_healed":0,"gold_gain":0,"cards_transformed":["Strike_B","Strike_B"],"player_choice":"Became Test Subject","damage_taken":0,"max_hp_gain":0,"max_hp_loss":0,"event_name":"Drug Dealer","floor":28,"gold_loss":0,"cards_obtained":["Beam Cell","Fission"]},{"damage_healed":0,"gold_gain":0,"player_choice":"Paid Fearfully","damage_taken":0,"max_hp_gain":0,"max_hp_loss":0,"event_name":"Masked Bandits","floor":30,"gold_loss":126}],"is_beta":false,"boss_relics":[{"not_picked":["Runic Dome","Coffee Dripper"],"picked":"Orrery"}],"items_purged_floors":[13],"is_endless":false,"potions_floor_spawned":[5,11,12,19,21,29],"killed_by":"3 Cultists","ascension_level":1}