{"gold_per_floor":[217,234,234,118,168,179,179,195,218,218,229,229,241,269,269,341,341,361,372,422,164,182,182,209,209,284,284,297,297,332,332,332,406,406,416,430,305,316,336,336,371,135,135,165,165,181,181,181,181,181,181,181,181,12,44,44],"floor_reached":57,"playtime":2917,"items_purged":["Strike_G","Choke","Unload","Dagger Spray","Dash"],"score":3180,"play_id":"4648d6b0-87df-4097-b3b2-eac615f995f3","local_time":"20191003145431","is_ascension_mode":true,"campfire_choices":[{"data":"Flechettes","floor":7.0,"key":"SMITH"},{"data":"Neutralize","floor":10.0,"key":"SMITH"},{"data":"Acrobatics","floor":12.0,"key":"SMITH"},{"data":"Noxious Fumes","floor":15.0,"key":"SMITH"},{"data":"Tactician","floor":23.0,"key":"SMITH"},{"floor":25,"key":"REST"},{"floor":29,"key":"REST"},{"floor":32,"key":"REST"},{"data":"Acrobatics","floor":40,"key":"SMITH"},{"floor":47,"key":"RECALL"},{"data":"Catalyst","floor":49,"key":"SMITH"},{"data":"Footwork","floor":53,"key":"SMITH"}],"neow_cost":"NONE","seed_source_timestamp":943211989806359,"circlet_count":0,"master_deck":["AscendersBane","Survivor","Neutralize+1","Footwork+1","Catalyst+1","Flechettes+1","Acrobatics+1","Backstab","Noxious Fumes+1","After Image","Tactician+1","Distraction","PiercingWail","Leg Sweep","Deflect","Calculated Gamble+1","Acrobatics+1","Backflip","Adrenaline+1","Escape Plan+1"],"special_seed":0,"relics":["Ring of the Snake","Orichalcum","Odd Mushroom","Pandora\u0027s Box","Snake Skull","Akabeko","Bag of Marbles","Lantern","Runic Pyramid","Ancient Tea Set","Membership Card","White Beast Statue","Strawberry","ClockworkSouvenir","Mango"],"potions_floor_usage":[24,24,56],"damage_taken":[{"damage":11.0,"enemies":"Jaw Worm","floor":1.0,"turns":7.0},{"damage":4.0,"enemies":"Cultist","floor":2.0,"turns":7.0},{"damage":0.0,"enemies":"Small Slimes","floor":6.0,"turns":6.0},{"damage":9.0,"enemies":"2 Fungi Beasts","floor":8.0,"turns":3.0},{"damage":1.0,"enemies":"Looter","floor":11.0,"turns":3.0},{"damage":8.0,"enemies":"Lots of Slimes","floor":13.0,"turns":6.0},{"damage":11.0,"enemies":"The Mushroom Lair","floor":14.0,"turns":6.0},{"damage":7.0,"enemies":"Hexaghost","floor":16.0,"turns":9.0},{"damage":0.0,"enemies":"3 Byrds","floor":18.0,"turns":4.0},{"damage":6.0,"enemies":"Shell Parasite","floor":19.0,"turns":6.0},{"damage":2.0,"enemies":"Snake Plant","floor":22.0,"turns":6.0},{"damage":38,"enemies":"Slavers","floor":24,"turns":6},{"damage":0,"enemies":"Shelled Parasite and Fungi","floor":28,"turns":4},{"damage":15,"enemies":"Gremlin Leader","floor":30,"turns":4},{"damage":0,"enemies":"Champ","floor":33,"turns":12},{"damage":0,"enemies":"Orb Walker","floor":35,"turns":1},{"damage":8,"enemies":"3 Shapes","floor":36,"turns":4},{"damage":0,"enemies":"3 Darklings","floor":38,"turns":4},{"damage":0,"enemies":"Jaw Worm Horde","floor":39,"turns":2},{"damage":2,"enemies":"Reptomancer","floor":41,"turns":4},{"damage":0,"enemies":"Giant Head","floor":44,"turns":3},{"damage":0,"enemies":"Sphere and 2 Shapes","floor":46,"turns":4},{"damage":0,"enemies":"Time Eater","floor":50,"turns":8},{"damage":0,"enemies":"Donu and Deca","floor":51,"turns":8},{"damage":0,"enemies":"Shield and Spear","floor":55,"turns":2},{"damage":20,"enemies":"The Heart","floor":56,"turns":7}],"seed_played":"-3666202964229188229","potions_obtained":[{"floor":1.0,"key":"Regen Potion"},{"floor":6.0,"key":"Weak Potion"},{"floor":13.0,"key":"AttackPotion"},{"floor":18.0,"key":"Poison Potion"},{"floor":19.0,"key":"SteroidPotion"},{"floor":24,"key":"FearPotion"},{"floor":36,"key":"SpeedPotion"}],"is_trial":false,"path_per_floor":["M","M","?","$","?","M","R","M","T","R","M","R","M","?","R","B",null,"M","M","?","$","M","R","E","R","T","?","M","R","E","?","R","B",null,"M","M","$","M","M","R","E","$","T","E","?","M","R","?","R","B","B",null,"R","$","E","B",null],"character_chosen":"THE_SILENT","items_purchased":["Flechettes","Snake Skull","Membership Card","ClockworkSouvenir"],"campfire_rested":3,"item_purchase_floors":[4,21,42,54],"current_hp_per_floor":[48,44,24,24,24,39,39,30,30,30,29,29,21,10,10,3,50,50,44,44,44,42,42,4,23,23,23,23,42,27,9,30,30,61,61,53,53,53,53,53,51,51,51,58,58,58,58,58,58,58,58,73,73,73,87,67],"gold":44,"neow_bonus":"HUNDRED_GOLD","is_prod":false,"is_daily":false,"chose_seed":false,"campfire_upgraded":8,"win_rate":0,"timestamp":1570085671,"path_taken":["M","M","?","$","?","M","R","?","T","R","M","R","M","?","R","BOSS","M","M","?","$","M","R","E","R","T","?","?","R","E","?","R","BOSS","M","M","$","M","M","R","E","$","T","E","?","M","R","?","R","BOSS","BOSS","R","$","E","BOSS"],"build_version":"2019-10-02","purchased_purges":5,"victory":true,"max_hp_per_floor":[66,66,66,66,66,66,66,66,66,66,66,66,66,66,66,66,66,66,66,66,66,66,66,66,66,66,66,66,66,66,71,71,71,71,71,71,71,71,71,71,71,71,71,78,78,78,78,78,78,78,78,78,78,78,92,92],"card_choices":[{"not_picked":["Accuracy","Backflip"],"picked":"Footwork","floor":1.0},{"not_picked":["Leg Sweep","Sucker Punch"],"picked":"Catalyst","floor":2.0},{"not_picked":["Flying Knee","Slice","Riddle With Holes"],"picked":"SKIP","floor":6.0},{"not_picked":["Underhanded Strike","Quick Slash"],"picked":"Acrobatics","floor":8.0},{"not_picked":["Phantasmal Killer","Prepared"],"picked":"Backstab","floor":11.0},{"not_picked":["Quick Slash","Dagger Spray"],"picked":"Noxious Fumes","floor":13.0},{"not_picked":["Glass Knife","Night Terror"],"picked":"After Image","floor":16.0},{"not_picked":["PiercingWail","Backflip"],"picked":"Calculated Gamble+1","floor":18.0},{"not_picked":["Flechettes","Slice+1","Backstab"],"picked":"SKIP","floor":19.0},{"not_picked":["Deadly Poison+1","Bouncing Flask"],"picked":"Acrobatics","floor":22.0},{"not_picked":["Reflex","PiercingWail","Deflect"],"picked":"SKIP","floor":24},{"not_picked":["Blade Dance","Dagger Throw"],"picked":"Backflip","floor":28},{"not_picked":["Dagger Throw","Finisher","Phantasmal Killer"],"picked":"SKIP","floor":30},{"not_picked":["Venomology","Phantasmal Killer"],"picked":"Adrenaline","floor":33},{"not_picked":["Bane","Acrobatics","Infinite Blades+1"],"picked":"SKIP","floor":35},{"not_picked":["Finisher","Dash+1","Dagger Throw+1"],"picked":"SKIP","floor":36},{"not_picked":["Deflect","Endless Agony","Flying Knee"],"picked":"SKIP","floor":38},{"not_picked":["Dash","PiercingWail+1","Poisoned Stab+1"],"picked":"SKIP","floor":39},{"not_picked":["PiercingWail","Infinite Blades","Deadly Poison"],"picked":"SKIP","floor":41},{"not_picked":["Deflect","Cloak And Dagger"],"picked":"Escape Plan+1","floor":44},{"not_picked":["Flying Knee","Flechettes+1","Dodge and Roll+1"],"picked":"SKIP","floor":46},{"not_picked":["Bouncing Flask+1","Poisoned Stab+1","Riddle With Holes"],"picked":"SKIP","floor":55}],"player_experience":1050450,"relics_obtained":[{"floor":9.0,"key":"Orichalcum"},{"floor":14.0,"key":"Odd Mushroom"},{"floor":24,"key":"Akabeko"},{"floor":27,"key":"Bag of Marbles"},{"floor":30,"key":"Lantern"},{"floor":41,"key":"Ancient Tea Set"},{"floor":43,"key":"White Beast Statue"},{"floor":44,"key":"Strawberry"},{"floor":55,"key":"Mango"}],"event_choices":[{"damage_healed":0.0,"max_hp_gain":0.0,"max_hp_loss":0.0,"gold_gain":0.0,"event_name":"Shining Light","player_choice":"Entered Light","floor":3.0,"gold_loss":0.0,"damage_taken":20.0,"cards_upgraded":["Strike_G","Strike_G"]},{"damage_healed":0.0,"max_hp_gain":0.0,"max_hp_loss":0.0,"gold_gain":50.0,"event_name":"Golden Shrine","player_choice":"Pray","floor":5.0,"gold_loss":0.0,"damage_taken":0.0},{"damage_healed":0.0,"max_hp_gain":0.0,"max_hp_loss":0.0,"gold_gain":0.0,"event_name":"Mushrooms","player_choice":"Fought Mushrooms","floor":14.0,"gold_loss":0.0,"damage_taken":0.0},{"damage_healed":0.0,"max_hp_gain":0.0,"max_hp_loss":0.0,"gold_gain":50.0,"event_name":"Nest","player_choice":"Stole From Cult","floor":20.0,"gold_loss":0.0,"damage_taken":0.0},{"damage_healed":0,"gold_gain":0,"player_choice":"Relic","damage_taken":0,"max_hp_gain":0,"max_hp_loss":0,"event_name":"Wheel of Change","floor":27,"gold_loss":0},{"damage_healed":0,"gold_gain":0,"player_choice":"Shed Blood","damage_taken":23,"max_hp_gain":5,"max_hp_loss":0,"event_name":"Forgotten Altar","floor":31,"gold_loss":0},{"damage_healed":0,"gold_gain":0,"player_choice":"Ignored","damage_taken":0,"max_hp_gain":0,"max_hp_loss":0,"event_name":"Tomb of Lord Red Mask","floor":45,"gold_loss":0},{"damage_healed":0,"gold_gain":0,"player_choice":"Forge","damage_taken":0,"max_hp_gain":0,"max_hp_loss":0,"event_name":"Accursed Blacksmith","floor":48,"gold_loss":0,"cards_upgraded":["Adrenaline"]}],"is_beta":true,"boss_relics":[{"not_picked":["Busted Crown","Velvet Choker"],"picked":"Pandora\u0027s Box"},{"not_picked":["Calling Bell","Tiny House"],"picked":"Runic Pyramid"}],"items_purged_floors":[4,21,37,42,54],"is_endless":false,"potions_floor_spawned":[1,6,13,14,18,19,24,36,41,44,46,55],"ascension_level":20}