{"gold_per_floor":[119,119,194,194,212,212,237,271,325,358,20,38,95,115,115,210,210,226,149,149,149,97,97,131,121,121,121,148,148,162,181,181,280,280,294,312,115,115,127,127,156,169,169,169,169,169],"floor_reached":46,"playtime":3936,"items_purged":[],"score":596,"play_id":"9a5ff335-9035-4888-8fa6-8a2968423ac5","local_time":"20190104164101","is_ascension_mode":true,"campfire_choices":[{"floor":6,"key":"REST"},{"floor":15,"key":"REST"},{"data":"Finisher","floor":23,"key":"SMITH"},{"floor":27,"key":"REST"},{"data":"Choke","floor":32,"key":"SMITH"},{"floor":40,"key":"REST"},{"floor":44,"key":"REST"}],"neow_cost":"NONE","seed_source_timestamp":1202415395968544,"circlet_count":0,"master_deck":["Defend_G","Defend_G","Defend_G","Defend_G","Defend_G+1","Strike_G","Strike_G+1","Strike_G","Strike_G","Strike_G","Survivor","Neutralize","Slice","Deflect","Bane","Poisoned Stab","Finisher+1","Sucker Punch","Corpse Explosion","Poisoned Stab","Deflect","Slice","Deflect+1","PiercingWail","Noxious Fumes","Finisher","Choke+1","Slice+1","Quick Slash+1","Panache","Parasite","Blur","Crippling Poison+1","Noxious Fumes","Flash of Steel"],"relics":["Ring of the Snake","Oddly Smooth Stone","Unceasing Top","Tiny Chest","Bag of Preparation","Toy Ornithopter","Vajra","Strawberry","Velvet Choker","Orichalcum","Pantograph","Kunai","PreservedInsect","White Beast Statue","Bottled Tornado","Darkstone Periapt"],"potions_floor_usage":[13,13,24,33,39,39,42,46,46],"damage_taken":[{"damage":1,"enemies":"2 Louse","floor":1,"turns":4},{"damage":0,"enemies":"Small Slimes","floor":5,"turns":3},{"damage":20,"enemies":"Lagavulin","floor":8,"turns":11},{"damage":34,"enemies":"3 Sentries","floor":10,"turns":10},{"damage":0,"enemies":"Jaw Worm","floor":12,"turns":3},{"damage":9,"enemies":"3 Sentries","floor":13,"turns":8},{"damage":0,"enemies":"Looter","floor":14,"turns":1},{"damage":36,"enemies":"The Guardian","floor":16,"turns":9},{"damage":0,"enemies":"Spheric Guardian","floor":18,"turns":3},{"damage":17,"enemies":"Slavers","floor":24,"turns":2},{"damage":5,"enemies":"2 Thieves","floor":25,"turns":4},{"damage":0,"enemies":"Gremlin Leader","floor":28,"turns":5},{"damage":0,"enemies":"Centurion and Healer","floor":30,"turns":4},{"damage":4,"enemies":"Cultist and Chosen","floor":31,"turns":5},{"damage":60,"enemies":"Automaton","floor":33,"turns":9},{"damage":20,"enemies":"3 Darklings","floor":35,"turns":3},{"damage":0,"enemies":"3 Shapes","floor":36,"turns":4},{"damage":36,"enemies":"Writhing Mass","floor":39,"turns":6},{"damage":28,"enemies":"Reptomancer","floor":41,"turns":6},{"damage":1,"enemies":"3 Darklings","floor":42,"turns":3},{"damage":75,"enemies":"Giant Head","floor":46,"turns":8}],"seed_played":"-2681866934867321307","potions_obtained":[{"floor":1,"key":"SpeedPotion"},{"floor":12,"key":"Swift Potion"},{"floor":13,"key":"EssenceOfSteel"},{"floor":28,"key":"Swift Potion"},{"floor":31,"key":"SmokeBomb"},{"floor":33,"key":"SpeedPotion"},{"floor":35,"key":"AttackPotion"},{"floor":38,"key":"SteroidPotion"},{"floor":38,"key":"Weak Potion"},{"floor":39,"key":"SteroidPotion"},{"floor":42,"key":"Ancient Potion"}],"is_trial":false,"path_per_floor":["M","?","?","?","M","R","T","E","T","E","$","M","?","M","R","B",null,"M","$","?","?","$","R","E","M","T","R","E","?","M","M","R","B",null,"M","M","$","?","M","R","E","M","T","R","?","E"],"character_chosen":"THE_SILENT","items_purchased":["Toy Ornithopter","Vajra","Poisoned Stab","Deflect","AttackPotion","Panache"],"campfire_rested":5,"item_purchase_floors":[11,11,19,19,22,37],"current_hp_per_floor":[76,61,50,50,50,73,73,53,53,19,19,19,27,27,52,16,84,84,84,84,84,84,84,72,67,67,84,84,84,84,80,80,29,84,64,64,64,64,38,63,35,39,39,64,64,0],"gold":169,"neow_bonus":"TEN_PERCENT_HP_BONUS","is_prod":false,"is_daily":false,"chose_seed":false,"campfire_upgraded":2,"win_rate":0,"timestamp":1546612861,"path_taken":["M","?","?","?","M","R","?","E","T","E","$","?","?","M","R","BOSS","M","$","?","?","?","R","E","M","T","R","E","?","M","M","R","BOSS","M","M","$","?","M","R","E","?","T","R","?","E"],"build_version":"2019-01-03v3","purchased_purges":0,"victory":false,"max_hp_per_floor":[77,77,77,77,77,77,77,77,77,77,77,77,84,84,84,84,84,84,84,84,84,84,84,84,84,84,84,84,84,84,84,84,84,84,84,84,84,84,84,84,84,84,84,84,84,84],"card_choices":[{"not_picked":["Infinite Blades","Finisher"],"picked":"Slice","floor":1},{"not_picked":["Underhanded Strike","Eviscerate"],"picked":"Deflect","floor":5},{"not_picked":["Acrobatics","Flying Knee"],"picked":"Bane","floor":8},{"not_picked":["Caltrops","Dagger Spray","Sucker Punch"],"picked":"SKIP","floor":10},{"not_picked":["Underhanded Strike","Dagger Spray"],"picked":"Poisoned Stab","floor":12},{"not_picked":["Catalyst","Concentrate"],"picked":"Finisher","floor":13},{"not_picked":["Bullet Time","Underhanded Strike"],"picked":"Sucker Punch","floor":14},{"not_picked":["Doppelganger","Grand Finale"],"picked":"Corpse Explosion","floor":16},{"not_picked":["Flying Knee","Underhanded Strike","Outmaneuver"],"picked":"SKIP","floor":18},{"not_picked":["Sucker Punch","Predator"],"picked":"Slice","floor":24},{"not_picked":["Footwork","Underhanded Strike"],"picked":"Deflect+1","floor":25},{"not_picked":["Leg Sweep","Poisoned Stab"],"picked":"PiercingWail","floor":28},{"not_picked":["Flying Knee","Blade Dance+1"],"picked":"Finisher","floor":30},{"not_picked":["Grand Finale","Quick Slash"],"picked":"Choke","floor":31},{"not_picked":["Escape Plan","Predator"],"picked":"Slice+1","floor":35},{"not_picked":["Infinite Blades","Outmaneuver+1"],"picked":"Quick Slash+1","floor":36},{"not_picked":["Sucker Punch","Quick Slash"],"picked":"Blur","floor":39},{"not_picked":["Dodge and Roll+1","Riddle With Holes+1"],"picked":"Crippling Poison+1","floor":41},{"not_picked":["All Out Attack","Backflip"],"picked":"Noxious Fumes","floor":42},{"not_picked":["Mayhem","Jack Of All Trades"],"picked":"Flash of Steel","floor":45}],"player_experience":109383,"relics_obtained":[{"floor":7,"key":"Oddly Smooth Stone"},{"floor":8,"key":"Unceasing Top"},{"floor":9,"key":"Tiny Chest"},{"floor":10,"key":"Bag of Preparation"},{"floor":13,"key":"Strawberry"},{"floor":24,"key":"Pantograph"},{"floor":26,"key":"Kunai"},{"floor":28,"key":"PreservedInsect"},{"floor":41,"key":"Bottled Tornado"},{"floor":43,"key":"Darkstone Periapt"}],"event_choices":[{"damage_healed":0,"gold_gain":0,"player_choice":"Entered Light","damage_taken":15,"max_hp_gain":0,"max_hp_loss":0,"event_name":"Shining Light","floor":2,"gold_loss":0,"cards_upgraded":["Defend_G","Strike_G"]},{"damage_healed":0,"gold_gain":75,"player_choice":"Gather Gold","damage_taken":11,"max_hp_gain":0,"max_hp_loss":0,"event_name":"World of Goop","floor":3,"gold_loss":0},{"damage_healed":0,"gold_gain":0,"player_choice":"Ignored","damage_taken":0,"max_hp_gain":0,"max_hp_loss":0,"event_name":"Golden Wing","floor":4,"gold_loss":0},{"damage_healed":0,"gold_gain":0,"player_choice":"Searched \u00271\u0027 times","damage_taken":0,"max_hp_gain":0,"max_hp_loss":0,"event_name":"Dead Adventurer","floor":13,"gold_loss":0},{"damage_healed":0,"gold_gain":0,"player_choice":"Opened","damage_taken":0,"relics_obtained":["Orichalcum"],"max_hp_gain":0,"max_hp_loss":0,"event_name":"The Mausoleum","floor":20,"gold_loss":0},{"damage_healed":0,"gold_gain":0,"player_choice":"Ignored","damage_taken":0,"max_hp_gain":0,"max_hp_loss":0,"event_name":"Vampires","floor":21,"gold_loss":0},{"damage_healed":0,"gold_gain":0,"player_choice":"Read","damage_taken":0,"max_hp_gain":0,"max_hp_loss":0,"event_name":"The Library","floor":29,"gold_loss":0,"cards_obtained":["Noxious Fumes"]},{"damage_healed":0,"gold_gain":0,"player_choice":"Got Potions","damage_taken":0,"max_hp_gain":0,"max_hp_loss":0,"event_name":"Lab","floor":38,"gold_loss":0},{"damage_healed":0,"gold_gain":0,"player_choice":"Memory 1","damage_taken":0,"max_hp_gain":0,"max_hp_loss":0,"event_name":"SensoryStone","floor":45,"gold_loss":0}],"is_beta":false,"boss_relics":[{"not_picked":["Pandora\u0027s Box","WristBlade"],"picked":"Velvet Choker"},{"not_picked":["Runic Pyramid","HoveringKite"],"picked":"White Beast Statue"}],"items_purged_floors":[],"is_endless":false,"potions_floor_spawned":[1,12,13,28,31,33,35,36,39,41,42],"killed_by":"Giant Head","ascension_level":2}