{"gold_per_floor":[115,115,65,85,110,123,48,63,110,120,134,146,146,46,46,46],"floor_reached":16,"playtime":908,"items_purged":["Defend_R","Strike_R"],"score":144,"play_id":"7a258bb4-bee3-4875-9424-e516139785d0","local_time":"20191020032801","is_ascension_mode":false,"campfire_choices":[{"data":"Second Wind","floor":13,"key":"SMITH"},{"data":"Ghostly Armor","floor":15,"key":"SMITH"}],"neow_cost":"TEN_PERCENT_HP_LOSS","seed_source_timestamp":264724000866600,"circlet_count":0,"master_deck":["Strike_R","Strike_R","Defend_R","Defend_R","Bash","Ghostly Armor+1","Second Wind+1"],"special_seed":0,"relics":["Burning Blood"],"potions_floor_usage":[8,16,16],"damage_taken":[{"damage":10,"enemies":"Jaw Worm","floor":1,"turns":5},{"damage":0,"enemies":"Small Slimes","floor":4,"turns":4},{"damage":0,"enemies":"Cultist","floor":6,"turns":3},{"damage":8,"enemies":"Lots of Slimes","floor":8,"turns":6},{"damage":6,"enemies":"2 Fungi Beasts","floor":10,"turns":4},{"damage":12,"enemies":"Exordium Thugs","floor":11,"turns":6},{"damage":11,"enemies":"Large Slime","floor":12,"turns":10},{"damage":97,"enemies":"Slime Boss","floor":16,"turns":19}],"seed_played":"6154712691713183898","potions_obtained":[{"floor":1,"key":"Regen Potion"},{"floor":6,"key":"SkillPotion"},{"floor":8,"key":"Regen Potion"},{"floor":12,"key":"Energy Potion"}],"is_trial":false,"path_per_floor":["M","?","?","M","T","M","$","M","T","M","M","M","R","$","R","B"],"character_chosen":"IRONCLAD","items_purchased":[],"campfire_rested":0,"item_purchase_floors":[],"current_hp_per_floor":[68,68,68,72,72,72,72,70,70,70,64,59,59,59,59,0],"gold":46,"neow_bonus":"TRANSFORM_TWO_CARDS","is_prod":false,"is_daily":false,"chose_seed":false,"campfire_upgraded":2,"win_rate":0,"timestamp":1571556481,"path_taken":["M","?","?","M","?","M","$","M","T","M","M","M","R","$","R","BOSS"],"build_version":"2019-07-17","purchased_purges":2,"victory":false,"max_hp_per_floor":[72,72,72,72,72,72,72,72,72,72,72,72,72,72,72,72],"card_choices":[{"not_picked":["Cleave","Iron Wave","Rupture"],"picked":"SKIP","floor":1},{"not_picked":["Flex","Bloodletting","Fire Breathing"],"picked":"SKIP","floor":4},{"not_picked":["Cleave","Clothesline","Anger"],"picked":"SKIP","floor":6},{"not_picked":["Cleave","Blood for Blood","Body Slam"],"picked":"SKIP","floor":8},{"not_picked":["Pommel Strike","Thunderclap","Armaments"],"picked":"SKIP","floor":10},{"not_picked":["Offering","Heavy Blade","Pommel Strike"],"picked":"SKIP","floor":11},{"not_picked":["True Grit","Blood for Blood","Carnage"],"picked":"SKIP","floor":12}],"player_experience":886442,"relics_obtained":[],"event_choices":[{"damage_healed":0,"gold_gain":0,"player_choice":"Ignored","damage_taken":0,"max_hp_gain":0,"max_hp_loss":0,"event_name":"Liars Game","floor":2,"gold_loss":0},{"cards_removed":["Strike_R"],"damage_healed":0,"gold_gain":0,"player_choice":"Card Removal","damage_taken":0,"max_hp_gain":0,"max_hp_loss":0,"event_name":"The Cleric","floor":3,"gold_loss":50}],"is_beta":false,"boss_relics":[],"items_purged_floors":[7,14],"is_endless":false,"potions_floor_spawned":[1,6,8,12],"killed_by":"Slime Boss","ascension_level":0}