{"gold_per_floor":[118,35,35,35,53,53,84,84,84,95,95,106,117,117,117,194,194,212,212,7,7,22,22,38,38,61,81,81,101,135,185,185,258,258,274,125,125,136,152,152,187,124,124,46,46,46,80,80,80,80,80,80,80,5,36,36],"floor_reached":57,"playtime":2214,"items_purged":["Strike_G","Strike_G","Defend_G","Defend_G"],"score":3027,"play_id":"e0c82ee2-6a89-4dba-8b93-3dc75e4ffe56","local_time":"20191013173013","is_ascension_mode":true,"campfire_choices":[{"data":"Neutralize","floor":6.0,"key":"SMITH"},{"data":"Well Laid Plans","floor":8.0,"key":"SMITH"},{"data":"Deadly Poison","floor":11.0,"key":"SMITH"},{"data":"Footwork","floor":15.0,"key":"SMITH"},{"data":"Tactician","floor":23,"key":"SMITH"},{"data":"Acrobatics","floor":28,"key":"SMITH"},{"data":"Calculated Gamble","floor":32,"key":"SMITH"},{"data":"Catalyst","floor":40,"key":"SMITH"},{"data":"Night Terror","floor":45,"key":"SMITH"},{"floor":49,"key":"RECALL"},{"data":"Footwork","floor":53,"key":"SMITH"}],"neow_cost":"NONE","seed_source_timestamp":186562190657260,"circlet_count":0,"master_deck":["AscendersBane","Defend_G","Defend_G","Survivor","Neutralize+1","Deadly Poison+1","Well Laid Plans+1","Footwork+1","PiercingWail","Backflip","Tactician+1","Acrobatics+1","Calculated Gamble+1","Adrenaline","Catalyst+1","Footwork+1","Night Terror+1"],"special_seed":0,"relics":["Ring of the Snake","NeowsBlessing","Blood Vial","Singing Bowl","InkBottle","Runic Pyramid","Membership Card","PreservedInsect","HornCleat","Philosopher\u0027s Stone","Medical Kit","Whetstone","CeramicFish","Centennial Puzzle","TungstenRod"],"potions_floor_usage":[30,33,47],"damage_taken":[{"damage":0.0,"enemies":"Jaw Worm","floor":1.0,"turns":1.0},{"damage":0.0,"enemies":"2 Louse","floor":5.0,"turns":1.0},{"damage":0.0,"enemies":"Gremlin Nob","floor":7.0,"turns":1.0},{"damage":2.0,"enemies":"Small Slimes","floor":10.0,"turns":5.0},{"damage":2.0,"enemies":"Exordium Thugs","floor":12.0,"turns":7.0},{"damage":8.0,"enemies":"Looter","floor":13.0,"turns":4.0},{"damage":9.0,"enemies":"The Guardian","floor":16.0,"turns":11.0},{"damage":4.0,"enemies":"Chosen","floor":18.0,"turns":7.0},{"damage":0,"enemies":"Spheric Guardian","floor":22,"turns":5},{"damage":2,"enemies":"Snecko","floor":24,"turns":8},{"damage":0,"enemies":"3 Cultists","floor":27,"turns":6},{"damage":0,"enemies":"Snake Plant","floor":29,"turns":4},{"damage":3,"enemies":"Book of Stabbing","floor":30,"turns":6},{"damage":0,"enemies":"Champ","floor":33,"turns":11},{"damage":0,"enemies":"3 Shapes","floor":35,"turns":5},{"damage":0,"enemies":"3 Darklings","floor":38,"turns":4},{"damage":0,"enemies":"Sphere and 2 Shapes","floor":39,"turns":3},{"damage":0,"enemies":"Giant Head","floor":41,"turns":5},{"damage":2,"enemies":"Reptomancer","floor":47,"turns":3},{"damage":0,"enemies":"Time Eater","floor":50,"turns":5},{"damage":9,"enemies":"Awakened One","floor":51,"turns":7},{"damage":2,"enemies":"Shield and Spear","floor":55,"turns":4},{"damage":34,"enemies":"The Heart","floor":56,"turns":7}],"seed_played":"-3617299013883007477","potions_obtained":[{"floor":1.0,"key":"AttackPotion"},{"floor":5.0,"key":"AttackPotion"},{"floor":7.0,"key":"LiquidBronze"},{"floor":16.0,"key":"Dexterity Potion"},{"floor":33,"key":"FearPotion"},{"floor":41,"key":"Fire Potion"}],"is_trial":false,"path_per_floor":["M","$","?","?","M","R","E","R","T","M","R","M","M","T","R","B",null,"M","?","$","?","M","R","M","?","T","M","R","M","E","?","R","B",null,"M","$","?","M","M","R","E","$","T","$","R","T","E","?","R","B","B",null,"R","$","E","B",null],"character_chosen":"THE_SILENT","items_purchased":["Well Laid Plans","Membership Card","Medical Kit","Catalyst","Night Terror"],"campfire_rested":0,"item_purchase_floors":[2,20,36,36,44],"current_hp_per_floor":[59,59,59,59,59,59,59,59,59,61,61,61,57,57,57,52,67,65,65,65,65,69,69,71,71,71,75,75,79,77,77,77,79,80,82,82,82,82,84,84,86,86,86,86,86,86,86,86,86,88,79,86,86,86,88,56],"gold":36,"neow_bonus":"THREE_ENEMY_KILL","is_prod":false,"is_daily":false,"chose_seed":false,"campfire_upgraded":10,"win_rate":0,"timestamp":1570959013,"path_taken":["M","$","?","?","M","R","E","R","T","M","R","M","M","?","R","BOSS","M","?","$","?","M","R","M","?","T","M","R","?","E","?","R","BOSS","M","$","?","M","M","R","E","$","T","$","R","?","E","?","R","BOSS","BOSS","R","$","E","BOSS"],"build_version":"2019-10-11","purchased_purges":4,"victory":true,"max_hp_per_floor":[66,66,66,66,66,66,66,66,66,68,68,68,70,70,70,72,72,72,72,72,72,74,74,76,76,76,78,78,80,80,80,80,80,80,82,82,82,82,84,84,86,86,86,86,86,86,88,88,88,88,88,88,88,88,90,90],"card_choices":[{"not_picked":["Distraction","Blade Dance"],"picked":"Deadly Poison","floor":1.0},{"not_picked":["Underhanded Strike","All Out Attack"],"picked":"PiercingWail","floor":5.0},{"not_picked":["Bullet Time","Infinite Blades","Blade Dance"],"picked":"SKIP","floor":7.0},{"not_picked":["Outmaneuver","Slice","Blur"],"picked":"Singing Bowl","floor":10.0},{"not_picked":["PiercingWail","Prepared"],"picked":"Backflip","floor":12.0},{"not_picked":["Blade Dance","Dodge and Roll","Slice"],"picked":"Singing Bowl","floor":13.0},{"not_picked":["Envenom","Bullet Time","Die Die Die"],"picked":"Singing Bowl","floor":16.0},{"not_picked":["Endless Agony","Sucker Punch"],"picked":"Tactician","floor":18.0},{"not_picked":["Dagger Spray","Poisoned Stab","Backflip"],"picked":"Singing Bowl","floor":22},{"not_picked":["Slice","Cloak And Dagger","Bouncing Flask"],"picked":"Singing Bowl","floor":24},{"not_picked":["Prepared","Well Laid Plans","Bane"],"picked":"Singing Bowl","floor":27},{"not_picked":["Concentrate","Dodge and Roll","Deadly Poison"],"picked":"Singing Bowl","floor":29},{"not_picked":["Slice","Backstab"],"picked":"Calculated Gamble","floor":30},{"not_picked":["Doppelganger","Storm of Steel"],"picked":"Adrenaline","floor":33},{"not_picked":["Tactician","Deadly Poison+1","Prepared"],"picked":"Singing Bowl","floor":35},{"not_picked":["Quick Slash","Bouncing Flask"],"picked":"Footwork","floor":38},{"not_picked":["Sucker Punch","Dagger Spray","Calculated Gamble"],"picked":"Singing Bowl","floor":39},{"not_picked":["Acrobatics","Poisoned Stab","Underhanded Strike"],"picked":"Singing Bowl","floor":41},{"not_picked":["Doppelganger","Skewer+1","Venomology"],"picked":"Singing Bowl","floor":47},{"not_picked":["Dagger Spray","Poisoned Stab+1","Outmaneuver"],"picked":"Singing Bowl","floor":55}],"player_experience":1087206,"relics_obtained":[{"floor":7.0,"key":"Blood Vial"},{"floor":9.0,"key":"Singing Bowl"},{"floor":14.0,"key":"InkBottle"},{"floor":26,"key":"PreservedInsect"},{"floor":30,"key":"HornCleat"},{"floor":41,"key":"Whetstone"},{"floor":46,"key":"CeramicFish"},{"floor":47,"key":"Centennial Puzzle"},{"floor":55,"key":"TungstenRod"}],"event_choices":[{"damage_healed":0.0,"max_hp_gain":0.0,"max_hp_loss":0.0,"gold_gain":0.0,"event_name":"Liars Game","player_choice":"Ignored","floor":3.0,"gold_loss":0.0,"damage_taken":0.0},{"damage_healed":0.0,"max_hp_gain":0.0,"max_hp_loss":0.0,"gold_gain":0.0,"cards_transformed":["Strike_G"],"event_name":"Living Wall","player_choice":"Change","floor":4.0,"gold_loss":0.0,"damage_taken":0.0,"cards_obtained":["Footwork"]},{"damage_healed":0.0,"max_hp_gain":0.0,"max_hp_loss":0.0,"gold_gain":0.0,"event_name":"Vampires","player_choice":"Ignored","floor":19.0,"gold_loss":0.0,"damage_taken":0.0},{"damage_healed":0,"gold_gain":0,"player_choice":"Read","damage_taken":0,"max_hp_gain":0,"max_hp_loss":0,"event_name":"The Library","floor":21,"gold_loss":0,"cards_obtained":["Acrobatics"]},{"cards_removed":["Strike_G"],"damage_healed":0,"gold_gain":0,"player_choice":"Purged","damage_taken":0,"max_hp_gain":0,"max_hp_loss":0,"event_name":"Purifier","floor":25,"gold_loss":0},{"damage_healed":0,"gold_gain":50,"player_choice":"Stole From Cult","damage_taken":0,"max_hp_gain":0,"max_hp_loss":0,"event_name":"Nest","floor":31,"gold_loss":0},{"cards_removed":["Strike_G"],"damage_healed":0,"gold_gain":0,"player_choice":"Removed Attack","damage_taken":0,"max_hp_gain":0,"max_hp_loss":0,"event_name":"Falling","floor":37,"gold_loss":0},{"cards_removed":["Defend_G"],"damage_healed":0,"gold_gain":0,"player_choice":"Purged","damage_taken":0,"max_hp_gain":0,"max_hp_loss":0,"event_name":"Purifier","floor":48,"gold_loss":0}],"is_beta":true,"boss_relics":[{"not_picked":["Ring of the Serpent","Velvet Choker"],"picked":"Runic Pyramid"},{"not_picked":["Cursed Key","Sozu"],"picked":"Philosopher\u0027s Stone"}],"items_purged_floors":[20,36,42,54],"is_endless":false,"potions_floor_spawned":[1,5,7,16,18,22,27,33,41],"ascension_level":20}