{"gold_per_floor":[210,210,285,298,43,68,68,68,68,68,68,88,88,98,98,171,221,241,241,251,88,113,113,13,28,55,55,68,117,145,159,159,159],"floor_reached":33,"playtime":1091,"items_purged":["Strike_G","Parasite"],"score":526,"play_id":"9f274ed3-9d96-46a4-bdd4-056e56a14784","local_time":"20190923205827","is_ascension_mode":true,"campfire_choices":[{"data":"Noxious Fumes","floor":8.0,"key":"SMITH"},{"data":"Neutralize","floor":11.0,"key":"SMITH"},{"data":"Calculated Gamble","floor":13.0,"key":"SMITH"},{"data":"Bane","floor":15.0,"key":"SMITH"},{"data":"Footwork","floor":23.0,"key":"SMITH"},{"floor":27.0,"key":"REST"},{"floor":32.0,"key":"REST"}],"neow_cost":"NONE","seed_source_timestamp":102799172666246,"circlet_count":0,"master_deck":["AscendersBane","Strike_G","Strike_G","Strike_G","Defend_G","Defend_G","Defend_G+1","Defend_G+1","Defend_G+1","Survivor","Neutralize+1","Footwork+1","Noxious Fumes+1","Bane+1","Terror","Escape Plan","Calculated Gamble+1","Backflip","A Thousand Cuts+1","Heel Hook","Tactician+1"],"special_seed":0,"relics":["Ring of the Snake","War Paint","StrikeDummy","Tiny House","Medical Kit","Red Mask","Snake Skull","Omamori"],"potions_floor_usage":[33],"damage_taken":[{"damage":5.0,"enemies":"Small Slimes","floor":1.0,"turns":6.0},{"damage":0.0,"enemies":"2 Louse","floor":4.0,"turns":5.0},{"damage":31.0,"enemies":"3 Sentries","floor":6.0,"turns":10.0},{"damage":0.0,"enemies":"Jaw Worm","floor":12.0,"turns":4.0},{"damage":0.0,"enemies":"2 Fungi Beasts","floor":14.0,"turns":3.0},{"damage":12.0,"enemies":"Slime Boss","floor":16.0,"turns":9.0},{"damage":2.0,"enemies":"Shell Parasite","floor":18.0,"turns":6.0},{"damage":6.0,"enemies":"3 Byrds","floor":20.0,"turns":6.0},{"damage":30.0,"enemies":"Masked Bandits","floor":22.0,"turns":5.0},{"damage":13.0,"enemies":"Snecko","floor":25.0,"turns":6.0},{"damage":1.0,"enemies":"Centurion and Healer","floor":28.0,"turns":7.0},{"damage":23.0,"enemies":"Slavers","floor":30.0,"turns":5.0},{"damage":0.0,"enemies":"3 Cultists","floor":31.0,"turns":4.0},{"damage":25,"enemies":"Collector","floor":33,"turns":7}],"seed_played":"1516623300519243859","potions_obtained":[{"floor":1.0,"key":"Ancient Potion"},{"floor":14.0,"key":"Strength Potion"},{"floor":17.0,"key":"SkillPotion"},{"floor":22.0,"key":"LiquidBronze"},{"floor":30.0,"key":"Energy Potion"},{"floor":31.0,"key":"Block Potion"}],"is_trial":false,"path_per_floor":["M","?","?","M","$","E","?","R","T","?","R","M","R","M","R","B",null,"M","?","M","$","?","R","$","M","T","R","M","T","E","M","R","B"],"character_chosen":"THE_SILENT","items_purchased":["Noxious Fumes","Bane","Terror","Medical Kit"],"campfire_rested":2,"item_purchase_floors":[5,5,5,21],"current_hp_per_floor":[54,47,36,36,36,5,5,5,5,21,21,21,21,21,21,9,57,55,55,49,49,19,19,19,6,6,26,25,25,2,2,22,0],"gold":159,"neow_bonus":"HUNDRED_GOLD","is_prod":false,"is_daily":false,"chose_seed":false,"campfire_upgraded":5,"win_rate":0,"timestamp":1569243507,"path_taken":["M","?","?","M","$","E","?","R","T","?","R","?","R","M","R","BOSS","M","?","?","$","?","R","$","M","T","R","M","?","E","M","R","BOSS"],"build_version":"2019-09-20","purchased_purges":2,"victory":false,"max_hp_per_floor":[66,66,66,66,66,66,66,66,66,66,66,66,66,66,66,66,71,71,71,71,71,71,71,68,68,68,68,68,68,68,68,68,68],"card_choices":[{"not_picked":["Concentrate","Setup","Slice"],"picked":"SKIP","floor":1.0},{"not_picked":["Dash","Endless Agony"],"picked":"Footwork","floor":4.0},{"not_picked":["Predator","PiercingWail"],"picked":"Escape Plan","floor":6.0},{"not_picked":["Escape Plan","PiercingWail"],"picked":"Calculated Gamble","floor":12.0},{"not_picked":["Underhanded Strike","Deflect"],"picked":"Backflip","floor":14.0},{"not_picked":["Bullet Time","Burst"],"picked":"A Thousand Cuts","floor":16.0},{"not_picked":["Bouncing Flask","Cloak And Dagger"],"picked":"Heel Hook","floor":17.0},{"not_picked":["Outmaneuver","Dagger Spray"],"picked":"Tactician+1","floor":18.0},{"not_picked":["Deflect","Escape Plan","Slice"],"picked":"SKIP","floor":20.0},{"not_picked":["Cloak And Dagger","Dodge and Roll+1","PiercingWail"],"picked":"SKIP","floor":25.0},{"not_picked":["PiercingWail","Backflip","Leg Sweep"],"picked":"SKIP","floor":28.0},{"not_picked":["Burst","Poisoned Stab","Predator"],"picked":"SKIP","floor":30.0},{"not_picked":["Leg Sweep","Expertise","Flying Knee"],"picked":"SKIP","floor":31.0}],"player_experience":953119,"relics_obtained":[{"floor":6.0,"key":"War Paint"},{"floor":9.0,"key":"StrikeDummy"},{"floor":22.0,"key":"Red Mask"},{"floor":26.0,"key":"Snake Skull"},{"floor":30.0,"key":"Omamori"}],"event_choices":[{"cards_removed":["Strike_G"],"damage_healed":0.0,"max_hp_gain":0.0,"max_hp_loss":0.0,"gold_gain":0.0,"event_name":"Golden Wing","player_choice":"Card Removal","floor":2.0,"gold_loss":0.0,"damage_taken":7.0},{"damage_healed":0.0,"max_hp_gain":0.0,"max_hp_loss":0.0,"gold_gain":75.0,"event_name":"World of Goop","player_choice":"Gather Gold","floor":3.0,"gold_loss":0.0,"damage_taken":11.0},{"damage_healed":0.0,"max_hp_gain":0.0,"max_hp_loss":0.0,"gold_gain":0.0,"event_name":"Scrap Ooze","player_choice":"Fled","floor":7.0,"gold_loss":0.0,"damage_taken":0.0},{"damage_healed":16.0,"max_hp_gain":0.0,"max_hp_loss":0.0,"gold_gain":0.0,"event_name":"Mushrooms","player_choice":"Healed and dodged fight","floor":10.0,"gold_loss":0.0,"damage_taken":0.0,"cards_obtained":["Parasite"]},{"damage_healed":0.0,"max_hp_gain":0.0,"max_hp_loss":0.0,"gold_gain":0.0,"event_name":"Upgrade Shrine","player_choice":"Upgraded","floor":19.0,"gold_loss":0.0,"damage_taken":0.0,"cards_upgraded":["A Thousand Cuts"]},{"damage_healed":0.0,"max_hp_gain":0.0,"max_hp_loss":0.0,"gold_gain":0.0,"event_name":"Masked Bandits","player_choice":"Fought Bandits","floor":22.0,"gold_loss":0.0,"damage_taken":0.0}],"is_beta":true,"boss_relics":[{"not_picked":["WristBlade","Ring of the Serpent"],"picked":"Tiny House"}],"items_purged_floors":[5,24],"is_endless":false,"potions_floor_spawned":[1,14,22,30,31],"killed_by":"Collector","ascension_level":20}