{"gold_per_floor":[110,63,78,78,153,183,200,200,200,200,218,238,31,56,68,80],"floor_reached":16,"playtime":682,"items_purged":[],"score":121,"play_id":"c8ad5e54-7e7a-474c-8fed-654233634d2a","local_time":"20191009202157","is_ascension_mode":true,"campfire_choices":[{"data":"Searing Blow","floor":8,"key":"SMITH"},{"floor":10,"key":"REST"},{"floor":15,"key":"REST"}],"neow_cost":"NONE","seed_source_timestamp":383914476402700,"circlet_count":0,"master_deck":["Strike_R","Strike_R","Strike_R","Strike_R+1","Strike_R","Defend_R","Defend_R","Defend_R+1","Defend_R","Bash","Searing Blow+1","Shrug It Off","Shrug It Off","True Grit","Rampage","Juggernaut"],"relics":["Burning Blood","Letter Opener","Ornamental Fan","MealTicket","MawBank"],"potions_floor_usage":[],"damage_taken":[{"damage":1,"enemies":"Cultist","floor":1,"turns":3},{"damage":2,"enemies":"2 Louse","floor":3,"turns":3},{"damage":40,"enemies":"3 Sentries","floor":6,"turns":18},{"damage":0,"enemies":"Small Slimes","floor":7,"turns":4},{"damage":0,"enemies":"Exordium Wildlife","floor":11,"turns":3},{"damage":6,"enemies":"Looter","floor":12,"turns":4},{"damage":46,"enemies":"Gremlin Nob","floor":14,"turns":5},{"damage":58,"enemies":"Slime Boss","floor":16,"turns":8}],"seed_played":"-3013964823210440603","potions_obtained":[{"floor":7,"key":"BloodPotion"},{"floor":11,"key":"SneckoOil"},{"floor":14,"key":"GamblersBrew"}],"is_trial":false,"path_per_floor":["M","$","M","?","?","E","M","R","T","R","M","M","$","E","R","B"],"character_chosen":"IRONCLAD","items_purchased":["Shrug It Off","MealTicket"],"campfire_rested":2,"item_purchase_floors":[2,13],"current_hp_per_floor":[88,88,88,70,59,25,31,31,31,57,63,63,63,23,49,0],"gold":80,"neow_bonus":"TEN_PERCENT_HP_BONUS","is_prod":false,"is_daily":false,"chose_seed":false,"campfire_upgraded":1,"win_rate":0,"timestamp":1570645317,"path_taken":["M","?","M","?","?","E","M","R","T","R","?","M","$","E","R","BOSS"],"build_version":"2019-07-17","purchased_purges":0,"victory":false,"max_hp_per_floor":[88,88,88,88,88,88,88,88,88,88,88,88,88,88,88,88],"card_choices":[{"not_picked":["Iron Wave","Sword Boomerang"],"picked":"Searing Blow","floor":1},{"not_picked":["Anger","Cleave"],"picked":"Shrug It Off","floor":3},{"not_picked":["Havoc","Shrug It Off","Combust"],"picked":"SKIP","floor":6},{"not_picked":["Metallicize","Flex"],"picked":"True Grit","floor":7},{"not_picked":["Anger","Blood for Blood"],"picked":"Rampage","floor":11},{"not_picked":["Sword Boomerang","Body Slam","Seeing Red"],"picked":"SKIP","floor":12},{"not_picked":["Spot Weakness","Searing Blow"],"picked":"Juggernaut","floor":14}],"player_experience":274572,"relics_obtained":[{"floor":6,"key":"Letter Opener"},{"floor":9,"key":"Ornamental Fan"},{"floor":14,"key":"MawBank"}],"event_choices":[{"damage_healed":0,"gold_gain":0,"player_choice":"Entered Light","damage_taken":18,"max_hp_gain":0,"max_hp_loss":0,"event_name":"Shining Light","floor":4,"gold_loss":0,"cards_upgraded":["Defend_R","Strike_R"]},{"damage_healed":0,"gold_gain":75,"player_choice":"Gather Gold","damage_taken":11,"max_hp_gain":0,"max_hp_loss":0,"event_name":"World of Goop","floor":5,"gold_loss":0}],"is_beta":false,"boss_relics":[],"items_purged_floors":[],"is_endless":false,"potions_floor_spawned":[7,11,14],"killed_by":"Slime Boss","ascension_level":2}