{"gold_per_floor":[111,111,125,125,80,80,45,45,70,70,100,100,112,144,144,243,243,257,257,61,160,174,202,202,127,127,141,141,157,157,184,184,184],"floor_reached":33,"playtime":3285,"items_purged":[],"score":343,"play_id":"9c60691a-5073-490e-a05e-21cc0c24482b","local_time":"20191016173939","is_ascension_mode":true,"campfire_choices":[{"floor":8,"key":"REST"},{"data":"Bane","floor":12,"key":"SMITH"},{"floor":15,"key":"REST"},{"floor":24,"key":"REST"},{"floor":30,"key":"REST"},{"floor":32,"key":"REST"}],"neow_cost":"NONE","seed_source_timestamp":465029282239600,"circlet_count":0,"master_deck":["Strike_G","Strike_G","Strike_G","Strike_G","Defend_G","Defend_G","Defend_G","Defend_G","Defend_G","Survivor","Neutralize+1","Noxious Fumes+1","Bane+1","Catalyst","Accuracy","Cloak And Dagger","Backstab","Escape Plan+1","Deflect","Endless Agony","Night Terror"],"relics":["Ring of the Snake","Pocketwatch","Juzu Bracelet","Tingsha","Singing Bowl","WristBlade","Strawberry","Matryoshka","Meat on the Bone"],"potions_floor_usage":[13,18,23,23,23,23,29],"damage_taken":[{"damage":0,"enemies":"Small Slimes","floor":1,"turns":3},{"damage":4,"enemies":"2 Louse","floor":3,"turns":2},{"damage":13,"enemies":"3 Sentries","floor":11,"turns":8},{"damage":0,"enemies":"Jaw Worm","floor":13,"turns":3},{"damage":5,"enemies":"Gremlin Nob","floor":14,"turns":4},{"damage":11,"enemies":"Hexaghost","floor":16,"turns":9},{"damage":17,"enemies":"3 Byrds","floor":18,"turns":5},{"damage":6,"enemies":"Chosen","floor":22,"turns":5},{"damage":34,"enemies":"Slavers","floor":23,"turns":7},{"damage":21,"enemies":"Snecko","floor":27,"turns":5},{"damage":36,"enemies":"3 Cultists","floor":29,"turns":6},{"damage":22,"enemies":"Gremlin Leader","floor":31,"turns":8},{"damage":54,"enemies":"Automaton","floor":33,"turns":6}],"seed_played":"9013365769948646707","potions_obtained":[{"floor":11,"key":"Energy Potion"},{"floor":14,"key":"Fire Potion"},{"floor":22,"key":"EntropicBrew"},{"floor":27,"key":"SkillPotion"},{"floor":29,"key":"Ancient Potion"}],"is_trial":false,"path_per_floor":["M","$","M","?","?","$","$","R","T","?","E","R","M","E","R","B",null,"M","?","$","?","M","E","R","?","T","M","?","M","R","E","R","B"],"character_chosen":"THE_SILENT","items_purchased":["Noxious Fumes","Accuracy","Cloak And Dagger","Backstab"],"campfire_rested":5,"item_purchase_floors":[7,20,20,20],"current_hp_per_floor":[70,70,66,33,33,33,33,54,54,54,41,41,41,38,59,50,74,59,45,45,45,39,12,38,38,38,17,46,12,39,17,44,0],"gold":184,"neow_bonus":"UPGRADE_CARD","is_prod":false,"is_daily":false,"chose_seed":false,"campfire_upgraded":1,"win_rate":0,"timestamp":1571240379,"path_taken":["M","$","M","?","?","?","$","R","T","?","E","R","M","E","R","BOSS","M","?","$","?","M","E","R","?","T","M","?","M","R","E","R","BOSS"],"build_version":"2019-07-17","purchased_purges":0,"victory":false,"max_hp_per_floor":[70,70,70,70,70,70,70,70,70,70,70,70,70,72,72,74,74,76,81,81,81,81,88,88,88,88,88,88,90,90,90,90,90],"card_choices":[{"not_picked":["PiercingWail","Bane","Masterful Stab"],"picked":"SKIP","floor":1},{"not_picked":["Skewer","Eviscerate","Blur"],"picked":"SKIP","floor":3},{"not_picked":["Underhanded Strike","Deflect"],"picked":"Bane","floor":11},{"not_picked":["Dagger Throw","Backflip"],"picked":"Catalyst","floor":13},{"not_picked":["Deflect","Expertise","Sucker Punch"],"picked":"Singing Bowl","floor":14},{"not_picked":["Wraith Form v2","Die Die Die","Malaise"],"picked":"Singing Bowl","floor":16},{"not_picked":["Poisoned Stab+1","PiercingWail","Quick Slash"],"picked":"Singing Bowl","floor":18},{"not_picked":["Dagger Spray","Terror+1"],"picked":"Escape Plan+1","floor":22},{"not_picked":["Poisoned Stab","Quick Slash"],"picked":"Deflect","floor":23},{"not_picked":["Outmaneuver","Dagger Spray"],"picked":"Endless Agony","floor":27},{"not_picked":["Crippling Poison","Slice","Deadly Poison"],"picked":"Singing Bowl","floor":29},{"not_picked":["Backflip","Quick Slash"],"picked":"Night Terror","floor":31}],"player_experience":355848,"relics_obtained":[{"floor":9,"key":"Juzu Bracelet"},{"floor":11,"key":"Tingsha"},{"floor":14,"key":"Singing Bowl"},{"floor":23,"key":"Strawberry"},{"floor":26,"key":"Matryoshka"},{"floor":31,"key":"Meat on the Bone"}],"event_choices":[{"damage_healed":0,"gold_gain":0,"player_choice":"Success","damage_taken":33,"relics_obtained":["Pocketwatch"],"max_hp_gain":0,"max_hp_loss":0,"event_name":"Scrap Ooze","floor":4,"gold_loss":0},{"damage_healed":0,"gold_gain":0,"player_choice":"Left Gold","damage_taken":0,"max_hp_gain":0,"max_hp_loss":0,"event_name":"World of Goop","floor":5,"gold_loss":45},{"damage_healed":0,"gold_gain":0,"player_choice":"Grow","damage_taken":0,"max_hp_gain":0,"max_hp_loss":0,"event_name":"Living Wall","floor":10,"gold_loss":0,"cards_upgraded":["Noxious Fumes"]},{"damage_healed":0,"gold_gain":0,"player_choice":"Shed Blood","damage_taken":19,"max_hp_gain":5,"max_hp_loss":0,"event_name":"Forgotten Altar","floor":19,"gold_loss":0},{"damage_healed":0,"gold_gain":99,"player_choice":"Stole From Cult","damage_taken":0,"max_hp_gain":0,"max_hp_loss":0,"event_name":"Nest","floor":21,"gold_loss":0},{"cards_removed":["Strike_G"],"damage_healed":0,"gold_gain":0,"player_choice":"Gave Gold","damage_taken":0,"max_hp_gain":0,"max_hp_loss":0,"event_name":"Beggar","floor":25,"gold_loss":75},{"damage_healed":29,"gold_gain":0,"player_choice":"Heal","damage_taken":0,"max_hp_gain":0,"max_hp_loss":0,"event_name":"The Library","floor":28,"gold_loss":0}],"is_beta":false,"boss_relics":[{"not_picked":["Black Star","Lizard Tail"],"picked":"WristBlade"}],"items_purged_floors":[],"is_endless":false,"potions_floor_spawned":[11,14,22,27,29],"killed_by":"Automaton","ascension_level":2}