{"gold_per_floor":[119,119,119,133,147,173,173,206,275,287,300,300],"floor_reached":12,"playtime":475,"items_purged":[],"score":104,"play_id":"5d210de3-a25d-46e7-b475-8b5840c5a25a","local_time":"20190913214253","is_ascension_mode":true,"campfire_choices":[{"data":"Skim","floor":7,"key":"SMITH"}],"neow_cost":"NONE","seed_source_timestamp":169147960956500,"circlet_count":0,"master_deck":["Strike_B+1","Strike_B+1","Strike_B","Defend_B","Defend_B","Defend_B","Defend_B","Zap","Dualcast+1","Beam Cell","Go for the Eyes","Hologram","Skim+1","Go for the Eyes","Go for the Eyes","Steam Power"],"relics":["Cracked Core","Du-Vu Doll","Whetstone","Kunai"],"potions_floor_usage":[12],"damage_taken":[{"damage":0,"enemies":"Small Slimes","floor":1,"turns":2},{"damage":4,"enemies":"2 Louse","floor":4,"turns":3},{"damage":0,"enemies":"Cultist","floor":5,"turns":3},{"damage":24,"enemies":"Gremlin Nob","floor":6,"turns":4},{"damage":22,"enemies":"Lagavulin","floor":8,"turns":5},{"damage":0,"enemies":"Large Slime","floor":10,"turns":2},{"damage":15,"enemies":"Gremlin Gang","floor":11,"turns":4},{"damage":11,"enemies":"3 Sentries","floor":12,"turns":4}],"seed_played":"-660284128949187490","potions_obtained":[{"floor":4,"key":"SpeedPotion"},{"floor":6,"key":"GamblersBrew"},{"floor":10,"key":"Block Potion"}],"is_trial":false,"path_per_floor":["M","?","?","M","M","E","R","E","T","M","M","E"],"character_chosen":"DEFECT","items_purchased":[],"campfire_rested":0,"item_purchase_floors":[],"current_hp_per_floor":[82,75,75,71,71,47,47,25,25,25,10,0],"gold":300,"neow_bonus":"TEN_PERCENT_HP_BONUS","is_prod":false,"is_daily":false,"chose_seed":false,"campfire_upgraded":1,"win_rate":0,"timestamp":1568403773,"path_taken":["M","?","?","M","?","E","R","E","T","M","M","E"],"build_version":"2019-07-17","purchased_purges":0,"victory":false,"max_hp_per_floor":[82,82,82,82,82,82,82,82,82,82,82,82],"card_choices":[{"not_picked":["Turbo","Chaos"],"picked":"Beam Cell","floor":1},{"not_picked":["Fusion","Sweeping Beam"],"picked":"Go for the Eyes","floor":4},{"not_picked":["Auto Shields","Beam Cell"],"picked":"Hologram","floor":5},{"not_picked":["Reinforced Body","Machine Learning"],"picked":"Skim","floor":6},{"not_picked":["Sweeping Beam","Force Field"],"picked":"Go for the Eyes","floor":8},{"not_picked":["Consume","Barrage"],"picked":"Go for the Eyes","floor":10},{"not_picked":["Beam Cell","Conserve Battery"],"picked":"Steam Power","floor":11}],"player_experience":293819,"relics_obtained":[{"floor":6,"key":"Du-Vu Doll"},{"floor":8,"key":"Whetstone"},{"floor":9,"key":"Kunai"}],"event_choices":[{"cards_removed":["Strike_B"],"damage_healed":0,"gold_gain":0,"player_choice":"Card Removal","damage_taken":7,"max_hp_gain":0,"max_hp_loss":0,"event_name":"Golden Wing","floor":2,"gold_loss":0},{"damage_healed":0,"gold_gain":0,"player_choice":"Upgraded","damage_taken":0,"max_hp_gain":0,"max_hp_loss":0,"event_name":"Upgrade Shrine","floor":3,"gold_loss":0,"cards_upgraded":["Dualcast"]}],"is_beta":false,"boss_relics":[],"items_purged_floors":[],"is_endless":false,"potions_floor_spawned":[4,6,10],"killed_by":"3 Sentries","ascension_level":3}