{"gold_per_floor":[117,128,148,98,98,130,150,150,150,162,162,193],"floor_reached":12,"playtime":327,"items_purged":[],"score":108,"play_id":"7f67c490-9300-47df-9aae-30e785a1e2d0","local_time":"20191017120150","is_ascension_mode":true,"campfire_choices":[{"data":"Zap","floor":8,"key":"SMITH"},{"data":"Genetic Algorithm","floor":11,"key":"SMITH"}],"neow_cost":"NONE","seed_source_timestamp":534121375637799,"circlet_count":0,"master_deck":["Strike_B","Strike_B","Strike_B","Defend_B","Defend_B","Defend_B","Defend_B","Zap+1","Dualcast","Self Repair","Leap","Genetic Algorithm+1"],"relics":["Cracked Core","NeowsBlessing","Du-Vu Doll","Bird Faced Urn","StoneCalendar"],"potions_floor_usage":[],"damage_taken":[{"damage":0,"enemies":"Jaw Worm","floor":1,"turns":1},{"damage":0,"enemies":"Cultist","floor":2,"turns":1},{"damage":0,"enemies":"Small Slimes","floor":3,"turns":1},{"damage":31,"enemies":"Gremlin Nob","floor":6,"turns":5},{"damage":12,"enemies":"2 Fungi Beasts","floor":7,"turns":4},{"damage":12,"enemies":"Exordium Thugs","floor":10,"turns":6},{"damage":37,"enemies":"Lagavulin","floor":12,"turns":8}],"seed_played":"6337467816861357534","potions_obtained":[{"floor":2,"key":"Energy Potion"},{"floor":5,"key":"FairyPotion"},{"floor":5,"key":"Block Potion"}],"is_trial":false,"path_per_floor":["M","M","M","?","?","E","M","R","T","M","R","E"],"character_chosen":"DEFECT","items_purchased":[],"campfire_rested":0,"item_purchase_floors":[],"current_hp_per_floor":[75,75,75,75,75,51,46,46,46,43,43,15],"gold":193,"neow_bonus":"THREE_ENEMY_KILL","is_prod":false,"is_daily":false,"chose_seed":false,"campfire_upgraded":2,"win_rate":0,"timestamp":1571306510,"path_taken":["M","M","M","?","?","E","M","R","T","M","R","E"],"build_version":"2019-07-17","purchased_purges":0,"victory":false,"max_hp_per_floor":[75,75,75,75,75,75,75,75,75,75,75,75],"card_choices":[{"not_picked":["Cold Snap","Leap","Steam"],"picked":"SKIP","floor":1},{"not_picked":["Lockon","Glacier"],"picked":"Self Repair","floor":2},{"not_picked":["Beam Cell","Stack"],"picked":"Leap","floor":3},{"not_picked":["Rip and Tear","Coolheaded","Redo"],"picked":"SKIP","floor":6},{"not_picked":["Beam Cell","Lockon"],"picked":"Genetic Algorithm","floor":7},{"not_picked":["Hologram","Coolheaded","Go for the Eyes"],"picked":"SKIP","floor":10}],"player_experience":375377,"relics_obtained":[{"floor":6,"key":"Du-Vu Doll"},{"floor":9,"key":"Bird Faced Urn"},{"floor":12,"key":"StoneCalendar"}],"event_choices":[{"cards_removed":["Strike_B"],"damage_healed":0,"gold_gain":0,"player_choice":"Card Removal","damage_taken":0,"max_hp_gain":0,"max_hp_loss":0,"event_name":"The Cleric","floor":4,"gold_loss":50},{"damage_healed":0,"gold_gain":0,"player_choice":"Got Potions","damage_taken":0,"max_hp_gain":0,"max_hp_loss":0,"event_name":"Lab","floor":5,"gold_loss":0}],"is_beta":false,"boss_relics":[],"items_purged_floors":[],"is_endless":false,"potions_floor_spawned":[2,6,10,12],"killed_by":"Lagavulin","ascension_level":4}