{"gold_per_floor":[113,129,129,148,148,178,178,106,184,184,184,202,202,262,262,359,359,377,476,489,341,360,360],"floor_reached":23,"playtime":1746,"items_purged":["Defend_B"],"score":198,"play_id":"afbad0a9-c337-4448-8a67-9f35e99420b3","local_time":"20190919223211","is_ascension_mode":true,"campfire_choices":[{"data":"Zap","floor":7,"key":"SMITH"},{"data":"Double Energy","floor":11,"key":"SMITH"},{"data":"Lockon","floor":13,"key":"SMITH"},{"data":"Self Repair","floor":15,"key":"SMITH"}],"neow_cost":"NONE","seed_source_timestamp":457390515336600,"circlet_count":0,"master_deck":["Strike_B","Strike_B","Strike_B","Strike_B","Defend_B","Defend_B","Defend_B","Zap+1","Dualcast","Lockon+1","Double Energy+1","Sweeping Beam","Auto Shields","Glacier","Conserve Battery","Cold Snap","Self Repair+1","Machine Learning","Glacier","Loop"],"relics":["Cracked Core","NeowsBlessing","Juzu Bracelet","PreservedInsect","Darkstone Periapt","Shuriken","Inserter"],"potions_floor_usage":[12,16,22,23],"damage_taken":[{"damage":0,"enemies":"Jaw Worm","floor":1,"turns":1},{"damage":0,"enemies":"2 Louse","floor":2,"turns":1},{"damage":0,"enemies":"Small Slimes","floor":4,"turns":1},{"damage":16,"enemies":"3 Sentries","floor":6,"turns":9},{"damage":2,"enemies":"Exordium Thugs","floor":12,"turns":3},{"damage":0,"enemies":"3 Sentries","floor":14,"turns":4},{"damage":36,"enemies":"Slime Boss","floor":16,"turns":14},{"damage":1,"enemies":"Shell Parasite","floor":18,"turns":8},{"damage":0,"enemies":"Chosen","floor":20,"turns":6},{"damage":30,"enemies":"Snake Plant","floor":22,"turns":7},{"damage":62,"enemies":"Gremlin Leader","floor":23,"turns":7}],"seed_played":"3674618753487642176","potions_obtained":[{"floor":1,"key":"Poison Potion"},{"floor":6,"key":"Explosive Potion"},{"floor":16,"key":"FearPotion"},{"floor":18,"key":"Ancient Potion"},{"floor":20,"key":"Strength Potion"}],"is_trial":false,"path_per_floor":["M","M","?","M","?","E","R","$","T","?","R","M","R","?","R","B",null,"M","?","M","$","M","E"],"character_chosen":"DEFECT","items_purchased":["Glacier","Loop"],"campfire_rested":0,"item_purchase_floors":[8,21],"current_hp_per_floor":[75,75,75,75,72,56,56,56,56,56,56,54,54,54,54,28,75,75,75,75,75,55,0],"gold":360,"neow_bonus":"THREE_ENEMY_KILL","is_prod":false,"is_daily":false,"chose_seed":false,"campfire_upgraded":4,"win_rate":1,"timestamp":1568953931,"path_taken":["M","M","?","M","?","E","R","?","T","?","R","M","R","?","R","BOSS","M","?","M","$","M","E"],"build_version":"2019-07-17","purchased_purges":1,"victory":false,"max_hp_per_floor":[75,75,75,75,75,75,75,75,75,75,75,75,75,75,75,75,75,75,75,75,75,75,75],"card_choices":[{"not_picked":["Redo","Steam"],"picked":"Lockon","floor":1},{"not_picked":["Redo","Compile Driver"],"picked":"Double Energy","floor":2},{"not_picked":["Coolheaded","Chaos"],"picked":"Sweeping Beam","floor":4},{"not_picked":["Reprogram","Rainbow"],"picked":"Auto Shields","floor":6},{"not_picked":["Beam Cell","Aggregate"],"picked":"Cold Snap","floor":12},{"not_picked":["Hologram","Conserve Battery"],"picked":"Self Repair","floor":14},{"not_picked":["Seek","Fission"],"picked":"Machine Learning","floor":16},{"not_picked":["Leap","Steam"],"picked":"Glacier","floor":18},{"not_picked":["Compile Driver","Amplify","Ball Lightning"],"picked":"SKIP","floor":20},{"not_picked":["Compile Driver","Amplify","Ball Lightning"],"picked":"SKIP","floor":20},{"not_picked":["Stack","Cold Snap+1","Leap+1"],"picked":"SKIP","floor":22}],"player_experience":19996,"relics_obtained":[{"floor":6,"key":"PreservedInsect"},{"floor":9,"key":"Darkstone Periapt"},{"floor":14,"key":"Shuriken"}],"event_choices":[{"damage_healed":0,"gold_gain":0,"player_choice":"Ignored","damage_taken":0,"max_hp_gain":0,"max_hp_loss":0,"event_name":"Liars Game","floor":3,"gold_loss":0},{"damage_healed":0,"gold_gain":0,"player_choice":"Success","damage_taken":3,"relics_obtained":["Juzu Bracelet"],"max_hp_gain":0,"max_hp_loss":0,"event_name":"Scrap Ooze","floor":5,"gold_loss":0},{"damage_healed":0,"gold_gain":0,"player_choice":"1 cards matched","damage_taken":0,"max_hp_gain":0,"max_hp_loss":0,"event_name":"Match and Keep!","floor":10,"gold_loss":0,"cards_obtained":["Conserve Battery"]},{"damage_healed":0,"gold_gain":0,"player_choice":"Searched \u00271\u0027 times","damage_taken":0,"max_hp_gain":0,"max_hp_loss":0,"event_name":"Dead Adventurer","floor":14,"gold_loss":0},{"damage_healed":0,"gold_gain":99,"player_choice":"Stole From Cult","damage_taken":0,"max_hp_gain":0,"max_hp_loss":0,"event_name":"Nest","floor":19,"gold_loss":0}],"is_beta":false,"boss_relics":[{"not_picked":["FrozenCore","Runic Dome"],"picked":"Inserter"}],"items_purged_floors":[21],"is_endless":false,"potions_floor_spawned":[1,6,16,18,20],"killed_by":"Gremlin Leader","ascension_level":1}