{"gold_per_floor":[212,227,149,169,169,169,203,203,282,282,300,313,313,0,0,97,97,114,130,148,3,21,40,57,57],"floor_reached":25,"playtime":1399,"items_purged":[],"score":259,"play_id":"587d27ac-b6a4-4a1d-bd79-cd657ab05eb9","local_time":"20190209011452","is_ascension_mode":true,"campfire_choices":[{"data":"Blade Dance","floor":6,"key":"SMITH"},{"data":"Deadly Poison","floor":8,"key":"SMITH"},{"floor":10,"key":"REST"},{"floor":15,"key":"REST"}],"neow_cost":"NONE","seed_source_timestamp":2257094709902694,"circlet_count":0,"master_deck":["Defend_G","Defend_G","Defend_G","Defend_G","Defend_G","Strike_G","Strike_G+1","Strike_G","Strike_G","Strike_G","Survivor","Neutralize+1","Deadly Poison+1","Blade Dance+1","Quick Slash","Prepared","Bouncing Flask+1","Quick Slash","Envenom","Cloak And Dagger+1","Bouncing Flask+1","Flechettes+1","Corpse Explosion","Noxious Fumes+1","Slice","Sucker Punch"],"relics":["Ring of the Snake","Whetstone","Mummified Hand","Meat on the Bone","Runic Pyramid"],"potions_floor_usage":[12,16,23,24,25],"damage_taken":[{"damage":0,"enemies":"2 Louse","floor":1,"turns":4},{"damage":3,"enemies":"Jaw Worm","floor":2,"turns":4},{"damage":2,"enemies":"Cultist","floor":4,"turns":4},{"damage":21,"enemies":"3 Sentries","floor":7,"turns":10},{"damage":4,"enemies":"Blue Slaver","floor":11,"turns":3},{"damage":20,"enemies":"Large Slime","floor":12,"turns":5},{"damage":29,"enemies":"Hexaghost","floor":16,"turns":7},{"damage":0,"enemies":"Spheric Guardian","floor":18,"turns":3},{"damage":7,"enemies":"3 Byrds","floor":19,"turns":5},{"damage":17,"enemies":"Snecko","floor":20,"turns":4},{"damage":20,"enemies":"Centurion and Healer","floor":22,"turns":5},{"damage":18,"enemies":"Shelled Parasite and Fungi","floor":23,"turns":4},{"damage":2,"enemies":"Chosen and Byrds","floor":24,"turns":4},{"damage":38,"enemies":"Book of Stabbing","floor":25,"turns":4}],"seed_played":"-590575398988551255","potions_obtained":[{"floor":2,"key":"AttackPotion"},{"floor":4,"key":"LiquidBronze"},{"floor":16,"key":"Swift Potion"},{"floor":23,"key":"Strength Potion"}],"is_trial":false,"path_per_floor":["M","M","$","M","?","R","E","R","T","R","M","M","?","$","R","B",null,"M","M","M","$","M","M","M","E"],"character_chosen":"THE_SILENT","items_purchased":["GhostInAJar","Meat on the Bone","Regen Potion","Corpse Explosion"],"campfire_rested":2,"item_purchase_floors":[3,14,14,21],"current_hp_per_floor":[70,67,67,65,65,65,44,44,44,65,61,41,41,41,62,45,64,64,57,40,40,32,26,38,0],"gold":57,"neow_bonus":"HUNDRED_GOLD","is_prod":false,"is_daily":false,"chose_seed":false,"campfire_upgraded":2,"win_rate":0,"timestamp":1549667692,"path_taken":["M","M","$","M","?","R","E","R","T","R","M","M","?","$","R","BOSS","M","M","M","$","M","M","M","E"],"build_version":"2019-01-23","purchased_purges":0,"victory":false,"max_hp_per_floor":[70,70,70,70,70,70,70,70,70,70,70,70,70,70,70,70,70,70,70,70,70,70,70,70,70],"card_choices":[{"not_picked":["Sucker Punch","Backflip"],"picked":"Deadly Poison","floor":1},{"not_picked":["Underhanded Strike","Setup"],"picked":"Blade Dance","floor":2},{"not_picked":["Slice","Flechettes"],"picked":"Quick Slash","floor":4},{"not_picked":["Dagger Spray","Deflect"],"picked":"Prepared","floor":7},{"not_picked":["Dash","Quick Slash"],"picked":"Bouncing Flask","floor":11},{"not_picked":["Dagger Spray","Prepared"],"picked":"Quick Slash","floor":12},{"not_picked":["Wraith Form v2","Venomology"],"picked":"Envenom","floor":16},{"not_picked":["Riddle With Holes","Slice"],"picked":"Cloak And Dagger+1","floor":18},{"not_picked":["Blade Dance","Well Laid Plans+1"],"picked":"Bouncing Flask+1","floor":19},{"not_picked":["Dodge and Roll","Escape Plan"],"picked":"Flechettes+1","floor":20},{"not_picked":["Quick Slash","PiercingWail"],"picked":"Noxious Fumes+1","floor":22},{"not_picked":["Dodge and Roll+1","Distraction"],"picked":"Slice","floor":23},{"not_picked":["Caltrops","Predator"],"picked":"Sucker Punch","floor":24}],"player_experience":203185,"relics_obtained":[{"floor":7,"key":"Whetstone"},{"floor":9,"key":"Mummified Hand"}],"event_choices":[{"damage_healed":0,"gold_gain":0,"player_choice":"Leave","damage_taken":0,"max_hp_gain":0,"max_hp_loss":0,"event_name":"The Cleric","floor":5,"gold_loss":0},{"damage_healed":0,"gold_gain":0,"player_choice":"Grow","damage_taken":0,"max_hp_gain":0,"max_hp_loss":0,"event_name":"Living Wall","floor":13,"gold_loss":0,"cards_upgraded":["Bouncing Flask"]}],"is_beta":false,"boss_relics":[{"not_picked":["Runic Dome","WristBlade"],"picked":"Runic Pyramid"}],"items_purged_floors":[],"is_endless":false,"potions_floor_spawned":[2,4,16,22,23],"killed_by":"Book of Stabbing","ascension_level":5}