{"path_per_floor":["M","?","?","M","$","R","E","?","T","M","M","R","$","E","R","B",null,"M","?","M"],"character_chosen":"IRONCLAD","items_purchased":["Disarm"],"gold_per_floor":[118,118,68,86,46,46,76,76,76,96,114,114,39,73,73,171,171,181,181,201],"floor_reached":21,"campfire_rested":0,"playtime":1545,"current_hp_per_floor":[78,62,62,62,62,66,39,39,39,34,19,23,23,23,27,10,80,46,46,28],"items_purged":["Defend_R"],"gold":201,"play_id":"864d0275-2f34-46ed-a10e-d7bd9b561465","is_prod":false,"is_daily":false,"is_ascension_mode":true,"campfire_upgraded":1,"path_taken":["M","?","?","M","$","R","E","?","T","?","M","R","$","E","R","BOSS","M","?","M","?"],"build_version":"2018-02-01-PROD3","purchased_purges":1,"victory":false,"master_deck":["Strike_R","Strike_R","Strike_R","Strike_R","Defend_R+1","Defend_R","Defend_R","Bash+1","Perfected Strike","Fire Breathing+1","Disarm","Iron Wave+1","Sword Boomerang+1","Barricade","Second Wind+1","Brutality","Power Through","Sword Boomerang+1"],"max_hp_per_floor":[80,80,80,80,80,80,80,80,80,80,80,80,80,80,80,80,80,80,80,80],"relics":["Eternal Feather","Molten Egg 2","Girya","Bag of Preparation","Black Star"],"card_choices":[{"not_picked":["Body Slam","Burning Pact"],"picked":"Perfected Strike"},{"not_picked":["Clash","Armaments"],"picked":"Fire Breathing"},{"not_picked":["Shrug It Off","Bloodletting"],"picked":"Iron Wave"},{"not_picked":["True Grit","Impervious"],"picked":"Sword Boomerang"},{"not_picked":["Double Tap","Feed"],"picked":"Barricade"},{"not_picked":["Shrug It Off","Rampage"],"picked":"Second Wind"},{"not_picked":["Second Wind","Dual Wield"],"picked":"Sword Boomerang"}],"player_experience":90124,"potions_floor_usage":[14,14],"damage_taken":[{"damage":2,"enemies":"Jaw Worm","floor":1,"turns":6},{"damage":0,"enemies":"2 Louse","floor":4,"turns":3},{"damage":27,"enemies":"Lagavulin","floor":7,"turns":8},{"damage":5,"enemies":"Small Slimes","floor":10,"turns":3},{"damage":15,"enemies":"Exordium Wildlife","floor":11,"turns":5},{"damage":0,"enemies":"3 Sentries","floor":14,"turns":6},{"damage":17,"enemies":"The Guardian","floor":16,"turns":10},{"damage":34,"enemies":"2 Thieves","floor":18,"turns":4},{"damage":18,"enemies":"3 Byrds","floor":20,"turns":7},{"damage":36,"enemies":"Slaver and Parasite","floor":21,"turns":5}],"event_choices":[{"event_name":"Shining Light","player_choice":"Entered Light","floor":2,"damage_taken":0},{"event_name":"The Cleric","player_choice":"Card Removal","floor":3,"damage_taken":0},{"event_name":"The Woman in Blue","player_choice":"Bought 0 Potions","floor":8,"damage_taken":0},{"event_name":"Match and Keep!","player_choice":"2 cards matched","floor":19,"damage_taken":0}],"boss_relics":[{"not_picked":["Mark of Pain","Snecko Eye"],"picked":"Black Star"}],"potions_floor_spawned":[10,11,16],"seed_played":"-1084962138379398399","killed_by":"Slaver and Parasite","ascension_level":1,"is_trial":false}