{"gold_per_floor":[218,237,237,237,255,255,91,91,91,121,146,158,31,44,44,44],"floor_reached":16,"playtime":385,"items_purged":["Strike_G","Strike_G"],"score":184,"play_id":"4e8eadc0-9f8e-43c0-bdc2-85b7fd546c2b","local_time":"20190926230911","is_ascension_mode":true,"campfire_choices":[{"floor":6,"key":"RECALL"},{"data":"Deadly Poison","floor":8,"key":"SMITH"},{"data":"Bouncing Flask","floor":15,"key":"SMITH"}],"neow_cost":"NONE","seed_source_timestamp":370910874026454,"circlet_count":0,"master_deck":["AscendersBane","Strike_G","Strike_G","Strike_G","Defend_G","Defend_G","Defend_G","Defend_G","Defend_G","Survivor","Neutralize+1","Well Laid Plans","Deadly Poison+1","Calculated Gamble","Escape Plan","Bouncing Flask+1"],"relics":["Ring of the Snake","MawBank"],"potions_floor_usage":[16,16],"damage_taken":[{"damage":9,"enemies":"2 Louse","floor":1,"turns":4},{"damage":4,"enemies":"Jaw Worm","floor":2,"turns":6},{"damage":3,"enemies":"Cultist","floor":5,"turns":5},{"damage":3,"enemies":"2 Fungi Beasts","floor":10,"turns":4},{"damage":5,"enemies":"Red Slaver","floor":11,"turns":3},{"damage":0,"enemies":"Blue Slaver","floor":14,"turns":4},{"damage":20,"enemies":"Slime Boss","floor":16,"turns":8}],"seed_played":"1826717798323359360","potions_obtained":[{"floor":2,"key":"Strength Potion"},{"floor":10,"key":"Explosive Potion"}],"is_trial":false,"path_per_floor":["M","M","?","?","M","R","$","R","T","M","M","?","$","M","R","B"],"character_chosen":"THE_SILENT","items_purchased":["Well Laid Plans","Deadly Poison","Bouncing Flask"],"campfire_rested":0,"item_purchase_floors":[7,7,13],"current_hp_per_floor":[50,46,46,46,43,43,43,43,43,40,35,35,35,35,35,15],"gold":44,"neow_bonus":"HUNDRED_GOLD","is_prod":false,"is_daily":false,"chose_seed":false,"campfire_upgraded":2,"win_rate":0,"timestamp":1569510551,"path_taken":["M","M","?","?","M","R","$","R","T","M","?","?","$","M","R","BOSS"],"build_version":"2019-09-25","purchased_purges":2,"victory":false,"max_hp_per_floor":[66,66,66,66,66,66,66,66,66,66,66,66,66,66,66,66],"card_choices":[{"not_picked":["Underhanded Strike","Dash","Deadly Poison"],"picked":"SKIP","floor":1},{"not_picked":["Underhanded Strike","Prepared","Crippling Poison"],"picked":"SKIP","floor":2},{"not_picked":["Setup","Deflect","Blade Dance"],"picked":"SKIP","floor":5},{"not_picked":["Dodge and Roll","Backflip"],"picked":"Calculated Gamble","floor":10},{"not_picked":["Riddle With Holes","Prepared"],"picked":"Escape Plan","floor":11},{"not_picked":["Blade Dance","Bullet Time","Dodge and Roll"],"picked":"SKIP","floor":14}],"player_experience":1017710,"relics_obtained":[{"floor":9,"key":"MawBank"}],"event_choices":[{"damage_healed":0,"gold_gain":0,"player_choice":"Ignored","damage_taken":0,"max_hp_gain":0,"max_hp_loss":0,"event_name":"Liars Game","floor":3,"gold_loss":0},{"damage_healed":0,"gold_gain":0,"player_choice":"Upgraded","damage_taken":0,"max_hp_gain":0,"max_hp_loss":0,"event_name":"Upgrade Shrine","floor":4,"gold_loss":0,"cards_upgraded":["Neutralize"]},{"damage_healed":0,"gold_gain":0,"player_choice":"Got Potions","damage_taken":0,"max_hp_gain":0,"max_hp_loss":0,"event_name":"Lab","floor":12,"gold_loss":0}],"is_beta":true,"boss_relics":[],"items_purged_floors":[7,13],"is_endless":false,"potions_floor_spawned":[2,10,11],"killed_by":"Slime Boss","ascension_level":20}