{"path_per_floor":["M","?","M","?","M","E","M","M","T","M","M","$","M","$","R"],"character_chosen":"THE_SILENT","items_purchased":["Infinite Blades","Bane","Deflect","Noxious Fumes"],"gold_per_floor":[109,109,128,128,147,183,197,221,221,242,261,119,140,59,59],"floor_reached":16,"campfire_rested":1,"playtime":1191,"current_hp_per_floor":[70,65,60,60,58,20,20,20,20,15,9,9,9,9,28],"items_purged":[],"gold":59,"play_id":"e79a6c9e-e4e5-4010-9d2f-50335ebe1811","is_prod":false,"is_daily":false,"is_ascension_mode":false,"campfire_upgraded":0,"path_taken":["M","?","M","?","M","E","M","M","T","?","M","$","M","?","R","BOSS"],"build_version":"2018-01-25-PROD3","purchased_purges":0,"victory":false,"master_deck":["Defend_G","Defend_G","Defend_G","Defend_G","Defend_G","Strike_G","Strike_G","Strike_G","Strike_G","Strike_G","Survivor","Neutralize","Bane","Slice","Noxious Fumes+1","Terror","Blur","Dagger Throw","Deadly Poison","Deflect","Prepared","Infinite Blades","Bane","Deflect","Prepared","Noxious Fumes"],"max_hp_per_floor":[70,65,65,65,65,65,65,65,65,65,65,65,65,65,65],"relics":["Ring of the Snake","Golden Idol","Vajra","Sundial"],"card_choices":[{"not_picked":["Endless Agony","Footwork"],"picked":"Bane"},{"not_picked":["Riddle With Holes","Sucker Punch"],"picked":"Slice"},{"not_picked":["Bane","Footwork"],"picked":"Noxious Fumes"},{"not_picked":["Quick Slash","PiercingWail"],"picked":"Terror"},{"not_picked":["Slice","Eviscerate"],"picked":"Blur"},{"not_picked":["Sucker Punch","Choke"],"picked":"Dagger Throw"},{"not_picked":["Masterful Stab","All Out Attack"],"picked":"Deadly Poison"},{"not_picked":["Doppelganger","Dodge and Roll"],"picked":"Deflect"},{"not_picked":["Dagger Spray","Flying Knee"],"picked":"Prepared"},{"not_picked":["Skewer","All Out Attack"],"picked":"Prepared"}],"player_experience":13462,"potions_floor_usage":[],"damage_taken":[{"damage":0,"enemies":"Cultist","floor":1,"turns":4},{"damage":5,"enemies":"Small Slimes","floor":3,"turns":6},{"damage":2,"enemies":"Blue Slaver","floor":5,"turns":5},{"damage":38,"enemies":"Gremlin Nob","floor":6,"turns":5},{"damage":0,"enemies":"2 Fungi Beasts","floor":7,"turns":3},{"damage":0,"enemies":"Large Slime","floor":8,"turns":4},{"damage":5,"enemies":"Lots of Slimes","floor":10,"turns":4},{"damage":6,"enemies":"Exordium Thugs","floor":11,"turns":4},{"damage":0,"enemies":"2 Fungi Beasts","floor":13,"turns":4},{"damage":34,"enemies":"Slime Boss","floor":16,"turns":4}],"event_choices":[{"event_name":"Golden Idol","player_choice":"Lose Max HP","floor":2,"damage_taken":0},{"event_name":"Living Wall","player_choice":"Grow","floor":4,"damage_taken":0}],"boss_relics":[],"potions_floor_spawned":[1,7,8,13],"seed_played":"8433355912355115741","killed_by":"Slime Boss","ascension_level":0,"is_trial":false}