{"gold_per_floor":[116,127,0,12,12,46,46,75,75,93,93,113,147,147,147,245,245,257,274,25,43,55,55],"floor_reached":23,"playtime":1165,"items_purged":["Strike_B","Strike_B"],"score":298,"play_id":"6da7ced6-c862-41b6-bcd1-791d8c0368ea","local_time":"20191012205853","is_ascension_mode":true,"campfire_choices":[{"data":"Dualcast","floor":7,"key":"SMITH"},{"data":"Conserve Battery","floor":11,"key":"SMITH"},{"floor":15,"key":"REST"}],"neow_cost":"NONE","seed_source_timestamp":93005866109300,"circlet_count":0,"master_deck":["Strike_B+1","Strike_B","Defend_B","Defend_B+1","Defend_B","Defend_B+1","Zap","Dualcast+1","Cold Snap","Rebound","Conserve Battery+1","Go for the Eyes+1","Double Energy","Skim","Sweeping Beam","Hologram","Creative AI","Echo Form","Ball Lightning+1","Tempest","Leap"],"relics":["Cracked Core","Bronze Scales","Boot","Letter Opener","Whetstone","Omamori","War Paint","Philosopher\u0027s Stone","Anchor"],"potions_floor_usage":[23],"damage_taken":[{"damage":0,"enemies":"Small Slimes","floor":1,"turns":2},{"damage":5,"enemies":"Jaw Worm","floor":2,"turns":3},{"damage":1,"enemies":"2 Louse","floor":4,"turns":2},{"damage":21,"enemies":"Lagavulin","floor":6,"turns":8},{"damage":14,"enemies":"3 Sentries","floor":8,"turns":9},{"damage":3,"enemies":"Looter","floor":10,"turns":3},{"damage":6,"enemies":"Exordium Wildlife","floor":12,"turns":2},{"damage":16,"enemies":"Lagavulin","floor":13,"turns":7},{"damage":11,"enemies":"The Guardian","floor":16,"turns":12},{"damage":16,"enemies":"2 Thieves","floor":18,"turns":4},{"damage":4,"enemies":"Chosen","floor":19,"turns":3},{"damage":6,"enemies":"Snecko","floor":21,"turns":4},{"damage":21,"enemies":"Sentry and Sphere","floor":22,"turns":4},{"damage":26,"enemies":"Slavers","floor":23,"turns":3}],"seed_played":"161145774205915798","potions_obtained":[{"floor":4,"key":"LiquidBronze"},{"floor":6,"key":"SteroidPotion"},{"floor":12,"key":"GamblersBrew"}],"is_trial":false,"path_per_floor":["M","M","$","M","?","E","R","E","T","M","R","M","E","?","R","B",null,"M","M","$","M","M","E"],"character_chosen":"DEFECT","items_purchased":["Conserve Battery","Anchor"],"campfire_rested":1,"item_purchase_floors":[3,20],"current_hp_per_floor":[68,63,63,62,62,41,41,27,27,24,24,18,2,2,24,13,60,44,40,40,34,13,0],"gold":55,"neow_bonus":"RANDOM_COMMON_RELIC","is_prod":false,"is_daily":false,"chose_seed":false,"campfire_upgraded":2,"win_rate":0,"timestamp":1570906733,"path_taken":["M","M","$","M","?","E","R","E","T","M","R","M","E","?","R","BOSS","M","M","$","M","M","E"],"build_version":"2019-07-17","purchased_purges":2,"victory":false,"max_hp_per_floor":[75,75,75,75,75,75,75,75,75,75,75,75,75,75,75,75,75,75,75,75,75,75,75],"card_choices":[{"not_picked":["Redo","Heatsinks"],"picked":"Cold Snap","floor":1},{"not_picked":["Reprogram","Blizzard"],"picked":"Rebound","floor":2},{"not_picked":["Scrape","Redo"],"picked":"Go for the Eyes","floor":4},{"not_picked":["Amplify","Go for the Eyes"],"picked":"Double Energy","floor":6},{"not_picked":["Redo","Rebound"],"picked":"Skim","floor":8},{"not_picked":["Force Field","Cold Snap"],"picked":"Sweeping Beam","floor":10},{"not_picked":["Storm","Rebound"],"picked":"Hologram","floor":12},{"not_picked":["Gash","Stack"],"picked":"Creative AI","floor":13},{"not_picked":["Multi-Cast","Creative AI"],"picked":"Echo Form","floor":16},{"not_picked":["Aggregate+1","Redo"],"picked":"Ball Lightning+1","floor":18},{"not_picked":["Fusion","Genetic Algorithm+1"],"picked":"Tempest","floor":19},{"not_picked":["Ball Lightning+1","Conserve Battery"],"picked":"Leap","floor":21},{"not_picked":["Go for the Eyes","Rebound","Lockon+1"],"picked":"SKIP","floor":22}],"player_experience":391621,"relics_obtained":[{"floor":6,"key":"Boot"},{"floor":8,"key":"Letter Opener"},{"floor":9,"key":"Whetstone"},{"floor":13,"key":"Omamori"}],"event_choices":[{"damage_healed":0,"gold_gain":0,"player_choice":"Ignored","damage_taken":0,"max_hp_gain":0,"max_hp_loss":0,"event_name":"Liars Game","floor":5,"gold_loss":0},{"damage_healed":0,"gold_gain":0,"player_choice":"Searched \u00272\u0027 times","damage_taken":0,"relics_obtained":["War Paint"],"max_hp_gain":0,"max_hp_loss":0,"event_name":"Dead Adventurer","floor":14,"gold_loss":0}],"is_beta":false,"boss_relics":[{"not_picked":["Calling Bell","Pandora\u0027s Box"],"picked":"Philosopher\u0027s Stone"}],"items_purged_floors":[3,20],"is_endless":false,"potions_floor_spawned":[4,6,12,16,19],"killed_by":"Slavers","ascension_level":8}