{"gold_per_floor":[112,21,21,21,34,73,73,73,73,73,112,112,112,128,128,252,252,243,257,257,182,207,207,207,228,228,228,252,252,275,288,288,416,416,439,439,439,30,51,66,66,191,216,67,67,88,112,128,128,128,128,128,3,37,37],"floor_reached":55,"playtime":4077,"items_purged":["Strike_B","Defend_B","Strike_B"],"score":812,"play_id":"1d05371f-c595-4b27-a147-1f43483262b1","local_time":"20191020124733","is_ascension_mode":true,"campfire_choices":[{"floor":7,"key":"REST"},{"data":"Dualcast","floor":10,"key":"SMITH"},{"floor":13,"key":"REST"},{"data":"Hologram","floor":15,"key":"SMITH"},{"data":"Hologram","floor":24,"key":"SMITH"},{"floor":27,"key":"REST"},{"data":"Gash","floor":29,"key":"SMITH"},{"data":"Finesse","floor":32,"key":"SMITH"},{"floor":41,"key":"REST"},{"floor":49,"key":"RECALL"},{"data":"Seek","floor":52,"key":"SMITH"}],"neow_cost":"NONE","seed_source_timestamp":792317402783500,"circlet_count":0,"master_deck":["Defend_B","Defend_B","Zap+1","Dualcast+1","Beam Cell","Finesse+1","FTL","Leap","Beam Cell+1","Hologram+1","All For One+1","BootSequence","Gash+1","Loop","Hologram+1","Seek+1","Reprogram+1","Gash+1","BootSequence","Madness","Madness","Streamline+1","Hologram+1","Beam Cell","Gash","Double Energy"],"relics":["Cracked Core","Golden Idol","Anchor","Meat on the Bone","FossilizedHelix","Empty Cage","Gremlin Horn","PreservedInsect","Thread and Needle","Bag of Preparation","Whetstone"],"potions_floor_usage":[7,16,25,30,33,40,55],"damage_taken":[{"damage":5,"enemies":"2 Louse","floor":1,"turns":2},{"damage":5,"enemies":"Small Slimes","floor":5,"turns":2},{"damage":33,"enemies":"3 Sentries","floor":6,"turns":8},{"damage":29,"enemies":"Lagavulin","floor":11,"turns":6},{"damage":0,"enemies":"Cultist","floor":14,"turns":3},{"damage":42,"enemies":"Hexaghost","floor":16,"turns":11},{"damage":0,"enemies":"2 Thieves","floor":18,"turns":4},{"damage":0,"enemies":"Shell Parasite","floor":19,"turns":4},{"damage":8,"enemies":"Shelled Parasite and Fungi","floor":22,"turns":4},{"damage":10,"enemies":"Cultist and Chosen","floor":25,"turns":6},{"damage":0,"enemies":"Snake Plant","floor":28,"turns":3},{"damage":0,"enemies":"Snecko","floor":30,"turns":5},{"damage":0,"enemies":"Cultist and Chosen","floor":31,"turns":5},{"damage":57,"enemies":"Champ","floor":33,"turns":9},{"damage":0,"enemies":"Orb Walker","floor":35,"turns":3},{"damage":0,"enemies":"3 Darklings","floor":39,"turns":4},{"damage":48,"enemies":"Maw","floor":40,"turns":9},{"damage":14,"enemies":"Mind Bloom Boss Battle","floor":42,"turns":5},{"damage":0,"enemies":"Spire Growth","floor":46,"turns":4},{"damage":0,"enemies":"4 Shapes","floor":47,"turns":4},{"damage":0,"enemies":"Sphere and 2 Shapes","floor":48,"turns":2},{"damage":34,"enemies":"Awakened One","floor":50,"turns":6},{"damage":0,"enemies":"Shield and Spear","floor":54,"turns":2},{"damage":113,"enemies":"The Heart","floor":55,"turns":5}],"seed_played":"-7294709308000225070","potions_obtained":[{"floor":6,"key":"Fruit Juice"},{"floor":11,"key":"FearPotion"},{"floor":14,"key":"Poison Potion"},{"floor":16,"key":"Ancient Potion"},{"floor":19,"key":"FairyPotion"},{"floor":25,"key":"Swift Potion"},{"floor":31,"key":"AttackPotion"},{"floor":35,"key":"Weak Potion"},{"floor":47,"key":"Explosive Potion"}],"is_trial":false,"path_per_floor":["M","$","?","$","M","E","R","?","T","R","E","?","R","M","R","B",null,"M","M","?","$","M","?","R","M","T","R","M","R","M","M","R","B",null,"M","?","?","$","M","M","R","?","T","$","?","M","M","M","R","B",null,"R","$","E","B"],"character_chosen":"DEFECT","items_purchased":["Finesse","Gremlin Horn","PreservedInsect","Beam Cell"],"campfire_rested":4,"item_purchase_floors":[2,38,38,44],"current_hp_per_floor":[70,70,69,69,64,31,56,56,56,56,39,39,61,61,61,31,74,74,74,58,58,50,50,50,40,40,62,62,62,62,62,62,17,74,74,74,65,65,65,29,51,49,49,49,65,65,65,65,65,43,65,65,65,65,0],"gold":37,"neow_bonus":"THREE_CARDS","is_prod":false,"is_daily":false,"chose_seed":false,"campfire_upgraded":6,"win_rate":0,"timestamp":1571568453,"path_taken":["M","$","?","$","M","E","R","?","T","R","E","?","R","?","R","BOSS","M","M","?","$","M","?","R","M","T","R","M","R","?","M","R","BOSS","M","?","?","$","M","M","R","?","T","$","?","M","?","M","R","BOSS","R","$","E","BOSS"],"build_version":"2019-07-17","purchased_purges":3,"victory":false,"max_hp_per_floor":[75,75,69,69,69,69,74,74,74,74,74,74,74,74,74,74,74,74,74,74,74,74,74,74,74,74,74,74,74,74,74,74,74,74,74,74,74,74,74,74,74,74,74,74,65,65,65,65,65,65,65,65,65,65,65],"card_choices":[{"not_picked":["Leap","Stack"],"picked":"Beam Cell","floor":1},{"not_picked":["Coolheaded","Steam"],"picked":"FTL","floor":5},{"not_picked":["Blizzard","Chill"],"picked":"Leap","floor":6},{"not_picked":["Streamline","Darkness"],"picked":"Beam Cell","floor":11},{"not_picked":["Steam","White Noise"],"picked":"Hologram","floor":14},{"not_picked":["Electrodynamics","Reboot"],"picked":"All For One","floor":16},{"not_picked":["White Noise","Steam Power"],"picked":"BootSequence","floor":18},{"not_picked":["Undo","Auto Shields+1"],"picked":"Gash+1","floor":19},{"not_picked":["Capacitor","Undo"],"picked":"Loop","floor":22},{"not_picked":["Hologram","Coolheaded"],"picked":"Reprogram+1","floor":25},{"not_picked":["Cold Snap+1","Hologram"],"picked":"Gash","floor":28},{"not_picked":["Compile Driver","Cold Snap","Barrage"],"picked":"SKIP","floor":30},{"not_picked":["Chill","Stack","Amplify"],"picked":"SKIP","floor":31},{"not_picked":["Skim","Coolheaded+1"],"picked":"BootSequence","floor":35},{"not_picked":["Chill","Static Discharge+1"],"picked":"Streamline+1","floor":39},{"not_picked":["Steam Power","Streamline+1"],"picked":"Hologram+1","floor":40},{"not_picked":["Steam+1","Skim+1"],"picked":"Gash","floor":46},{"not_picked":["BootSequence+1","Turbo","Ball Lightning+1"],"picked":"SKIP","floor":47},{"not_picked":["Conserve Battery","Coolheaded"],"picked":"Double Energy","floor":48},{"not_picked":["Multi-Cast","Sweeping Beam+1","Streamline"],"picked":"SKIP","floor":54}],"player_experience":397240,"relics_obtained":[{"floor":6,"key":"Anchor"},{"floor":9,"key":"Meat on the Bone"},{"floor":11,"key":"FossilizedHelix"},{"floor":42,"key":"Thread and Needle"},{"floor":43,"key":"Bag of Preparation"},{"floor":54,"key":"Whetstone"}],"event_choices":[{"damage_healed":0,"gold_gain":0,"player_choice":"Lose Max HP","damage_taken":0,"relics_obtained":["Golden Idol"],"max_hp_gain":0,"max_hp_loss":6,"event_name":"Golden Idol","floor":3,"gold_loss":0},{"damage_healed":0,"gold_gain":0,"player_choice":"Grow","damage_taken":0,"max_hp_gain":0,"max_hp_loss":0,"event_name":"Living Wall","floor":8,"gold_loss":0,"cards_upgraded":["Zap"]},{"cards_removed":["Strike_B"],"damage_healed":0,"gold_gain":0,"player_choice":"Offered Basic","damage_taken":0,"max_hp_gain":0,"max_hp_loss":0,"event_name":"Bonfire Elementals","floor":12,"gold_loss":0},{"damage_healed":0,"gold_gain":0,"player_choice":"Obtained Book","damage_taken":16,"max_hp_gain":0,"max_hp_loss":0,"event_name":"Cursed Tome","floor":20,"gold_loss":0},{"damage_healed":0,"gold_gain":0,"player_choice":"2 cards matched","damage_taken":0,"max_hp_gain":0,"max_hp_loss":0,"event_name":"Match and Keep!","floor":23,"gold_loss":0,"cards_obtained":["Hologram","Seek"]},{"damage_healed":0,"gold_gain":0,"player_choice":"Ignored","damage_taken":0,"max_hp_gain":0,"max_hp_loss":0,"event_name":"Tomb of Lord Red Mask","floor":36,"gold_loss":0},{"damage_healed":0,"gold_gain":0,"player_choice":"Embrace Madness","damage_taken":9,"max_hp_gain":0,"max_hp_loss":0,"event_name":"Winding Halls","floor":37,"gold_loss":0,"cards_obtained":["Madness","Madness"]},{"damage_healed":0,"gold_gain":0,"player_choice":"Fight","damage_taken":0,"max_hp_gain":0,"max_hp_loss":0,"event_name":"MindBloom","floor":42,"gold_loss":0},{"damage_healed":65,"gold_gain":0,"player_choice":"Heal","damage_taken":0,"max_hp_gain":0,"max_hp_loss":9,"event_name":"The Moai Head","floor":45,"gold_loss":0}],"is_beta":false,"boss_relics":[{"not_picked":["Snecko Eye","Busted Crown","Ectoplasm"]},{"not_picked":["Coffee Dripper","Fusion Hammer"],"picked":"Empty Cage"}],"items_purged_floors":[21,44,53],"is_endless":false,"potions_floor_spawned":[6,11,14,16,19,25,31,35,47],"killed_by":"The Heart","ascension_level":4}