{"gold_per_floor":[109,34,45,57,57,57,68,97,169,201,201,237,237,253,253,253],"floor_reached":16,"playtime":537,"items_purged":["Strike_B"],"score":174,"play_id":"4f89ed8d-c07b-4669-a2b5-7eca647e2ba6","local_time":"20191013201703","is_ascension_mode":true,"campfire_choices":[{"data":"Sweeping Beam","floor":6,"key":"SMITH"},{"data":"1","floor":13,"key":"LIFT"},{"data":"2","floor":15,"key":"LIFT"}],"neow_cost":"NONE","seed_source_timestamp":177525695860200,"circlet_count":0,"master_deck":["Strike_B","Strike_B","Strike_B","Defend_B","Defend_B","Defend_B","Defend_B","Zap","Dualcast","Sweeping Beam","Leap","Sweeping Beam+1","Go for the Eyes","Reinforced Body","Glacier","Darkness","Streamline"],"relics":["Cracked Core","Girya","Bottled Lightning","Boot","Golden Idol","Gremlin Horn"],"potions_floor_usage":[8],"damage_taken":[{"damage":1,"enemies":"Cultist","floor":1,"turns":3},{"damage":0,"enemies":"Small Slimes","floor":3,"turns":3},{"damage":0,"enemies":"2 Louse","floor":4,"turns":3},{"damage":0,"enemies":"Large Slime","floor":7,"turns":4},{"damage":24,"enemies":"Lagavulin","floor":8,"turns":6},{"damage":16,"enemies":"3 Sentries","floor":10,"turns":6},{"damage":19,"enemies":"Lagavulin","floor":12,"turns":8},{"damage":0,"enemies":"3 Louse","floor":14,"turns":3},{"damage":25,"enemies":"Slime Boss","floor":16,"turns":4}],"seed_played":"3573962369490480622","potions_obtained":[{"floor":1,"key":"AttackPotion"},{"floor":4,"key":"SpeedPotion"},{"floor":12,"key":"GamblersBrew"}],"is_trial":false,"path_per_floor":["M","$","M","M","?","R","M","E","T","E","?","E","R","M","R","B"],"character_chosen":"DEFECT","items_purchased":[],"campfire_rested":0,"item_purchase_floors":[],"current_hp_per_floor":[74,74,74,74,74,74,74,50,50,34,34,15,15,15,15,0],"gold":253,"neow_bonus":"TEN_PERCENT_HP_BONUS","is_prod":false,"is_daily":false,"chose_seed":false,"campfire_upgraded":1,"win_rate":0,"timestamp":1570990623,"path_taken":["M","$","M","?","?","R","M","E","T","E","?","E","R","M","R","BOSS"],"build_version":"2019-07-17","purchased_purges":1,"victory":false,"max_hp_per_floor":[82,82,82,82,82,82,82,82,82,82,76,76,76,76,76,76],"card_choices":[{"not_picked":["Reinforced Body","Barrage"],"picked":"Sweeping Beam","floor":1},{"not_picked":["Hologram","Barrage"],"picked":"Leap","floor":3},{"not_picked":["Redo","Leap"],"picked":"Sweeping Beam","floor":4},{"not_picked":["Skim","Redo"],"picked":"Go for the Eyes","floor":7},{"not_picked":["Self Repair","Genetic Algorithm"],"picked":"Reinforced Body","floor":8},{"not_picked":["Barrage","Reprogram"],"picked":"Glacier","floor":10},{"not_picked":["Hologram","All For One"],"picked":"Darkness","floor":12},{"not_picked":["Turbo","Rebound"],"picked":"Streamline","floor":14}],"player_experience":416002,"relics_obtained":[{"floor":8,"key":"Girya"},{"floor":9,"key":"Bottled Lightning"},{"floor":10,"key":"Boot"},{"floor":12,"key":"Gremlin Horn"}],"event_choices":[{"damage_healed":0,"gold_gain":0,"player_choice":"Ignored","damage_taken":0,"max_hp_gain":0,"max_hp_loss":0,"event_name":"Liars Game","floor":5,"gold_loss":0},{"damage_healed":0,"gold_gain":0,"player_choice":"Lose Max HP","damage_taken":0,"relics_obtained":["Golden Idol"],"max_hp_gain":0,"max_hp_loss":6,"event_name":"Golden Idol","floor":11,"gold_loss":0}],"is_beta":false,"boss_relics":[],"items_purged_floors":[2],"is_endless":false,"potions_floor_spawned":[1,4,12],"killed_by":"Slime Boss","ascension_level":9}