{"gold_per_floor":[114,134,184,199,124,150,150,182,182,11,11,39,50,61,61,140,140,154,172,97,97,116,116,145,145],"floor_reached":25,"playtime":547,"items_purged":["Strike_B"],"score":482,"play_id":"69f501fa-9f08-4b8f-928e-14c259c1ee82","local_time":"20190927144501","is_ascension_mode":true,"campfire_choices":[{"data":"Zap","floor":7,"key":"SMITH"},{"floor":11,"key":"REST"},{"data":"Dualcast","floor":15,"key":"SMITH"},{"data":"Defragment","floor":23,"key":"SMITH"}],"neow_cost":"NONE","seed_source_timestamp":426881644059302,"circlet_count":0,"master_deck":["AscendersBane","Strike_B","Strike_B","Defend_B","Defend_B","Defend_B","Defend_B","Zap+1","Dualcast+1","Capacitor","Cold Snap","Tempest","Coolheaded","Undo","Electrodynamics","Compile Driver","Rainbow","Sunder","Core Surge","Hologram","Defragment+1","Turbo","Conserve Battery","Fusion"],"special_seed":0,"relics":["Cracked Core","NeowsBlessing","Cables","Mercury Hourglass","Meat on the Bone","Strawberry","Philosopher\u0027s Stone","Dream Catcher"],"potions_floor_usage":[6,12,16,24],"damage_taken":[{"damage":0.0,"enemies":"Jaw Worm","floor":1.0,"turns":1.0},{"damage":0.0,"enemies":"Cultist","floor":2.0,"turns":1.0},{"damage":0,"enemies":"2 Louse","floor":4,"turns":1},{"damage":28,"enemies":"Gremlin Nob","floor":6,"turns":4},{"damage":28,"enemies":"Lagavulin","floor":8,"turns":5},{"damage":20,"enemies":"Gremlin Nob","floor":12,"turns":4},{"damage":3,"enemies":"Exordium Wildlife","floor":13,"turns":3},{"damage":10,"enemies":"Large Slime","floor":14,"turns":3},{"damage":15,"enemies":"Hexaghost","floor":16,"turns":8},{"damage":35,"enemies":"Shell Parasite","floor":18,"turns":4},{"damage":0,"enemies":"3 Byrds","floor":19,"turns":1},{"damage":3,"enemies":"Snecko","floor":22,"turns":3},{"damage":36,"enemies":"Slavers","floor":24,"turns":3},{"damage":19,"enemies":"Snake Plant","floor":25,"turns":2}],"seed_played":"5586787585699534532","potions_obtained":[{"floor":2.0,"key":"FearPotion"},{"floor":8,"key":"SkillPotion"},{"floor":14,"key":"PotionOfCapacity"},{"floor":16,"key":"DuplicationPotion"},{"floor":18,"key":"Dexterity Potion"}],"is_trial":false,"path_per_floor":["M","M","?","M","?","E","R","E","T","$","R","E","M","M","R","B",null,"M","M","$","?","M","R","E","M"],"character_chosen":"DEFECT","items_purchased":["Electrodynamics"],"campfire_rested":1,"item_purchase_floors":[10],"current_hp_per_floor":[64,64,57,57,57,29,29,1,1,1,22,21,30,32,32,29,66,43,43,43,43,40,40,16,0],"gold":145,"neow_bonus":"THREE_ENEMY_KILL","is_prod":false,"is_daily":false,"chose_seed":false,"campfire_upgraded":3,"win_rate":0,"timestamp":1569566701,"path_taken":["M","M","?","?","?","E","R","E","T","$","R","E","M","M","R","BOSS","M","M","$","?","M","R","E","M"],"build_version":"2019-09-26","purchased_purges":1,"victory":false,"max_hp_per_floor":[71,71,71,71,71,71,71,71,71,71,71,78,78,78,78,78,78,78,78,78,78,78,78,78,78],"card_choices":[{"not_picked":["Steam","Doom and Gloom"],"picked":"Capacitor","floor":1.0},{"not_picked":["Hello World","Stack"],"picked":"Cold Snap","floor":2.0},{"not_picked":["Sweeping Beam","Barrage"],"picked":"Tempest","floor":4},{"not_picked":["Beam Cell","FTL"],"picked":"Coolheaded","floor":6},{"not_picked":["Coolheaded","Double Energy"],"picked":"Undo","floor":8},{"not_picked":["Go for the Eyes","Undo"],"picked":"Compile Driver","floor":12},{"not_picked":["Hologram","Conserve Battery"],"picked":"Rainbow","floor":13},{"not_picked":["Go for the Eyes","Cold Snap"],"picked":"Sunder","floor":14},{"not_picked":["Reboot","Echo Form"],"picked":"Core Surge","floor":16},{"not_picked":["Streamline","Ball Lightning"],"picked":"Hologram","floor":18},{"not_picked":["Sweeping Beam","Rebound"],"picked":"Defragment","floor":19},{"not_picked":["Rebound","Steam"],"picked":"Conserve Battery","floor":22},{"not_picked":["Beam Cell","Steam"],"picked":"Fusion","floor":24}],"player_experience":1026005,"relics_obtained":[{"floor":6,"key":"Cables"},{"floor":8,"key":"Mercury Hourglass"},{"floor":9,"key":"Meat on the Bone"},{"floor":12,"key":"Strawberry"},{"floor":24,"key":"Dream Catcher"}],"event_choices":[{"damage_healed":0,"gold_gain":50,"player_choice":"Touch","damage_taken":7,"max_hp_gain":0,"max_hp_loss":0,"event_name":"FaceTrader","floor":3,"gold_loss":0},{"cards_removed":["Strike_B"],"damage_healed":0,"gold_gain":0,"player_choice":"Card Removal","damage_taken":0,"max_hp_gain":0,"max_hp_loss":0,"event_name":"The Cleric","floor":5,"gold_loss":75},{"damage_healed":0,"gold_gain":0,"player_choice":"Read","damage_taken":0,"max_hp_gain":0,"max_hp_loss":0,"event_name":"The Library","floor":21,"gold_loss":0,"cards_obtained":["Turbo"]}],"is_beta":true,"boss_relics":[{"not_picked":["Busted Crown","SacredBark"],"picked":"Philosopher\u0027s Stone"}],"items_purged_floors":[20],"is_endless":false,"potions_floor_spawned":[2,8,14,16,18],"killed_by":"Snake Plant","ascension_level":20}