{"path_per_floor":["M","M","M","?","?","R","M","R","T","R","E","M","$","E","R","B",null,"M","$","?","?","?","E","R","E","T","M"],"character_chosen":"IRONCLAD","items_purchased":["Inflame"],"gold_per_floor":[112,122,133,133,133,133,148,148,148,148,177,197,51,115,115,214,214,234,134,134,34,284,309,309,335,335,354],"floor_reached":28,"campfire_rested":1,"playtime":1744,"current_hp_per_floor":[73,60,58,58,42,42,42,42,56,56,43,31,31,13,56,38,94,94,94,94,94,94,85,85,9,9,6],"items_purged":["Strike_R","Strike_R"],"gold":354,"play_id":"2fafff64-49a0-4f7c-9a06-b88ac6dcce5b","is_prod":false,"is_daily":false,"is_ascension_mode":false,"campfire_upgraded":4,"path_taken":["M","M","M","?","?","R","M","R","T","R","E","M","$","E","R","BOSS","M","$","?","?","?","E","R","E","T","M","M"],"build_version":"2018-01-25-PROD3","purchased_purges":2,"victory":false,"master_deck":["Strike_R+1","Strike_R+1","Defend_R+1","Defend_R+1","Defend_R+1","Defend_R+1","Bash","Heavy Blade+1","Shrug It Off","Shrug It Off+1","Whirlwind+1","Inflame+1","Inflame","Double Tap+1","J.A.X.","Regret"],"max_hp_per_floor":[80,80,80,80,80,80,80,80,94,94,94,94,94,94,94,94,94,94,94,94,94,94,94,94,94,94,94],"relics":["Black Star","Mango","Juzu Bracelet","Regal Pillow","Lantern","Tiny Chest","Mark of Pain","Pen Nib","Blood Vial","Torii","Frozen Eye","Charon\u0027s Ashes"],"card_choices":[{"not_picked":["Rampage","Body Slam"],"picked":"Heavy Blade"},{"not_picked":["Clash","Infernal Blade"],"picked":"Shrug It Off"},{"not_picked":["Warcry","Sword Boomerang"],"picked":"Shrug It Off"},{"not_picked":["Heavy Blade","Dark Embrace"],"picked":"Inflame"},{"not_picked":["Reaper","Offering"],"picked":"Double Tap"}],"player_experience":53578,"potions_floor_usage":[14,14,28],"damage_taken":[{"damage":7,"enemies":"2 Louse","floor":1,"turns":4},{"damage":13,"enemies":"Blue Slaver","floor":2,"turns":5},{"damage":2,"enemies":"Cultist","floor":3,"turns":6},{"damage":0,"enemies":"Looter","floor":7,"turns":4},{"damage":13,"enemies":"3 Sentries","floor":11,"turns":4},{"damage":12,"enemies":"Exordium Thugs","floor":12,"turns":5},{"damage":18,"enemies":"Lagavulin","floor":14,"turns":4},{"damage":18,"enemies":"Slime Boss","floor":16,"turns":9},{"damage":0,"enemies":"Spheric Guardian","floor":18,"turns":3},{"damage":9,"enemies":"Book of Stabbing","floor":23,"turns":4},{"damage":78,"enemies":"Slavers","floor":25,"turns":8},{"damage":5,"enemies":"Shell Parasite","floor":27,"turns":3},{"damage":12,"enemies":"3 Cultists","floor":28,"turns":2}],"event_choices":[{"event_name":"Transmorgrifier","player_choice":"Transform","floor":4,"damage_taken":0},{"event_name":"Shining Light","player_choice":"Entered Light","floor":5,"damage_taken":0},{"event_name":"Back to Basics","player_choice":"Simplicity","floor":20,"damage_taken":0},{"event_name":"Drug Dealer","player_choice":"Got JAXXED","floor":21,"damage_taken":0},{"event_name":"Golden Shrine","player_choice":"Desecrate","floor":22,"damage_taken":0}],"boss_relics":[{"not_picked":["White Beast Statue","Lizard Tail"],"picked":"Mark of Pain"}],"potions_floor_spawned":[1,11,12,16,25,27],"seed_played":"2167844975725436184","killed_by":"3 Cultists","ascension_level":0,"is_trial":false}