{"gold_per_floor":[117,117,117,134,134,162,82,82,109,36,49,49,76,76,76,174,174,189,107,157,171,171],"floor_reached":22,"playtime":732,"items_purged":[],"score":207,"play_id":"0412692e-c1a7-495b-8582-37afc2ff7cd1","local_time":"20191016211141","is_ascension_mode":true,"campfire_choices":[{"floor":8,"key":"REST"},{"data":"White Noise","floor":12,"key":"SMITH"},{"floor":15,"key":"REST"}],"neow_cost":"NONE","seed_source_timestamp":480304706088800,"circlet_count":0,"master_deck":["Strike_B","Strike_B","Strike_B","Strike_B","Defend_B","Defend_B","Defend_B","Defend_B+1","Zap+1","Dualcast","Biased Cognition","Defragment+1","Chaos","White Noise+1","Storm","Heatsinks","Leap","Gash","Electrodynamics","Reprogram","Sunder","Force Field","Consume+1","Storm","Conserve Battery"],"relics":["Cracked Core","Du-Vu Doll","Odd Mushroom","Orrery"],"potions_floor_usage":[16,22],"damage_taken":[{"damage":2,"enemies":"Jaw Worm","floor":1,"turns":3},{"damage":7,"enemies":"Small Slimes","floor":4,"turns":4},{"damage":34,"enemies":"3 Sentries","floor":6,"turns":6},{"damage":0,"enemies":"Cultist","floor":11,"turns":2},{"damage":13,"enemies":"The Mushroom Lair","floor":13,"turns":4},{"damage":30,"enemies":"Hexaghost","floor":16,"turns":7},{"damage":37,"enemies":"Shell Parasite","floor":18,"turns":6},{"damage":34,"enemies":"3 Byrds","floor":21,"turns":4},{"damage":9,"enemies":"Shelled Parasite and Fungi","floor":22,"turns":2}],"seed_played":"1072486521598622184","potions_obtained":[{"floor":1,"key":"GamblersBrew"},{"floor":6,"key":"LiquidBronze"},{"floor":13,"key":"Swift Potion"},{"floor":21,"key":"LiquidBronze"}],"is_trial":false,"path_per_floor":["M","?","$","M","?","E","$","R","T","$","M","R","?","?","R","B",null,"M","$","?","M","M"],"character_chosen":"DEFECT","items_purchased":["Storm","Heatsinks","Storm"],"campfire_rested":2,"item_purchase_floors":[7,10,19],"current_hp_per_floor":[73,73,73,66,51,17,17,39,39,39,39,39,26,26,48,18,75,38,38,38,4,0],"gold":171,"neow_bonus":"ONE_RANDOM_RARE_CARD","is_prod":false,"is_daily":false,"chose_seed":false,"campfire_upgraded":1,"win_rate":0,"timestamp":1571253101,"path_taken":["M","?","$","M","?","E","?","R","T","$","M","R","?","?","R","BOSS","M","$","?","M","M"],"build_version":"2019-07-17","purchased_purges":0,"victory":false,"max_hp_per_floor":[75,75,75,75,75,75,75,75,75,75,75,75,75,75,75,75,75,75,75,75,75,75],"card_choices":[{"not_picked":["Lockon","Sweeping Beam"],"picked":"Defragment","floor":1},{"not_picked":["Beam Cell","Go for the Eyes"],"picked":"Chaos","floor":4},{"not_picked":["Go for the Eyes","Beam Cell"],"picked":"White Noise","floor":6},{"not_picked":["Reinforced Body","Rebound"],"picked":"Leap","floor":11},{"not_picked":["Stack","Meteor Strike"],"picked":"Gash","floor":13},{"not_picked":["Seek","Multi-Cast"],"picked":"Electrodynamics","floor":16},{"not_picked":["Leap","Cold Snap"],"picked":"Reprogram","floor":17},{"not_picked":["Redo","Sweeping Beam"],"picked":"Sunder","floor":17},{"not_picked":["Beam Cell","Stack"],"picked":"Force Field","floor":17},{"not_picked":["Cold Snap","Steam"],"picked":"Consume+1","floor":18},{"not_picked":["Go for the Eyes","Double Energy"],"picked":"Conserve Battery","floor":21}],"player_experience":365530,"relics_obtained":[{"floor":6,"key":"Du-Vu Doll"},{"floor":13,"key":"Odd Mushroom"}],"event_choices":[{"damage_healed":0,"gold_gain":0,"player_choice":"Grow","damage_taken":0,"max_hp_gain":0,"max_hp_loss":0,"event_name":"Living Wall","floor":2,"gold_loss":0,"cards_upgraded":["Defragment"]},{"damage_healed":0,"gold_gain":0,"player_choice":"Entered Light","damage_taken":15,"max_hp_gain":0,"max_hp_loss":0,"event_name":"Shining Light","floor":5,"gold_loss":0,"cards_upgraded":["Zap","Defend_B"]},{"damage_healed":0,"gold_gain":0,"player_choice":"Fought Mushrooms","damage_taken":0,"max_hp_gain":0,"max_hp_loss":0,"event_name":"Mushrooms","floor":13,"gold_loss":0},{"damage_healed":0,"gold_gain":0,"player_choice":"Ignored","damage_taken":0,"max_hp_gain":0,"max_hp_loss":0,"event_name":"Golden Wing","floor":14,"gold_loss":0},{"damage_healed":0,"gold_gain":100,"player_choice":"Bet on Murderer","damage_taken":0,"max_hp_gain":0,"max_hp_loss":0,"event_name":"The Joust","floor":20,"gold_loss":50}],"is_beta":false,"boss_relics":[{"not_picked":["Empty Cage","Black Star"],"picked":"Orrery"}],"items_purged_floors":[],"is_endless":false,"potions_floor_spawned":[1,6,13,21],"killed_by":"Shelled Parasite and Fungi","ascension_level":3}