{"gold_per_floor":[112,45,120,13,33,61,61,87,137,149,149,176,142,0,0,95,95,110,129,143,46,64,64,64,64],"floor_reached":25,"playtime":1093,"items_purged":[],"score":338,"play_id":"cc125a0a-6135-421f-b103-4cb94c178f2c","local_time":"20191016205919","is_ascension_mode":true,"campfire_choices":[{"data":"Defragment","floor":11,"key":"SMITH"},{"floor":15,"key":"REST"},{"floor":23,"key":"REST"}],"neow_cost":"NONE","seed_source_timestamp":479200385293300,"circlet_count":0,"master_deck":["Strike_B","Strike_B","Strike_B","Defend_B","Defend_B","Defend_B","Defend_B","Zap","Dualcast","Gash","Defragment+1","Static Discharge","Cold Snap","Glacier","Buffer","Hello World","Aggregate","Heatsinks","Sunder","Doom and Gloom","Loop","Thunder Strike","Defragment","Blizzard","Auto Shields","Double Energy","Conserve Battery","Static Discharge","Rainbow","Static Discharge","Conserve Battery","Loop"],"relics":["Cracked Core","NeowsBlessing","Art of War","Du-Vu Doll","Omamori","Oddly Smooth Stone","Orrery"],"potions_floor_usage":[8,12,22],"damage_taken":[{"damage":0,"enemies":"Jaw Worm","floor":1,"turns":1},{"damage":0,"enemies":"Small Slimes","floor":5,"turns":1},{"damage":0,"enemies":"Lagavulin","floor":6,"turns":1},{"damage":14,"enemies":"3 Sentries","floor":8,"turns":10},{"damage":0,"enemies":"Cultist","floor":10,"turns":4},{"damage":20,"enemies":"Gremlin Nob","floor":12,"turns":4},{"damage":0,"enemies":"Slime Boss","floor":16,"turns":9},{"damage":13,"enemies":"Spheric Guardian","floor":18,"turns":6},{"damage":31,"enemies":"3 Byrds","floor":19,"turns":5},{"damage":13,"enemies":"Snecko","floor":20,"turns":6},{"damage":14,"enemies":"Cultist and Chosen","floor":22,"turns":6},{"damage":35,"enemies":"Gremlin Leader","floor":25,"turns":4}],"seed_played":"6740511254742507650","potions_obtained":[{"floor":1,"key":"Swift Potion"},{"floor":5,"key":"Fire Potion"},{"floor":8,"key":"SkillPotion"},{"floor":10,"key":"Block Potion"},{"floor":12,"key":"FearPotion"},{"floor":19,"key":"EssenceOfSteel"},{"floor":22,"key":"Swift Potion"}],"is_trial":false,"path_per_floor":["M","$","?","$","M","E","?","E","T","M","R","E","$","$","R","B",null,"M","M","M","$","M","R","$","E"],"character_chosen":"DEFECT","items_purchased":["Defragment","Static Discharge","Cold Snap","Sunder","Doom and Gloom","Loop","Static Discharge","Conserve Battery"],"campfire_rested":2,"item_purchase_floors":[2,4,4,13,14,14,21,21],"current_hp_per_floor":[75,75,64,64,64,64,57,43,43,43,43,23,23,23,45,45,75,62,31,18,18,4,26,26,0],"gold":64,"neow_bonus":"THREE_ENEMY_KILL","is_prod":false,"is_daily":false,"chose_seed":false,"campfire_upgraded":1,"win_rate":0,"timestamp":1571252359,"path_taken":["M","$","?","$","M","E","?","E","T","M","R","E","?","$","R","BOSS","M","M","M","$","?","R","$","E"],"build_version":"2019-07-17","purchased_purges":0,"victory":false,"max_hp_per_floor":[75,75,75,75,75,75,75,75,75,75,75,75,75,75,75,75,75,75,75,75,75,75,75,75,75],"card_choices":[{"not_picked":["Aggregate","Stack"],"picked":"Gash","floor":1},{"not_picked":["Steam","Barrage"],"picked":"Glacier","floor":5},{"not_picked":["Leap","Barrage"],"picked":"Buffer","floor":6},{"not_picked":["Steam","Seek"],"picked":"Hello World","floor":8},{"not_picked":["Streamline","Steam Power"],"picked":"Aggregate","floor":10},{"not_picked":["Hologram","Rebound"],"picked":"Heatsinks","floor":12},{"not_picked":["Fission","All For One"],"picked":"Thunder Strike","floor":16},{"not_picked":["Turbo","Go for the Eyes"],"picked":"Defragment","floor":17},{"not_picked":["Compile Driver","Barrage"],"picked":"Blizzard","floor":17},{"not_picked":["Turbo","Consume"],"picked":"Auto Shields","floor":17},{"not_picked":["Chill","Undo"],"picked":"Double Energy","floor":17},{"not_picked":["Consume","Rebound"],"picked":"Conserve Battery","floor":17},{"not_picked":["Undo","Consume","Genetic Algorithm"],"picked":"SKIP","floor":18},{"not_picked":["Cold Snap","Conserve Battery"],"picked":"Static Discharge","floor":19},{"not_picked":["Steam+1","Go for the Eyes"],"picked":"Rainbow","floor":20},{"not_picked":["Go for the Eyes","Leap+1"],"picked":"Loop","floor":22}],"player_experience":364437,"relics_obtained":[{"floor":6,"key":"Art of War"},{"floor":8,"key":"Du-Vu Doll"},{"floor":9,"key":"Omamori"},{"floor":12,"key":"Oddly Smooth Stone"}],"event_choices":[{"damage_healed":0,"gold_gain":75,"player_choice":"Gather Gold","damage_taken":11,"max_hp_gain":0,"max_hp_loss":0,"event_name":"World of Goop","floor":3,"gold_loss":0},{"cards_removed":["Strike_B"],"damage_healed":0,"gold_gain":0,"player_choice":"Card Removal","damage_taken":7,"max_hp_gain":0,"max_hp_loss":0,"event_name":"Golden Wing","floor":7,"gold_loss":0}],"is_beta":false,"boss_relics":[{"not_picked":["Eternal Feather","Velvet Choker"],"picked":"Orrery"}],"items_purged_floors":[],"is_endless":false,"potions_floor_spawned":[1,5,8,10,12,19,22],"killed_by":"Gremlin Leader","ascension_level":3}