{"gold_per_floor":[111,61,75,90,102,137,137,163,242,242,262,274,274,274,274,405,405,429,32,57,57,73,73,73],"floor_reached":24,"playtime":1088,"items_purged":["Heel Hook"],"score":271,"play_id":"3f49be82-742e-4fee-bfda-a85ba57353a8","local_time":"20191002192646","is_ascension_mode":true,"campfire_choices":[{"data":"Noxious Fumes","floor":7,"key":"SMITH"},{"data":"Bane","floor":13,"key":"SMITH"},{"floor":15,"key":"REST"},{"data":"Bouncing Flask","floor":23,"key":"SMITH"}],"neow_cost":"NONE","seed_source_timestamp":508269108519100,"circlet_count":0,"master_deck":["Survivor","Neutralize+1","Bane+1","Blade Dance","Deadly Poison","Noxious Fumes+1","Poisoned Stab","Bouncing Flask+1","Grand Finale","Die Die Die","Quick Slash","Expertise","Doppelganger","Backstab","Bouncing Flask","Grand Finale","Footwork","Noxious Fumes+1","Escape Plan+1","Poisoned Stab"],"relics":["Ring of the Snake","Mercury Hourglass","Incense Burner","Meat on the Bone","Golden Idol","Pandora\u0027s Box","Frozen Egg 2"],"potions_floor_usage":[],"damage_taken":[{"damage":4,"enemies":"2 Louse","floor":1,"turns":4},{"damage":0,"enemies":"Jaw Worm","floor":3,"turns":5},{"damage":0,"enemies":"Small Slimes","floor":4,"turns":3},{"damage":0,"enemies":"Looter","floor":5,"turns":5},{"damage":37,"enemies":"Gremlin Nob","floor":6,"turns":5},{"damage":13,"enemies":"Lagavulin","floor":8,"turns":6},{"damage":0,"enemies":"2 Fungi Beasts","floor":11,"turns":2},{"damage":2,"enemies":"Large Slime","floor":12,"turns":4},{"damage":0,"enemies":"Slime Boss","floor":16,"turns":7},{"damage":34,"enemies":"2 Thieves","floor":18,"turns":4},{"damage":2,"enemies":"Chosen","floor":20,"turns":3},{"damage":21,"enemies":"Snake Plant","floor":22,"turns":3},{"damage":33,"enemies":"Book of Stabbing","floor":24,"turns":4}],"seed_played":"3609647743830223545","potions_obtained":[{"floor":3,"key":"FearPotion"},{"floor":8,"key":"Ancient Potion"},{"floor":11,"key":"SteroidPotion"},{"floor":18,"key":"Energy Potion"},{"floor":20,"key":"SkillPotion"}],"is_trial":false,"path_per_floor":["M","?","M","M","M","E","R","E","T","?","M","M","R","?","R","B",null,"M","$","M","?","M","R","E"],"character_chosen":"THE_SILENT","items_purchased":["Frozen Egg 2","Noxious Fumes+1"],"campfire_rested":1,"item_purchase_floors":[19,19],"current_hp_per_floor":[66,66,66,66,66,29,29,16,16,16,28,38,38,38,57,57,65,43,43,41,41,32,32,0],"gold":73,"neow_bonus":"UPGRADE_CARD","is_prod":false,"is_daily":false,"chose_seed":false,"campfire_upgraded":3,"win_rate":0,"timestamp":1570037206,"path_taken":["M","?","M","M","M","E","R","E","T","?","M","M","R","?","R","BOSS","M","$","M","?","M","R","E"],"build_version":"2019-07-17","purchased_purges":1,"victory":false,"max_hp_per_floor":[70,70,70,70,70,70,70,70,70,70,70,70,70,65,65,65,65,65,65,65,65,65,65,65],"card_choices":[{"not_picked":["PiercingWail","Underhanded Strike"],"picked":"Bane","floor":1},{"not_picked":["Prepared","Footwork"],"picked":"Blade Dance","floor":3},{"not_picked":["Dodge and Roll","Setup","Acrobatics"],"picked":"SKIP","floor":4},{"not_picked":["Calculated Gamble","Dagger Throw"],"picked":"Deadly Poison","floor":5},{"not_picked":["Dodge and Roll","Dagger Throw"],"picked":"Noxious Fumes","floor":6},{"not_picked":["Dash","Tactician"],"picked":"Poisoned Stab","floor":8},{"not_picked":["Sucker Punch","Underhanded Strike","Eviscerate"],"picked":"SKIP","floor":11},{"not_picked":["Dagger Spray","Prepared"],"picked":"Bouncing Flask","floor":12},{"not_picked":["Doppelganger","Tools of the Trade"],"picked":"Grand Finale","floor":16},{"not_picked":["Crippling Poison","Masterful Stab"],"picked":"Footwork","floor":18},{"not_picked":["Prepared","Deflect"],"picked":"Escape Plan+1","floor":20},{"not_picked":["Dodge and Roll","Expertise"],"picked":"Poisoned Stab","floor":22}],"player_experience":146248,"relics_obtained":[{"floor":6,"key":"Mercury Hourglass"},{"floor":8,"key":"Incense Burner"},{"floor":9,"key":"Meat on the Bone"}],"event_choices":[{"cards_removed":["Strike_G"],"damage_healed":0,"gold_gain":0,"player_choice":"Card Removal","damage_taken":0,"max_hp_gain":0,"max_hp_loss":0,"event_name":"The Cleric","floor":2,"gold_loss":50},{"damage_healed":0,"gold_gain":0,"player_choice":"Fled","damage_taken":0,"max_hp_gain":0,"max_hp_loss":0,"event_name":"Scrap Ooze","floor":10,"gold_loss":0},{"damage_healed":0,"gold_gain":0,"player_choice":"Lose Max HP","damage_taken":0,"relics_obtained":["Golden Idol"],"max_hp_gain":0,"max_hp_loss":5,"event_name":"Golden Idol","floor":14,"gold_loss":0},{"cards_removed":["Expertise"],"damage_healed":0,"gold_gain":0,"player_choice":"Elegance","damage_taken":0,"max_hp_gain":0,"max_hp_loss":0,"event_name":"Back to Basics","floor":21,"gold_loss":0}],"is_beta":false,"boss_relics":[{"not_picked":["Philosopher\u0027s Stone","HoveringKite"],"picked":"Pandora\u0027s Box"}],"items_purged_floors":[19],"is_endless":false,"potions_floor_spawned":[3,8,11,18,20],"killed_by":"Book of Stabbing","ascension_level":1}