{"gold_per_floor":[109,126,196,196,45,45,74,74,149,176,190,190,190,210,210,210],"floor_reached":16,"playtime":903,"items_purged":[],"score":119,"play_id":"0247846f-82c3-4ab8-bda8-bb7c3cd0cdea","local_time":"20190104233453","is_ascension_mode":true,"campfire_choices":[{"data":"Backstab","floor":6,"key":"SMITH"},{"floor":8,"key":"REST"},{"floor":15,"key":"REST"}],"neow_cost":"NONE","seed_source_timestamp":1230283451570598,"circlet_count":0,"master_deck":["Defend_G","Defend_G","Defend_G+1","Defend_G","Defend_G","Strike_G","Strike_G","Strike_G","Strike_G","Strike_G","Survivor","Neutralize","Poisoned Stab","Backstab+1","Burst","Deflect+1","Leg Sweep","Parasite","Dash"],"relics":["Lizard Tail","Juzu Bracelet","Happy Flower","Question Card","Tingsha"],"potions_floor_usage":[16],"damage_taken":[{"damage":5,"enemies":"Small Slimes","floor":1,"turns":4},{"damage":0,"enemies":"Jaw Worm","floor":2,"turns":5},{"damage":21,"enemies":"Gremlin Nob","floor":7,"turns":5},{"damage":43,"enemies":"3 Sentries","floor":10,"turns":15},{"damage":0,"enemies":"2 Louse","floor":11,"turns":2},{"damage":0,"enemies":"Exordium Wildlife","floor":14,"turns":5},{"damage":88,"enemies":"Hexaghost","floor":16,"turns":22}],"seed_played":"8702647434539980470","potions_obtained":[{"floor":7,"key":"Dexterity Potion"}],"is_trial":false,"path_per_floor":["M","M","?","?","$","R","E","R","T","E","M","?","?","M","R","B"],"character_chosen":"THE_SILENT","items_purchased":["Juzu Bracelet"],"campfire_rested":2,"item_purchase_floors":[5],"current_hp_per_floor":[65,65,65,65,65,65,44,65,65,22,22,39,25,25,46,0],"gold":210,"neow_bonus":"BOSS_RELIC","is_prod":false,"is_daily":false,"chose_seed":false,"campfire_upgraded":1,"win_rate":0,"timestamp":1546637693,"path_taken":["M","M","?","?","$","R","E","R","T","E","M","?","?","M","R","BOSS"],"build_version":"2019-01-03v3","purchased_purges":0,"victory":false,"max_hp_per_floor":[70,70,70,70,70,70,70,70,70,70,70,70,70,70,70,70],"card_choices":[{"not_picked":["PiercingWail","Escape Plan"],"picked":"Poisoned Stab","floor":1},{"not_picked":["Accuracy","Dagger Spray"],"picked":"Backstab","floor":2},{"not_picked":["Underhanded Strike","Prepared"],"picked":"Burst","floor":7},{"not_picked":["Distraction","Dagger Throw","Dodge and Roll"],"picked":"Deflect","floor":10},{"not_picked":["Caltrops","Escape Plan","Underhanded Strike"],"picked":"Leg Sweep","floor":11},{"not_picked":["Underhanded Strike","Finisher","Slice"],"picked":"Dash","floor":14}],"player_experience":118490,"relics_obtained":[{"floor":7,"key":"Happy Flower"},{"floor":9,"key":"Question Card"},{"floor":10,"key":"Tingsha"}],"event_choices":[{"damage_healed":0,"gold_gain":70,"player_choice":"Gained Gold","damage_taken":0,"max_hp_gain":0,"max_hp_loss":0,"event_name":"Golden Wing","floor":3,"gold_loss":0},{"damage_healed":0,"gold_gain":0,"player_choice":"Ignored","damage_taken":0,"max_hp_gain":0,"max_hp_loss":0,"event_name":"Liars Game","floor":4,"gold_loss":0},{"damage_healed":17,"gold_gain":0,"player_choice":"Healed and dodged fight","damage_taken":0,"max_hp_gain":0,"max_hp_loss":0,"event_name":"Mushrooms","floor":12,"gold_loss":0,"cards_obtained":["Parasite"]},{"damage_healed":0,"gold_gain":0,"player_choice":"Entered Light","damage_taken":14,"max_hp_gain":0,"max_hp_loss":0,"event_name":"Shining Light","floor":13,"gold_loss":0,"cards_upgraded":["Defend_G","Deflect"]}],"is_beta":false,"boss_relics":[],"items_purged_floors":[],"is_endless":false,"potions_floor_spawned":[7],"killed_by":"Hexaghost","ascension_level":2}