{"path_per_floor":["M","?","?","M","M","R","?","R","T","$","M","R","M","$","R","B",null,"M","?","$","?","M","E","R","E","T","M","E","$","E","?","R","B",null,"M","$","?","M","?","R"],"character_chosen":"THE_SILENT","items_purchased":["Well Laid Plans","Noxious Fumes","Lee\u0027s Waffle","Regen Potion","War Paint","Infinite Blades"],"gold_per_floor":[115,115,115,134,152,152,152,152,221,71,85,85,104,4,4,128,128,142,322,40,40,58,98,98,137,164,187,223,50,89,89,89,217,217,238,22,22,40,40,40],"floor_reached":41,"campfire_rested":2,"playtime":2591,"current_hp_per_floor":[62,45,38,38,37,37,23,23,23,23,23,23,23,23,44,37,70,65,25,77,61,55,55,55,40,40,32,12,12,9,9,47,39,77,62,62,52,30,30,30],"items_purged":["Strike_G","Defend_G","Injury"],"gold":40,"score":516,"play_id":"1865ead2-ae52-4305-aa49-9af2bf05b019","is_prod":false,"is_daily":false,"is_ascension_mode":true,"campfire_upgraded":5,"path_taken":["M","?","?","M","M","R","?","R","T","$","M","R","M","$","R","BOSS","M","?","?","?","M","E","R","E","T","M","E","?","E","?","R","BOSS","M","$","?","M","?","R","E"],"build_version":"2018-02-08-PROD1","purchased_purges":3,"victory":false,"master_deck":["Defend_G+1","Defend_G","Defend_G","Defend_G+1","Strike_G","Strike_G","Survivor+1","Neutralize+1","Corpse Explosion+1","Burst","Infinite Blades+1","PiercingWail","Well Laid Plans+1","Noxious Fumes+1","Backflip","Adrenaline+1","Bane+1","Flash of Steel","Blind","Noxious Fumes+1","Wraith Form+1","Bouncing Flask+1","Adrenaline+1","Infinite Blades+1","Envenom+1","Infinite Blades+1","Madness","Madness"],"max_hp_per_floor":[70,70,70,70,70,70,70,70,70,70,70,70,70,70,70,70,70,70,70,77,77,77,77,77,77,77,77,77,77,77,77,77,77,77,77,77,77,77,77,77],"relics":["Ring of the Snake","Golden Idol","Frozen Egg 2","Cursed Key","Lee\u0027s Waffle","Nilry\u0027s Codex","Dream Catcher","Orichalcum","Juzu Bracelet","Regal Pillow","Ancient Tea Set","Philosopher\u0027s Stone","War Paint"],"card_choices":[{"not_picked":["Poisoned Stab","Slice"],"picked":"Burst"},{"not_picked":["Deflect","Malaise"],"picked":"Infinite Blades"},{"not_picked":["Outmaneuver","Cloak And Dagger"],"picked":"PiercingWail"},{"not_picked":["Catalyst","Dash"],"picked":"Noxious Fumes"},{"not_picked":["Predator","Prepared"],"picked":"Backflip"},{"not_picked":["Phantasmal Killer","A Thousand Cuts"],"picked":"Adrenaline"},{"not_picked":["Outmaneuver","Concentrate"],"picked":"Bane"},{"not_picked":["Infinite Blades","Blur"],"picked":"Wraith Form"},{"not_picked":["Dagger Throw","Predator"],"picked":"Bouncing Flask"},{"not_picked":["Grand Finale","Caltrops"],"picked":"Infinite Blades"},{"not_picked":["Adrenaline","Tactician"],"picked":"Envenom"}],"player_experience":136846,"potions_floor_usage":[16,16,18,25,25,27,28,30,30,30,38,38],"damage_taken":[{"damage":8,"enemies":"Cultist","floor":1,"turns":6},{"damage":0,"enemies":"Jaw Worm","floor":4,"turns":7},{"damage":1,"enemies":"Small Slimes","floor":5,"turns":5},{"damage":0,"enemies":"Looter","floor":11,"turns":5},{"damage":0,"enemies":"Red Slaver","floor":13,"turns":5},{"damage":22,"enemies":"The Guardian","floor":16,"turns":11},{"damage":5,"enemies":"Chosen","floor":18,"turns":6},{"damage":6,"enemies":"Shell Parasite","floor":22,"turns":6},{"damage":0,"enemies":"Gremlin Leader","floor":23,"turns":5},{"damage":15,"enemies":"Slavers","floor":25,"turns":5},{"damage":8,"enemies":"Snake Plant","floor":27,"turns":4},{"damage":20,"enemies":"Gremlin Leader","floor":28,"turns":6},{"damage":18,"enemies":"Book of Stabbing","floor":30,"turns":5},{"damage":8,"enemies":"Collector","floor":33,"turns":6},{"damage":15,"enemies":"3 Shapes","floor":35,"turns":6},{"damage":37,"enemies":"3 Darklings","floor":38,"turns":7},{"damage":31,"enemies":"Nemesis","floor":41,"turns":5}],"event_choices":[{"event_name":"Golden Idol","player_choice":"Take Damage","floor":2,"damage_taken":0},{"event_name":"Golden Wing","player_choice":"Card Removal","floor":3,"damage_taken":0},{"event_name":"Shining Light","player_choice":"Entered Light","floor":7,"damage_taken":0},{"event_name":"Knowing Skull","player_choice":"CARD CARD GOLD GOLD ","floor":19,"damage_taken":0},{"event_name":"Cursed Tome","player_choice":"Obtained Book","floor":21,"damage_taken":0},{"event_name":"Duplicator","player_choice":"One dupe","floor":31,"damage_taken":0},{"event_name":"Winding Halls","player_choice":"Embrace Madness","floor":37,"damage_taken":0}],"boss_relics":[{"not_picked":["Tiny House","Snecko Eye"],"picked":"Cursed Key"},{"not_picked":["Eternal Feather","Astrolabe"],"picked":"Philosopher\u0027s Stone"}],"potions_floor_spawned":[4,5,11,16,18,27,28,35,38],"seed_played":"-4719196780716220495","killed_by":"Nemesis","ascension_level":4,"is_trial":false}