{"gold_per_floor":[119,119,119,135,152,152,163,163,163,189,6,24,24],"floor_reached":13,"playtime":301,"items_purged":[],"score":170,"play_id":"43e24054-2286-4a28-abaa-7b1fdbf43a57","local_time":"20191015223101","is_ascension_mode":true,"campfire_choices":[{"data":"Zap","floor":6,"key":"SMITH"},{"data":"Turbo","floor":8,"key":"SMITH"}],"neow_cost":"NONE","seed_source_timestamp":0,"circlet_count":0,"master_deck":["AscendersBane","Strike_B+1","Strike_B","Strike_B","Strike_B","Defend_B","Defend_B","Defend_B","Defend_B","Zap+1","Dualcast+1","Cold Snap","Compile Driver","Core Surge","Compile Driver","Turbo+1","Reinforced Body","Apotheosis","Beam Cell"],"relics":["Cracked Core","Dodecahedron"],"potions_floor_usage":[],"damage_taken":[{"damage":0,"enemies":"Small Slimes","floor":1,"turns":3},{"damage":5,"enemies":"2 Louse","floor":4,"turns":3},{"damage":2,"enemies":"Jaw Worm","floor":5,"turns":3},{"damage":5,"enemies":"Looter","floor":7,"turns":3},{"damage":19,"enemies":"3 Sentries","floor":10,"turns":7},{"damage":8,"enemies":"Lots of Slimes","floor":12,"turns":4}],"seed_played":"-8959861316094677769","potions_obtained":[{"floor":10,"key":"LiquidBronze"},{"floor":12,"key":"Swift Potion"}],"is_trial":false,"path_per_floor":["M","?","?","M","M","R","M","R","T","E","$","M","?"],"character_chosen":"DEFECT","items_purchased":["Apotheosis"],"campfire_rested":0,"item_purchase_floors":[11],"current_hp_per_floor":[64,64,43,38,36,36,31,31,31,12,12,4,0],"gold":24,"neow_bonus":"THREE_CARDS","is_prod":false,"is_daily":false,"chose_seed":true,"campfire_upgraded":2,"win_rate":0,"timestamp":1571149861,"path_taken":["M","?","?","M","M","R","M","R","T","E","?","M","?"],"build_version":"2019-10-14","purchased_purges":0,"victory":false,"max_hp_per_floor":[71,71,71,71,71,71,71,71,71,71,71,71,71],"card_choices":[{"not_picked":["Redo","Leap"],"picked":"Cold Snap","floor":0},{"not_picked":["Steam","Beam Cell"],"picked":"Compile Driver","floor":1},{"not_picked":["Loop","Gash"],"picked":"Core Surge","floor":4},{"not_picked":["Streamline","Barrage"],"picked":"Compile Driver","floor":5},{"not_picked":["Conserve Battery","Chaos"],"picked":"Turbo","floor":7},{"not_picked":["Sweeping Beam","Leap"],"picked":"Reinforced Body","floor":10},{"not_picked":["FTL","Lockon"],"picked":"Beam Cell","floor":12}],"player_experience":1091683,"relics_obtained":[{"floor":10,"key":"Dodecahedron"}],"event_choices":[{"damage_healed":0,"gold_gain":0,"player_choice":"Leave","damage_taken":0,"max_hp_gain":0,"max_hp_loss":0,"event_name":"The Cleric","floor":2,"gold_loss":0},{"damage_healed":0,"gold_gain":0,"player_choice":"Entered Light","damage_taken":21,"max_hp_gain":0,"max_hp_loss":0,"event_name":"Shining Light","floor":3,"gold_loss":0,"cards_upgraded":["Strike_B","Dualcast"]}],"is_beta":true,"boss_relics":[],"items_purged_floors":[],"is_endless":false,"potions_floor_spawned":[10,12],"ascension_level":20}