{"path_per_floor":["M","M","M","?","M","R","E","R","T","R","?","M","?","?","R","B",null,"M","?","M","?","M","E","$"],"character_chosen":"THE_SILENT","items_purchased":["Ice Cream","Finesse","Bottled Lightning"],"gold_per_floor":[114,129,144,219,234,234,264,264,264,264,264,279,454,454,454,554,554,569,569,584,499,514,844,114,114],"floor_reached":25,"campfire_rested":0,"playtime":1337,"current_hp_per_floor":[70,70,70,59,59,59,49,49,55,55,55,55,61,54,54,58,88,77,61,57,57,43,7,7,0],"items_purged":["Pain"],"gold":114,"score":246,"play_id":"71884e8d-a6a1-4cb0-bcec-e11d7afbb6f0","local_time":"20180502155146","daily_mods":["Allstar","Cursed Run","Elite Swarm"],"is_prod":false,"is_daily":true,"chose_seed":false,"is_ascension_mode":false,"campfire_upgraded":4,"timestamp":1525301506,"path_taken":["M","M","?","?","?","R","E","R","T","R","?","M","?","?","R","BOSS","M","?","?","?","M","E","$","M"],"build_version":"2018-04-28v2","seed_source_timestamp":0,"purchased_purges":1,"victory":false,"master_deck":["Defend_G","Defend_G","Defend_G","Defend_G+1","Defend_G+1","Survivor","Neutralize+1","Dramatic Entrance","Transmutation+1","Sadistic Nature","Mind Blast","Transmutation","Acrobatics","Terror+1","Adrenaline+1","Calculated Gamble+1","Bite","Bite","Bite","Bite","Bite","Dagger Spray+1","Prepared","A Thousand Cuts","Finesse"],"max_hp_per_floor":[70,70,70,70,70,70,70,70,76,76,76,76,82,82,82,88,88,88,61,61,61,61,61,61,61],"relics":["Cursed Key","Darkstone Periapt","Du-Vu Doll","War Paint","Vajra","Sozu","Gambling Chip","Old Coin","Ice Cream","Bottled Lightning"],"card_choices":[{"not_picked":["Outmaneuver","Underhanded Strike"],"picked":"Acrobatics","floor":1},{"not_picked":["Dodge and Roll","Bane"],"picked":"Terror","floor":2},{"not_picked":["Envenom","Grand Finale"],"picked":"Adrenaline","floor":7},{"not_picked":["Sucker Punch","Well Laid Plans"],"picked":"Calculated Gamble","floor":18},{"not_picked":["Quick Slash","Expertise"],"picked":"Dagger Spray","floor":20},{"not_picked":["Accuracy","Flying Knee"],"picked":"Prepared","floor":22},{"not_picked":["Envenom","Wraith Form v2"],"picked":"A Thousand Cuts","floor":23}],"player_experience":179127,"potions_floor_usage":[2,7,16,23],"damage_taken":[{"damage":0,"enemies":"Cultist","floor":1,"turns":4},{"damage":0,"enemies":"Jaw Worm","floor":2,"turns":1},{"damage":0,"enemies":"Small Slimes","floor":3,"turns":5},{"damage":0,"enemies":"2 Fungi Beasts","floor":5,"turns":2},{"damage":10,"enemies":"Gremlin Nob","floor":7,"turns":3},{"damage":0,"enemies":"Lots of Slimes","floor":12,"turns":3},{"damage":2,"enemies":"The Guardian","floor":16,"turns":8},{"damage":11,"enemies":"Shell Parasite","floor":18,"turns":4},{"damage":6,"enemies":"3 Byrds","floor":20,"turns":4},{"damage":28,"enemies":"Snake Plant","floor":22,"turns":4},{"damage":48,"enemies":"Book of Stabbing","floor":23,"turns":6},{"damage":14,"enemies":"Slaver and Parasite","floor":25,"turns":2}],"event_choices":[{"event_name":"World of Goop","player_choice":"Gather Gold","floor":4,"damage_taken":0},{"event_name":"Living Wall","player_choice":"Forget","floor":11,"damage_taken":0},{"event_name":"Liars Game","player_choice":"agreed","floor":13,"damage_taken":0},{"event_name":"Golden Wing","player_choice":"Card Removal","floor":14,"damage_taken":0},{"event_name":"Vampires","player_choice":"Became a vampire","floor":19,"damage_taken":0},{"event_name":"Addict","player_choice":"Obtained Relic","floor":21,"damage_taken":0}],"boss_relics":[{"not_picked":["Snecko Eye","Philosopher\u0027s Stone"],"picked":"Sozu"}],"potions_floor_spawned":[1,3,5,16,18],"seed_played":"-1337817561481805192","killed_by":"Slaver and Parasite","ascension_level":0,"is_trial":false}