{"path_per_floor":["M","?","?","M","M","E","R","E","T","M","?","E","?","M","R","B",null,"M","M","?","?","M","$","E","T","T","E","M","?","R","E","R","B",null,"M","?","$","?","M","R","E","R","T","$","E","M","E","M","R","B"],"character_chosen":"THE_SILENT","items_purchased":["Lantern","Blur"],"gold_per_floor":[115,115,115,125,135,168,168,200,200,211,211,242,242,262,262,366,366,381,400,400,350,360,136,168,168,168,203,222,147,147,175,175,271,271,289,289,189,189,202,202,230,230,254,53,81,95,122,133,133,133],"floor_reached":51,"campfire_rested":3,"playtime":6042,"current_hp_per_floor":[69,69,69,67,65,37,58,46,46,44,67,47,33,25,46,20,70,70,70,70,70,70,70,44,54,54,29,28,28,52,52,52,54,80,67,57,57,57,57,57,57,57,57,57,57,51,51,51,51,76],"items_purged":["Strike_G","Parasite","Regret"],"gold":133,"play_id":"ccca3578-37ba-427f-8f99-34a407214f03","is_prod":false,"is_daily":false,"is_ascension_mode":true,"campfire_upgraded":4,"path_taken":["M","?","?","M","?","E","R","E","T","M","?","E","?","M","R","BOSS","M","M","?","?","M","$","E","?","T","E","?","?","R","E","R","BOSS","M","?","$","?","M","R","E","R","T","?","E","M","E","M","R","BOSS"],"build_version":"2018-02-01-PROD3","purchased_purges":3,"victory":true,"master_deck":["Defend_G","Defend_G+1","Defend_G+1","Defend_G","Strike_G+1","Strike_G+1","Survivor","Neutralize","Noxious Fumes+1","After Image+1","Dagger Spray","Prepared+1","Outmaneuver+1","Acrobatics+1","PiercingWail+1","Backflip+1","Wraith Form+1","Reflex+1","Well Laid Plans","Prepared+1","Wraith Form+1","Madness+1","Madness+1","Acrobatics+1","Well Laid Plans+1","Blur+1"],"max_hp_per_floor":[70,70,70,70,70,70,70,70,70,70,70,70,70,70,70,70,70,70,70,70,70,70,70,70,80,80,80,80,80,80,80,80,80,80,80,80,77,77,77,77,77,77,77,77,77,77,77,77,77,77],"relics":["Ring of the Snake","Toxic Egg 2","Whetstone","Dream Catcher","Art of War","Cursed Key","Lantern","Paper Crane","Pear","Oddly Smooth Stone","Pantograph","Mummified Hand","Black Star","Molten Egg 2","Letter Opener","Omamori","Centennial Puzzle","Gremlin Horn","Tough Bandages","Darkstone Periapt"],"card_choices":[{"not_picked":["Calculated Gamble","Quick Slash"],"picked":"Noxious Fumes"},{"not_picked":["Deflect","Slice"],"picked":"Dagger Spray"},{"not_picked":["Finisher","Concentrate"],"picked":"Prepared"},{"not_picked":["Unload","Flying Knee"],"picked":"Outmaneuver"},{"not_picked":["Finisher","Endless Agony"],"picked":"Acrobatics"},{"not_picked":["Bane","Acrobatics"],"picked":"PiercingWail"},{"not_picked":["PiercingWail","Choke"],"picked":"Backflip"},{"not_picked":["Corpse Explosion","Burst"],"picked":"Wraith Form"},{"not_picked":["Sucker Punch","Prepared"],"picked":"Reflex"},{"not_picked":["Blade Dance","Dagger Spray"],"picked":"Well Laid Plans"},{"not_picked":["Cloak And Dagger","Dodge and Roll"],"picked":"Prepared"},{"not_picked":["Envenom","Tactician"],"picked":"Wraith Form"},{"not_picked":["Outmaneuver","Poisoned Stab"],"picked":"Acrobatics"},{"not_picked":["Underhanded Strike","Choke"],"picked":"Well Laid Plans"}],"player_experience":107007,"potions_floor_usage":[8,8,12,33,39,45],"damage_taken":[{"damage":1,"enemies":"Cultist","floor":1,"turns":4},{"damage":2,"enemies":"Small Slimes","floor":4,"turns":4},{"damage":2,"enemies":"Blue Slaver","floor":5,"turns":5},{"damage":28,"enemies":"3 Sentries","floor":6,"turns":8},{"damage":12,"enemies":"Lagavulin","floor":8,"turns":7},{"damage":2,"enemies":"2 Fungi Beasts","floor":10,"turns":4},{"damage":20,"enemies":"3 Sentries","floor":12,"turns":8},{"damage":8,"enemies":"Exordium Thugs","floor":14,"turns":8},{"damage":26,"enemies":"Slime Boss","floor":16,"turns":16},{"damage":0,"enemies":"Chosen","floor":18,"turns":7},{"damage":0,"enemies":"Shell Parasite","floor":19,"turns":6},{"damage":0,"enemies":"Snake Plant","floor":22,"turns":6},{"damage":26,"enemies":"Gremlin Leader","floor":24,"turns":7},{"damage":25,"enemies":"Book of Stabbing","floor":27,"turns":9},{"damage":1,"enemies":"Centurion and Healer","floor":28,"turns":8},{"damage":0,"enemies":"Gremlin Leader","floor":31,"turns":7},{"damage":23,"enemies":"Automaton","floor":33,"turns":10},{"damage":13,"enemies":"Orb Walker","floor":35,"turns":5},{"damage":0,"enemies":"3 Shapes","floor":39,"turns":4},{"damage":0,"enemies":"Giant Head","floor":41,"turns":5},{"damage":0,"enemies":"2 Orb Walkers","floor":45,"turns":3},{"damage":6,"enemies":"3 Darklings","floor":46,"turns":2},{"damage":0,"enemies":"Nemesis","floor":47,"turns":6},{"damage":0,"enemies":"4 Shapes","floor":48,"turns":3},{"damage":0,"enemies":"Awakened One","floor":50,"turns":5}],"event_choices":[{"event_name":"Living Wall","player_choice":"Change","floor":2,"damage_taken":0},{"event_name":"Purifier","player_choice":"One Purge","floor":3,"damage_taken":0},{"event_name":"Big Fish","player_choice":"Banana","floor":11,"damage_taken":0},{"event_name":"Shining Light","player_choice":"Entered Light","floor":13,"damage_taken":0},{"event_name":"Drug Dealer","player_choice":"Ignored","floor":20,"damage_taken":0},{"event_name":"The Joust","player_choice":"Bet on Murderer","floor":21,"damage_taken":0},{"event_name":"Beggar","player_choice":"Gave Gold","floor":29,"damage_taken":0},{"event_name":"Winding Halls","player_choice":"Embrace Madness","floor":36,"damage_taken":0}],"boss_relics":[{"not_picked":["White Beast Statue","Eternal Feather"],"picked":"Cursed Key"},{"not_picked":["Runic Dome","Velvet Choker"],"picked":"Black Star"}],"potions_floor_spawned":[1,6,8,24,31,33,35,39,45],"seed_played":"91505971364672446","ascension_level":3,"is_trial":false}