{"gold_per_floor":[113,129,54,54,68,94,19,39,63,63,63],"floor_reached":11,"playtime":217,"items_purged":["Strike_G"],"score":146,"play_id":"4d437c20-768e-4654-8ad0-91c89df1ae3c","local_time":"20190927155139","is_ascension_mode":true,"campfire_choices":[{"data":"Flechettes","floor":10,"key":"SMITH"}],"neow_cost":"NONE","seed_source_timestamp":431228382841412,"circlet_count":0,"master_deck":["AscendersBane","Strike_G","Strike_G","Strike_G","Strike_G","Defend_G","Defend_G","Defend_G","Defend_G","Defend_G","Survivor","Neutralize","Flechettes+1","Noxious Fumes","Outmaneuver","Escape Plan","Terror"],"relics":["Ring of the Snake","NeowsBlessing","Potion Belt","Juzu Bracelet"],"potions_floor_usage":[6],"damage_taken":[{"damage":0,"enemies":"2 Louse","floor":1,"turns":1},{"damage":0,"enemies":"Cultist","floor":2,"turns":1},{"damage":0,"enemies":"Jaw Worm","floor":5,"turns":1},{"damage":31,"enemies":"Lagavulin","floor":6,"turns":8},{"damage":2,"enemies":"2 Fungi Beasts","floor":8,"turns":4},{"damage":18,"enemies":"Gremlin Gang","floor":11,"turns":4}],"seed_played":"-2887147929428439919","potions_obtained":[{"floor":2,"key":"Fire Potion"},{"floor":5,"key":"PowerPotion"}],"is_trial":false,"path_per_floor":["M","M","$","?","M","E","$","M","T","R","M"],"character_chosen":"THE_SILENT","items_purchased":["Noxious Fumes"],"campfire_rested":0,"item_purchase_floors":[3],"current_hp_per_floor":[59,59,59,59,59,28,28,26,26,26,8],"gold":63,"neow_bonus":"THREE_ENEMY_KILL","is_prod":false,"is_daily":false,"chose_seed":false,"campfire_upgraded":1,"win_rate":0,"timestamp":1569570699,"path_taken":["M","M","$","?","?","E","$","M","T","R","M"],"build_version":"2019-09-26","purchased_purges":1,"victory":false,"max_hp_per_floor":[66,66,66,66,66,66,66,66,66,66,66],"card_choices":[{"not_picked":["Cloak And Dagger","Deadly Poison"],"picked":"Flechettes","floor":1},{"not_picked":["Cloak And Dagger","Flying Knee","Caltrops"],"picked":"SKIP","floor":2},{"not_picked":["Bane","Flying Knee","Poisoned Stab"],"picked":"SKIP","floor":5},{"not_picked":["Masterful Stab","Bouncing Flask"],"picked":"Escape Plan","floor":6},{"not_picked":["Slice","Prepared"],"picked":"Terror","floor":8}],"player_experience":1029452,"relics_obtained":[{"floor":6,"key":"Potion Belt"},{"floor":9,"key":"Juzu Bracelet"}],"event_choices":[{"damage_healed":0,"gold_gain":0,"player_choice":"1 cards matched","damage_taken":0,"max_hp_gain":0,"max_hp_loss":0,"event_name":"Match and Keep!","floor":4,"gold_loss":0,"cards_obtained":["Outmaneuver"]}],"is_beta":true,"boss_relics":[],"items_purged_floors":[7],"is_endless":false,"potions_floor_spawned":[2,5],"killed_by":"Gremlin Gang","ascension_level":20}