{"gold_per_floor":[360,360,360,435,455,455,485,485,563,574,586,586,611,623,623,723,723,741,758,758,770,770,770,800,800,800,826,826],"floor_reached":28,"playtime":2397,"items_purged":[],"score":282,"play_id":"a5e5d626-1717-422e-8d3e-a71c1dbe21dc","local_time":"20190103011336","is_ascension_mode":true,"campfire_choices":[{"floor":6,"key":"REST"},{"floor":12,"key":"REST"},{"data":"Leg Sweep","floor":15,"key":"SMITH"},{"floor":23,"key":"REST"},{"floor":25,"key":"REST"}],"neow_cost":"PERCENT_DAMAGE","seed_source_timestamp":1061906023596274,"circlet_count":0,"master_deck":["Defend_G","Defend_G","Defend_G","Strike_G","Strike_G","Strike_G","Strike_G","Survivor","Neutralize","Well Laid Plans","Predator","Phantasmal Killer+1","Leg Sweep+1","Poisoned Stab","Quick Slash","After Image+1","Flying Knee+1","PiercingWail+1","A Thousand Cuts+1","PiercingWail","Skewer","Endless Agony","Escape Plan+1","Finisher"],"relics":["Ring of the Snake","PreservedInsect","Frozen Egg 2","War Paint","Tiny Chest","Orichalcum","Astrolabe","Toxic Egg 2","Bottled Tornado","Darkstone Periapt","Matryoshka"],"potions_floor_usage":[5,7,16,18,21,21,21,21],"damage_taken":[{"damage":0,"enemies":"Small Slimes","floor":1,"turns":3},{"damage":0,"enemies":"Jaw Worm","floor":5,"turns":4},{"damage":19,"enemies":"Lagavulin","floor":7,"turns":8},{"damage":0,"enemies":"2 Louse","floor":10,"turns":3},{"damage":0,"enemies":"Looter","floor":11,"turns":4},{"damage":0,"enemies":"Exordium Wildlife","floor":14,"turns":5},{"damage":25,"enemies":"Hexaghost","floor":16,"turns":11},{"damage":19,"enemies":"Spheric Guardian","floor":18,"turns":4},{"damage":0,"enemies":"Chosen","floor":19,"turns":6},{"damage":30,"enemies":"Centurion and Healer","floor":21,"turns":9},{"damage":15,"enemies":"Book of Stabbing","floor":24,"turns":8},{"damage":9,"enemies":"Gremlin Leader","floor":27,"turns":5},{"damage":63,"enemies":"3 Cultists","floor":28,"turns":7}],"seed_played":"2465579911066130989","potions_obtained":[{"floor":1,"key":"Block Potion"},{"floor":5,"key":"EntropicBrew"},{"floor":14,"key":"SkillPotion"},{"floor":16,"key":"EntropicBrew"},{"floor":18,"key":"GamblersBrew"},{"floor":19,"key":"FearPotion"}],"is_trial":false,"path_per_floor":["M","?","T","?","M","R","E","?","T","M","M","R","T","M","R","B",null,"M","M","?","M","T","R","E","R","T","E","M"],"character_chosen":"THE_SILENT","items_purchased":[],"campfire_rested":4,"item_purchase_floors":[],"current_hp_per_floor":[49,49,49,38,38,59,40,37,37,37,37,58,58,58,58,33,70,51,51,51,21,21,42,27,48,48,39,0],"gold":826,"neow_bonus":"TWO_FIFTY_GOLD","is_prod":false,"is_daily":false,"chose_seed":false,"campfire_upgraded":1,"win_rate":0,"timestamp":1546470816,"path_taken":["M","?","?","?","M","R","E","?","T","M","M","R","?","M","R","BOSS","M","M","?","M","?","R","E","R","T","E","M"],"build_version":"2018-12-20","purchased_purges":0,"victory":false,"max_hp_per_floor":[70,70,70,70,70,70,70,70,70,70,70,70,70,70,70,70,70,70,70,70,70,70,70,70,70,70,70,70],"card_choices":[{"not_picked":["Backflip","Quick Slash"],"picked":"Well Laid Plans","floor":1},{"not_picked":["Tactician","Outmaneuver"],"picked":"Predator","floor":5},{"not_picked":["Backflip","Leg Sweep"],"picked":"Phantasmal Killer","floor":7},{"not_picked":["Underhanded Strike","Calculated Gamble"],"picked":"Leg Sweep","floor":10},{"not_picked":["Dagger Throw","Blade Dance"],"picked":"Poisoned Stab","floor":11},{"not_picked":["Distraction","Blur"],"picked":"Quick Slash","floor":14},{"not_picked":["Doppelganger","Phantasmal Killer"],"picked":"After Image+1","floor":16},{"not_picked":["Reflex","Prepared+1"],"picked":"PiercingWail","floor":18},{"not_picked":["Flying Knee","Acrobatics"],"picked":"Skewer","floor":19},{"not_picked":["Choke","Flying Knee"],"picked":"Endless Agony","floor":21},{"not_picked":["Expertise+1","Backflip+1"],"picked":"Escape Plan+1","floor":24},{"not_picked":["Expertise+1","Dagger Spray"],"picked":"Finisher","floor":27}],"player_experience":92067,"relics_obtained":[{"floor":3,"key":"PreservedInsect"},{"floor":7,"key":"Frozen Egg 2"},{"floor":9,"key":"Tiny Chest"},{"floor":13,"key":"Orichalcum"},{"floor":22,"key":"Toxic Egg 2"},{"floor":24,"key":"Bottled Tornado"},{"floor":26,"key":"Darkstone Periapt"},{"floor":27,"key":"Matryoshka"}],"event_choices":[{"damage_healed":0,"gold_gain":0,"player_choice":"Ignored","damage_taken":0,"max_hp_gain":0,"max_hp_loss":0,"event_name":"Golden Wing","floor":2,"gold_loss":0},{"damage_healed":0,"gold_gain":75,"player_choice":"Gather Gold","damage_taken":11,"max_hp_gain":0,"max_hp_loss":0,"event_name":"World of Goop","floor":4,"gold_loss":0},{"damage_healed":0,"gold_gain":0,"player_choice":"Success","damage_taken":3,"relics_obtained":["War Paint"],"max_hp_gain":0,"max_hp_loss":0,"event_name":"Scrap Ooze","floor":8,"gold_loss":0},{"damage_healed":0,"gold_gain":0,"player_choice":"Ignored","damage_taken":0,"max_hp_gain":0,"max_hp_loss":0,"event_name":"Vampires","floor":20,"gold_loss":0}],"is_beta":false,"boss_relics":[{"not_picked":["Runic Pyramid","Cursed Key"],"picked":"Astrolabe"}],"items_purged_floors":[],"is_endless":false,"potions_floor_spawned":[1,5,14,16,18,19],"killed_by":"3 Cultists","ascension_level":2}