{"path_per_floor":["M","?","$","M","$","R","M","E","T","R","?","M","$","M","R","B",null,"M","?","?","M","$","R","?","M","T"],"character_chosen":"IRONCLAD","items_purchased":["Armaments","Ancient Tea Set"],"gold_per_floor":[114,64,10,24,24,24,37,65,65,65,140,157,9,28,28,129,129,149,74,74,91,16,16,16,31,331],"floor_reached":27,"campfire_rested":3,"playtime":1057,"current_hp_per_floor":[77,77,77,74,74,74,83,31,31,59,48,44,44,41,71,7,102,99,99,83,49,49,80,80,66,66],"items_purged":["Defend_R"],"gold":331,"score":282,"play_id":"d435e7ec-b108-49ef-b50f-da6ddb288518","is_prod":false,"is_daily":false,"is_ascension_mode":true,"campfire_upgraded":1,"path_taken":["M","?","$","M","$","R","M","E","T","R","?","?","?","?","R","BOSS","M","?","?","?","$","R","?","M","T","E"],"build_version":"2018-02-15-PROD1","purchased_purges":1,"victory":false,"master_deck":["Strike_R","Strike_R","Strike_R","Defend_R","Defend_R","Defend_R","Bash","Feed+1","Rupture","Armaments+1","Flex","Bloodletting","Heavy Blade","Offering","Fire Breathing"],"max_hp_per_floor":[83,83,83,86,86,86,90,94,94,94,94,98,98,102,102,102,102,106,106,106,106,106,106,106,106,106],"relics":["Burning Blood","Bottled Flame","Lantern","Ancient Tea Set","Black Star","Nilry\u0027s Codex","Old Coin"],"card_choices":[{"not_picked":["Dropkick","Shrug It Off"],"picked":"Rupture"},{"not_picked":["Anger","Clash"],"picked":"Flex"},{"not_picked":["Corruption","Body Slam"],"picked":"Bloodletting"},{"not_picked":["Body Slam","Berserk"],"picked":"Heavy Blade"},{"not_picked":["Barricade","Juggernaut"],"picked":"Offering"},{"not_picked":["Warcry","Uppercut"],"picked":"Fire Breathing"}],"player_experience":177454,"potions_floor_usage":[12,16,21,27],"damage_taken":[{"damage":12,"enemies":"Jaw Worm","floor":1,"turns":2},{"damage":12,"enemies":"Small Slimes","floor":4,"turns":4},{"damage":1,"enemies":"Cultist","floor":7,"turns":3},{"damage":62,"enemies":"Lagavulin","floor":8,"turns":8},{"damage":14,"enemies":"Exordium Thugs","floor":12,"turns":4},{"damage":13,"enemies":"Gremlin Gang","floor":14,"turns":5},{"damage":70,"enemies":"Hexaghost","floor":16,"turns":9},{"damage":13,"enemies":"Spheric Guardian","floor":18,"turns":3},{"damage":40,"enemies":"2 Thieves","floor":21,"turns":4},{"damage":20,"enemies":"Centurion and Healer","floor":25,"turns":4},{"damage":71,"enemies":"Slavers","floor":27,"turns":6}],"event_choices":[{"event_name":"The Cleric","player_choice":"Card Removal","floor":2,"damage_taken":0},{"event_name":"World of Goop","player_choice":"Gather Gold","floor":11,"damage_taken":0},{"event_name":"Beggar","player_choice":"Gave Gold","floor":19,"damage_taken":0},{"event_name":"Cursed Tome","player_choice":"Obtained Book","floor":20,"damage_taken":0},{"event_name":"Upgrade Shrine","player_choice":"Upgraded","floor":24,"damage_taken":0}],"boss_relics":[{"not_picked":["Runic Dome","Snecko Eye"],"picked":"Black Star"}],"potions_floor_spawned":[1,7,16,18],"seed_played":"2366043469952226818","killed_by":"Slavers","ascension_level":2,"is_trial":false}