{"gold_per_floor":[214,364,364,13,13,46,46,63,63,93,93,93,112,146,146,219,219,234,234,54,324,339,339,349,384,384,56,56,91,105,115,115,186,186,201,201,221,221,234,234,252,283,331,331,0,12,31,31,31,31,31,31,31,31,62,62],"floor_reached":56,"playtime":2716,"items_purged":["Doubt","Strike_B"],"score":2041,"play_id":"a084ab23-4f75-4107-b8cf-52d7a5fd5b3b","local_time":"20190925115357","is_ascension_mode":true,"campfire_choices":[{"data":"Dualcast","floor":7.0,"key":"SMITH"},{"data":"Hologram","floor":12.0,"key":"SMITH"},{"data":"Redo","floor":15.0,"key":"SMITH"},{"floor":23.0,"key":"REST"},{"data":"Defragment","floor":28.0,"key":"SMITH"},{"data":"Chaos","floor":32.0,"key":"SMITH"},{"data":"Coolheaded","floor":40.0,"key":"SMITH"},{"floor":49.0,"key":"RECALL"},{"floor":53,"key":"REST"}],"neow_cost":"NONE","seed_source_timestamp":241291273229991,"circlet_count":0,"master_deck":["AscendersBane","Defend_B+1","Defend_B+1","Defend_B+1","Defend_B+1","Zap+1","Dualcast+1","Ball Lightning+1","Electrodynamics+1","Undo+1","Hologram+1","Cold Snap+1","Redo+1","Meteor Strike+1","Compile Driver+1","Coolheaded+1","Defragment+1","Glacier+1","Turbo+1","Turbo+1","Scrape+1","Reinforced Body+1","Chaos+1","Undo+1","Double Energy+1","Defragment+1","Biased Cognition+1","Glacier+1","Go for the Eyes+1","Gash+1","Double Energy+1","Hologram+1","Leap+1"],"special_seed":0,"relics":["Cracked Core","Sundial","Symbiotic Virus","Bird Faced Urn","CaptainsWheel","Pear","Kunai","Empty Cage","Nilry\u0027s Codex","Blue Candle","Orrery","Bag of Preparation","Omamori","Calling Bell","Dream Catcher","Shuriken","Gambling Chip","Regal Pillow","Happy Flower","Mark of the Bloom","Ice Cream","Mummified Hand","War Paint"],"potions_floor_usage":[],"damage_taken":[{"damage":4.0,"enemies":"Jaw Worm","floor":1.0,"turns":3.0},{"damage":11.0,"enemies":"Gremlin Nob","floor":6.0,"turns":3.0},{"damage":0.0,"enemies":"2 Louse","floor":8.0,"turns":1.0},{"damage":10.0,"enemies":"3 Sentries","floor":10.0,"turns":3.0},{"damage":0.0,"enemies":"Small Slimes","floor":13.0,"turns":2.0},{"damage":9.0,"enemies":"Gremlin Nob","floor":14.0,"turns":3.0},{"damage":0.0,"enemies":"Slime Boss","floor":16.0,"turns":6.0},{"damage":0.0,"enemies":"Chosen","floor":18.0,"turns":4.0},{"damage":8.0,"enemies":"3 Byrds","floor":22.0,"turns":3.0},{"damage":5.0,"enemies":"Snecko","floor":24.0,"turns":4.0},{"damage":15.0,"enemies":"Gremlin Leader","floor":25.0,"turns":6.0},{"damage":19.0,"enemies":"Slavers","floor":29.0,"turns":5.0},{"damage":0.0,"enemies":"3 Cultists","floor":30.0,"turns":3.0},{"damage":8.0,"enemies":"Sentry and Sphere","floor":31.0,"turns":3.0},{"damage":10.0,"enemies":"Automaton","floor":33.0,"turns":9.0},{"damage":2.0,"enemies":"Orb Walker","floor":35.0,"turns":5.0},{"damage":2.0,"enemies":"3 Darklings","floor":37.0,"turns":3.0},{"damage":0.0,"enemies":"4 Shapes","floor":39.0,"turns":8.0},{"damage":1.0,"enemies":"Spire Growth","floor":41.0,"turns":6.0},{"damage":20.0,"enemies":"Giant Head","floor":42.0,"turns":13.0},{"damage":5.0,"enemies":"Sphere and 2 Shapes","floor":46.0,"turns":5.0},{"damage":0.0,"enemies":"4 Shapes","floor":47.0,"turns":1.0},{"damage":19.0,"enemies":"Awakened One","floor":50.0,"turns":18.0},{"damage":0,"enemies":"Donu and Deca","floor":51,"turns":12},{"damage":23,"enemies":"Shield and Spear","floor":55,"turns":8},{"damage":42,"enemies":"The Heart","floor":56,"turns":2}],"seed_played":"-6587272222180958739","potions_obtained":[{"floor":6.0,"key":"FearPotion"},{"floor":13.0,"key":"SpeedPotion"},{"floor":14.0,"key":"Explosive Potion"},{"floor":22.0,"key":"PowerPotion"},{"floor":29.0,"key":"Swift Potion"},{"floor":35.0,"key":"Fire Potion"},{"floor":41.0,"key":"Explosive Potion"},{"floor":47.0,"key":"AttackPotion"}],"is_trial":false,"path_per_floor":["M","?","?","$","?","E","R","M","T","E","T","R","M","E","R","B",null,"M","?","$","?","M","R","M","E","T","$","R","E","M","M","R","B",null,"M","?","M","?","M","R","M","E","T","?","$","M","M","T","R","B","B",null,"R","$","E","B"],"character_chosen":"DEFECT","items_purchased":["Sundial","Coolheaded","FocusPotion","Orrery","Bag of Preparation","Ice Cream"],"campfire_rested":2,"item_purchase_floors":[4,20,20,27,27,45],"current_hp_per_floor":[60,60,60,60,39,28,28,28,28,20,30,30,30,23,23,25,67,69,48,48,16,10,34,33,24,24,24,24,11,17,11,11,7,63,65,65,71,71,77,77,77,67,67,67,67,62,62,62,62,43,43,43,43,43,20,0],"gold":62,"neow_bonus":"HUNDRED_GOLD","is_prod":false,"is_daily":false,"chose_seed":false,"campfire_upgraded":6,"win_rate":0,"timestamp":1569383637,"path_taken":["M","?","?","$","?","E","R","M","T","E","?","R","M","E","R","BOSS","M","?","$","?","M","R","?","E","T","$","R","E","M","M","R","BOSS","M","?","M","?","M","R","M","E","T","?","$","M","M","?","R","BOSS","BOSS","R","$","E","BOSS"],"build_version":"2019-09-24","purchased_purges":2,"victory":false,"max_hp_per_floor":[71,71,71,71,71,71,71,71,71,71,81,81,81,81,81,81,81,81,81,81,81,81,81,81,81,81,81,81,81,81,81,81,81,81,81,81,81,77,77,77,77,77,77,77,77,77,77,77,77,77,77,77,77,77,77,77],"card_choices":[{"not_picked":["Rebound","Sweeping Beam"],"picked":"Ball Lightning","floor":1.0},{"not_picked":["Gash","Force Field"],"picked":"Undo","floor":6.0},{"not_picked":["Beam Cell","Rebound"],"picked":"Hologram","floor":8.0},{"not_picked":["Beam Cell","Streamline"],"picked":"Compile Driver","floor":10.0},{"not_picked":["Steam Power","Fission"],"picked":"Cold Snap","floor":13.0},{"not_picked":["Ball Lightning","Beam Cell"],"picked":"Redo","floor":14.0},{"not_picked":["Core Surge","Multi-Cast"],"picked":"Meteor Strike","floor":16.0},{"not_picked":["Stack","Chill+1"],"picked":"Compile Driver","floor":18.0},{"not_picked":["Barrage","Melter","Stack"],"picked":"SKIP","floor":22.0},{"not_picked":["Force Field","Ball Lightning"],"picked":"Defragment","floor":24.0},{"not_picked":["Undo","Sunder"],"picked":"Glacier","floor":25.0},{"not_picked":["Hologram","Redo"],"picked":"Turbo+1","floor":27.0},{"not_picked":["Gash","Genetic Algorithm"],"picked":"Turbo","floor":27.0},{"not_picked":["Stack","Conserve Battery"],"picked":"Scrape+1","floor":27.0},{"not_picked":["Chaos","Melter"],"picked":"Reinforced Body","floor":27.0},{"not_picked":["Streamline","Hologram"],"picked":"Chaos","floor":27.0},{"not_picked":["Cold Snap","Darkness"],"picked":"Undo","floor":29.0},{"not_picked":["Leap+1","Barrage"],"picked":"Double Energy","floor":30.0},{"not_picked":["White Noise","Consume"],"picked":"Defragment","floor":31.0},{"not_picked":["Multi-Cast","Rainbow"],"picked":"Biased Cognition","floor":33.0},{"not_picked":["Cold Snap","Gash","Redo"],"picked":"SKIP","floor":35.0},{"not_picked":["Genetic Algorithm","Sunder+1"],"picked":"Glacier+1","floor":37.0},{"not_picked":["Chill","Reprogram"],"picked":"Go for the Eyes+1","floor":39.0},{"not_picked":["Barrage","Aggregate","Compile Driver"],"picked":"SKIP","floor":41.0},{"not_picked":["Loop","BootSequence"],"picked":"Gash+1","floor":42.0},{"not_picked":["Gash+1","Barrage+1"],"picked":"Double Energy+1","floor":46.0},{"not_picked":["Gash","Self Repair"],"picked":"Hologram+1","floor":47.0},{"not_picked":["Gash","Aggregate"],"picked":"Leap+1","floor":53},{"not_picked":["Go for the Eyes","Self Repair","Rip and Tear"],"picked":"SKIP","floor":55}],"player_experience":983497,"relics_obtained":[{"floor":6.0,"key":"Symbiotic Virus"},{"floor":9.0,"key":"Bird Faced Urn"},{"floor":10.0,"key":"CaptainsWheel"},{"floor":11.0,"key":"Pear"},{"floor":14.0,"key":"Kunai"},{"floor":19.0,"key":"Nilry\u0027s Codex"},{"floor":25.0,"key":"Blue Candle"},{"floor":29.0,"key":"Omamori"},{"floor":34.0,"key":"Dream Catcher"},{"floor":34.0,"key":"Shuriken"},{"floor":34.0,"key":"Gambling Chip"},{"floor":42.0,"key":"Regal Pillow"},{"floor":43.0,"key":"Happy Flower"},{"floor":48.0,"key":"Mummified Hand"},{"floor":55,"key":"War Paint"}],"event_choices":[{"damage_healed":0.0,"max_hp_gain":0.0,"max_hp_loss":0.0,"gold_gain":150.0,"event_name":"Liars Game","player_choice":"AGREE","floor":2.0,"gold_loss":0.0,"damage_taken":0.0,"cards_obtained":["Doubt"]},{"damage_healed":0.0,"max_hp_gain":0.0,"max_hp_loss":0.0,"gold_gain":0.0,"cards_transformed":["Strike_B"],"event_name":"Living Wall","player_choice":"Change","floor":3.0,"gold_loss":0.0,"damage_taken":0.0,"cards_obtained":["Electrodynamics"]},{"damage_healed":0.0,"max_hp_gain":0.0,"max_hp_loss":0.0,"gold_gain":0.0,"event_name":"Shining Light","player_choice":"Entered Light","floor":5.0,"gold_loss":0.0,"damage_taken":21.0,"cards_upgraded":["Zap","Defend_B"]},{"damage_healed":0.0,"max_hp_gain":0.0,"max_hp_loss":0.0,"gold_gain":0.0,"event_name":"Cursed Tome","player_choice":"Obtained Book","floor":19.0,"gold_loss":0.0,"damage_taken":21.0},{"damage_healed":0.0,"max_hp_gain":0.0,"max_hp_loss":0.0,"gold_gain":270.0,"event_name":"Knowing Skull","player_choice":"GOLD GOLD GOLD ","floor":21.0,"potions_obtained":[],"gold_loss":0.0,"damage_taken":32.0,"cards_obtained":[]},{"cards_removed":["Compile Driver"],"damage_healed":0.0,"max_hp_gain":0.0,"max_hp_loss":0.0,"gold_gain":0.0,"event_name":"Falling","player_choice":"Removed Attack","floor":36.0,"gold_loss":0.0,"damage_taken":0.0},{"damage_healed":0.0,"max_hp_gain":0.0,"max_hp_loss":4.0,"gold_gain":0.0,"event_name":"Winding Halls","player_choice":"Max HP","floor":38.0,"gold_loss":0.0,"damage_taken":0.0},{"damage_healed":0.0,"max_hp_gain":0.0,"max_hp_loss":0.0,"gold_gain":0.0,"event_name":"MindBloom","player_choice":"Upgrade","floor":44.0,"gold_loss":0.0,"damage_taken":0.0,"cards_upgraded":["Defend_B","Defend_B","Defend_B","Ball Lightning","Electrodynamics","Undo","Cold Snap","Meteor Strike","Compile Driver","Glacier","Turbo","Reinforced Body","Undo","Double Energy","Defragment","Biased Cognition"],"relics_obtained":["Mark of the Bloom"]}],"is_beta":true,"boss_relics":[{"not_picked":["Cursed Key","Black Star"],"picked":"Empty Cage"},{"not_picked":["FrozenCore","Inserter"],"picked":"Calling Bell"}],"items_purged_floors":[4,20],"is_endless":false,"potions_floor_spawned":[6,13,14,22,29,31,35,41,47],"killed_by":"The Heart","ascension_level":20}