{"gold_per_floor":[116,133,61,61,61,104,104,139,139,139],"floor_reached":10,"playtime":264,"items_purged":[],"score":85,"play_id":"f38ec2d3-f86d-46b9-ac66-2787b492ffc7","local_time":"20191016204054","is_ascension_mode":true,"campfire_choices":[{"floor":7,"key":"REST"}],"neow_cost":"NONE","seed_source_timestamp":478924526351300,"circlet_count":0,"master_deck":["Strike_B","Strike_B","Strike_B","Defend_B","Defend_B","Defend_B","Defend_B","Zap","Dualcast","FTL","Defragment","Electrodynamics","Melter","Self Repair"],"relics":["Cracked Core","Dream Catcher","Golden Idol","Shuriken","Sundial"],"potions_floor_usage":[],"damage_taken":[{"damage":13,"enemies":"Small Slimes","floor":1,"turns":4},{"damage":7,"enemies":"Jaw Worm","floor":2,"turns":2},{"damage":16,"enemies":"Gremlin Nob","floor":6,"turns":3},{"damage":25,"enemies":"Lagavulin","floor":8,"turns":6},{"damage":33,"enemies":"3 Sentries","floor":10,"turns":3}],"seed_played":"4786698711442502689","potions_obtained":[{"floor":2,"key":"FearPotion"},{"floor":6,"key":"Swift Potion"}],"is_trial":false,"path_per_floor":["M","M","$","?","?","E","R","E","T","E"],"character_chosen":"DEFECT","items_purchased":["Electrodynamics"],"campfire_rested":1,"item_purchase_floors":[3],"current_hp_per_floor":[62,55,55,48,48,32,52,27,27,0],"gold":139,"neow_bonus":"RANDOM_COMMON_RELIC","is_prod":false,"is_daily":false,"chose_seed":false,"campfire_upgraded":0,"win_rate":0,"timestamp":1571251254,"path_taken":["M","M","$","?","?","E","R","E","T","E"],"build_version":"2019-07-17","purchased_purges":0,"victory":false,"max_hp_per_floor":[75,75,75,75,69,69,69,69,69,69],"card_choices":[{"not_picked":["Streamline","Chaos"],"picked":"FTL","floor":1},{"not_picked":["Go for the Eyes","Compile Driver"],"picked":"Defragment","floor":2},{"not_picked":["Compile Driver","Rebound","Tempest"],"picked":"SKIP","floor":6},{"not_picked":["Coolheaded","Barrage"],"picked":"Melter","floor":7},{"not_picked":["Cold Snap","Undo"],"picked":"Self Repair","floor":8}],"player_experience":364173,"relics_obtained":[{"floor":6,"key":"Shuriken"},{"floor":8,"key":"Sundial"}],"event_choices":[{"cards_removed":["Strike_B"],"damage_healed":0,"gold_gain":0,"player_choice":"Card Removal","damage_taken":7,"max_hp_gain":0,"max_hp_loss":0,"event_name":"Golden Wing","floor":4,"gold_loss":0},{"damage_healed":0,"gold_gain":0,"player_choice":"Lose Max HP","damage_taken":0,"relics_obtained":["Golden Idol"],"max_hp_gain":0,"max_hp_loss":6,"event_name":"Golden Idol","floor":5,"gold_loss":0}],"is_beta":false,"boss_relics":[],"items_purged_floors":[],"is_endless":false,"potions_floor_spawned":[2,6],"killed_by":"3 Sentries","ascension_level":3}