{"gold_per_floor":[115,115,132,132,132,132,146,177,202,226,226,262,262,34,34,157,157,172,196,16,40,40,40,40,63,63,23,36,36,56,56,56,182,182,197,197,530,549,108,108,123,123,123,123,168,168,17,36,36,36,36,36,17,42,42],"floor_reached":55,"playtime":2586,"items_purged":["Strike_R","Strike_R","Strike_R","Defend_R"],"score":758,"play_id":"62bc61e8-8c11-405e-a58c-b81e07645383","local_time":"20191004184926","is_ascension_mode":true,"campfire_choices":[{"data":"Armaments","floor":6,"key":"SMITH"},{"data":"Anger","floor":11,"key":"SMITH"},{"data":"Inflame","floor":13,"key":"SMITH"},{"floor":15,"key":"REST"},{"data":"Shockwave","floor":23,"key":"SMITH"},{"floor":29,"key":"REST"},{"data":"Limit Break","floor":32,"key":"SMITH"},{"floor":40,"key":"RECALL"},{"floor":42,"key":"REST"},{"data":"Transmutation","floor":44,"key":"SMITH"},{"data":"Bludgeon","floor":46,"key":"SMITH"},{"data":"Defend_R","floor":49,"key":"SMITH"},{"data":"Defend_R","floor":52,"key":"SMITH"}],"neow_cost":"NONE","seed_source_timestamp":677330386816900,"circlet_count":0,"master_deck":["Strike_R","Strike_R+1","Defend_R+1","Defend_R+1","Defend_R","Bash+1","Armaments+1","Inflame+1","Bludgeon","Anger+1","Limit Break+1","Heavy Blade+1","Shockwave+1","Impervious","Writhe","Rage+1","Inflame+1","Twin Strike","Bludgeon+1","Master of Strategy","Impervious","Transmutation+1","Infernal Blade"],"relics":["Burning Blood","Strawberry","Calipers","Membership Card","Mark of Pain","Frozen Egg 2","Anchor","Vajra","MutagenicStrength","Busted Crown","Frozen Eye","Blood Vial","Art of War","Kunai","Bird Faced Urn","Oddly Smooth Stone","Bottled Tornado"],"potions_floor_usage":[18,33,33,33,48,50,50],"damage_taken":[{"damage":12,"enemies":"Jaw Worm","floor":1,"turns":5},{"damage":0,"enemies":"Small Slimes","floor":3,"turns":4},{"damage":1,"enemies":"Cultist","floor":7,"turns":4},{"damage":14,"enemies":"Gremlin Nob","floor":8,"turns":3},{"damage":0,"enemies":"Looter","floor":10,"turns":4},{"damage":31,"enemies":"Lagavulin","floor":12,"turns":5},{"damage":0,"enemies":"Slime Boss","floor":16,"turns":7},{"damage":20,"enemies":"Spheric Guardian","floor":18,"turns":4},{"damage":5,"enemies":"Chosen","floor":19,"turns":3},{"damage":6,"enemies":"Snake Plant","floor":21,"turns":4},{"damage":12,"enemies":"Snecko","floor":25,"turns":5},{"damage":34,"enemies":"3 Cultists","floor":28,"turns":7},{"damage":0,"enemies":"Shelled Parasite and Fungi","floor":30,"turns":3},{"damage":42,"enemies":"Collector","floor":33,"turns":6},{"damage":9,"enemies":"3 Shapes","floor":35,"turns":4},{"damage":29,"enemies":"3 Darklings","floor":38,"turns":5},{"damage":34,"enemies":"Spire Growth","floor":41,"turns":5},{"damage":7,"enemies":"2 Orb Walkers","floor":45,"turns":4},{"damage":0,"enemies":"Transient","floor":48,"turns":5},{"damage":38,"enemies":"Donu and Deca","floor":50,"turns":6},{"damage":91,"enemies":"Shield and Spear","floor":54,"turns":8},{"damage":43,"enemies":"The Heart","floor":55,"turns":3}],"seed_played":"-4205772974038472520","potions_obtained":[{"floor":3,"key":"Strength Potion"},{"floor":7,"key":"Regen Potion"},{"floor":10,"key":"Swift Potion"},{"floor":18,"key":"SteroidPotion"},{"floor":28,"key":"Swift Potion"},{"floor":33,"key":"Energy Potion"},{"floor":38,"key":"LiquidBronze"},{"floor":41,"key":"Weak Potion"},{"floor":54,"key":"Poison Potion"}],"is_trial":false,"path_per_floor":["M","?","M","?","?","R","M","E","T","M","R","E","R","$","R","B",null,"M","M","$","M","?","R","?","M","T","$","M","R","M","?","R","B",null,"M","?","?","M","$","R","M","R","T","R","?","R","$","M","R","B",null,"R","$","E","B"],"character_chosen":"IRONCLAD","items_purchased":["Membership Card","Frozen Egg 2","Inflame+1","Impervious","Frozen Eye","Blood Vial","Art of War","Transmutation","Oddly Smooth Stone","Infernal Blade"],"campfire_rested":3,"item_purchase_floors":[14,20,27,39,39,39,39,39,47,53],"current_hp_per_floor":[82,64,70,70,70,70,75,74,74,80,80,55,55,55,81,87,88,74,75,75,75,75,75,75,69,69,69,41,67,73,73,73,52,88,85,85,85,62,62,62,36,62,62,62,63,63,63,79,79,53,88,88,88,7,0],"gold":42,"neow_bonus":"TEN_PERCENT_HP_BONUS","is_prod":false,"is_daily":false,"chose_seed":false,"campfire_upgraded":9,"win_rate":0,"timestamp":1570207766,"path_taken":["M","?","M","?","?","R","M","E","T","M","R","E","R","$","R","BOSS","M","M","$","M","?","R","?","M","T","$","?","R","M","?","R","BOSS","M","?","?","M","$","R","M","R","T","R","?","R","?","M","R","BOSS","R","$","E","BOSS"],"build_version":"2019-07-17","purchased_purges":4,"victory":false,"max_hp_per_floor":[88,88,88,88,81,81,81,88,88,88,88,88,88,88,88,88,88,88,88,88,88,88,88,88,88,88,88,88,88,88,88,88,88,88,88,88,88,88,88,88,88,88,88,88,88,88,88,88,88,88,88,88,88,88,88],"card_choices":[{"not_picked":["Heavy Blade","Cleave"],"picked":"Armaments","floor":1},{"not_picked":["Pommel Strike","Uppercut"],"picked":"Inflame","floor":3},{"not_picked":["Pommel Strike","Cleave","Warcry"],"picked":"SKIP","floor":7},{"not_picked":["Body Slam","Carnage"],"picked":"Bludgeon","floor":8},{"not_picked":["Shrug It Off","Combust"],"picked":"Anger","floor":10},{"not_picked":["Battle Trance","Infernal Blade","Shrug It Off"],"picked":"SKIP","floor":12},{"not_picked":["Fiend Fire","Impervious"],"picked":"Limit Break","floor":16},{"not_picked":["Reckless Charge+1","Anger"],"picked":"Heavy Blade+1","floor":18},{"not_picked":["Iron Wave","Perfected Strike"],"picked":"Shockwave","floor":19},{"not_picked":["Armaments","True Grit"],"picked":"Impervious","floor":21},{"not_picked":["True Grit","Uppercut"],"picked":"Rage+1","floor":25},{"not_picked":["Whirlwind","Pommel Strike+1"],"picked":"Twin Strike","floor":28},{"not_picked":["Armaments+1","Whirlwind+1","Cleave"],"picked":"SKIP","floor":30},{"not_picked":["Dark Embrace+1","Fiend Fire"],"picked":"Bludgeon","floor":33},{"not_picked":["Sword Boomerang+1"],"picked":"SKIP","floor":35},{"not_picked":[],"picked":"Master of Strategy","floor":36},{"not_picked":["Infernal Blade"],"picked":"SKIP","floor":38},{"not_picked":["Evolve+1"],"picked":"SKIP","floor":41},{"not_picked":["Burning Pact"],"picked":"SKIP","floor":48},{"not_picked":["Warcry"],"picked":"SKIP","floor":54}],"player_experience":174358,"relics_obtained":[{"floor":8,"key":"Strawberry"},{"floor":12,"key":"Calipers"},{"floor":26,"key":"Vajra"},{"floor":43,"key":"Kunai"},{"floor":45,"key":"Bird Faced Urn"},{"floor":54,"key":"Bottled Tornado"}],"event_choices":[{"damage_healed":0,"gold_gain":0,"player_choice":"Entered Light","damage_taken":18,"max_hp_gain":0,"max_hp_loss":0,"event_name":"Shining Light","floor":2,"gold_loss":0,"cards_upgraded":["Bash","Strike_R"]},{"damage_healed":0,"gold_gain":0,"player_choice":"Ignored","damage_taken":0,"max_hp_gain":0,"max_hp_loss":0,"event_name":"Liars Game","floor":4,"gold_loss":0},{"damage_healed":0,"gold_gain":0,"player_choice":"Lose Max HP","damage_taken":0,"relics_obtained":["Golden Idol"],"max_hp_gain":0,"max_hp_loss":7,"event_name":"Golden Idol","floor":5,"gold_loss":0},{"damage_healed":0,"gold_gain":0,"player_choice":"Opened","damage_taken":0,"relics_obtained":["Anchor"],"max_hp_gain":0,"max_hp_loss":0,"event_name":"The Mausoleum","floor":22,"gold_loss":0,"cards_obtained":["Writhe"]},{"damage_healed":0,"gold_gain":0,"player_choice":"0 cards matched","damage_taken":0,"max_hp_gain":0,"max_hp_loss":0,"event_name":"Match and Keep!","floor":24,"gold_loss":0,"cards_obtained":[]},{"damage_healed":0,"gold_gain":0,"player_choice":"Inject Mutagens","damage_taken":0,"relics_obtained":["MutagenicStrength"],"max_hp_gain":0,"max_hp_loss":0,"event_name":"Drug Dealer","floor":31,"gold_loss":0},{"damage_healed":0,"gold_gain":0,"player_choice":"Memory 1","damage_taken":0,"max_hp_gain":0,"max_hp_loss":0,"event_name":"SensoryStone","floor":36,"gold_loss":0},{"damage_healed":0,"gold_gain":333,"player_choice":"Gave Idol","damage_taken":0,"max_hp_gain":0,"max_hp_loss":0,"event_name":"The Moai Head","floor":37,"relics_lost":["Golden Idol"],"gold_loss":0},{"damage_healed":0,"gold_gain":0,"player_choice":"Fight","damage_taken":0,"max_hp_gain":0,"max_hp_loss":0,"event_name":"Mysterious Sphere","floor":45,"gold_loss":0}],"is_beta":false,"boss_relics":[{"not_picked":["Calling Bell","Snecko Eye"],"picked":"Mark of Pain"},{"not_picked":["Cursed Key","Eternal Feather"],"picked":"Busted Crown"}],"items_purged_floors":[14,20,39,47],"is_endless":false,"potions_floor_spawned":[3,7,10,16,18,28,30,33,38,41,54],"killed_by":"The Heart","ascension_level":1}