{"path_per_floor":["M","?","M","M","M","M","M","R","T","R","$","?","$","?","R","B",null,"M","M","$","M","$","R","?"],"character_chosen":"THE_SILENT","items_purchased":["Pen Nib","Well Laid Plans","Blur","Regen Potion","Prepared","Mummified Hand"],"gold_per_floor":[119,194,207,219,235,250,266,266,337,337,24,24,1,67,67,198,198,214,239,0,15,15,15,15],"floor_reached":25,"campfire_rested":1,"playtime":1765,"current_hp_per_floor":[68,57,57,48,40,33,27,48,48,48,48,31,31,33,33,12,70,55,53,53,21,21,21,21],"items_purged":[],"gold":15,"play_id":"688e4a90-9385-4dd0-858e-4c2180e04b39","is_prod":false,"is_daily":false,"is_ascension_mode":false,"campfire_upgraded":3,"path_taken":["M","?","M","?","M","M","M","R","T","R","$","?","?","?","R","BOSS","M","M","$","M","?","R","?","E"],"build_version":"2018-01-25-PROD3","purchased_purges":1,"victory":false,"master_deck":["Defend_G","Defend_G","Defend_G","Defend_G","Defend_G","Strike_G","Strike_G","Strike_G","Strike_G","Strike_G","Survivor","Neutralize","Dagger Throw","All Out Attack","Riddle With Holes","Poisoned Stab","Doppelganger+1","Bouncing Flask","Well Laid Plans","Blur","Prepared","Envenom+1","Bullet Time","Catalyst","Dash","Noxious Fumes+1"],"max_hp_per_floor":[70,70,70,70,70,70,70,70,70,70,70,70,70,70,70,70,70,70,70,70,70,70,70,70],"relics":["Ring of the Snake","Bottled Lightning","Pen Nib","Golden Idol","Bronze Scales","Velvet Choker","Mummified Hand"],"card_choices":[{"not_picked":["Acrobatics","Endless Agony"],"picked":"Dagger Throw"},{"not_picked":["Slice","Flying Knee"],"picked":"All Out Attack"},{"not_picked":["PiercingWail","Skewer"],"picked":"Riddle With Holes"},{"not_picked":["Quick Slash","Sucker Punch"],"picked":"Poisoned Stab"},{"not_picked":["Prepared","Sucker Punch"],"picked":"Doppelganger"},{"not_picked":["Slice","Acrobatics"],"picked":"Bouncing Flask"},{"not_picked":["Bane","Blade Dance"],"picked":"Envenom"},{"not_picked":["Unload","Tools of the Trade"],"picked":"Bullet Time"},{"not_picked":["Quick Slash","Malaise"],"picked":"Catalyst"},{"not_picked":["Backstab","Acrobatics"],"picked":"Dash"},{"not_picked":["Bane","Poisoned Stab"],"picked":"Noxious Fumes"}],"player_experience":17444,"potions_floor_usage":[5,14,14],"damage_taken":[{"damage":2,"enemies":"Jaw Worm","floor":1,"turns":5},{"damage":0,"enemies":"2 Louse","floor":3,"turns":4},{"damage":9,"enemies":"Blue Slaver","floor":4,"turns":5},{"damage":11,"enemies":"3 Louse","floor":5,"turns":2},{"damage":7,"enemies":"Large Slime","floor":6,"turns":9},{"damage":6,"enemies":"Lots of Slimes","floor":7,"turns":5},{"damage":7,"enemies":"3 Sentries","floor":14,"turns":4},{"damage":21,"enemies":"The Guardian","floor":16,"turns":9},{"damage":15,"enemies":"Shell Parasite","floor":18,"turns":4},{"damage":2,"enemies":"3 Byrds","floor":19,"turns":3},{"damage":32,"enemies":"Snake Plant","floor":21,"turns":2},{"damage":30,"enemies":"Book of Stabbing","floor":25,"turns":3}],"event_choices":[{"event_name":"World of Goop","player_choice":"Gather Gold","floor":2,"damage_taken":0},{"event_name":"Golden Idol","player_choice":"Take Damage","floor":12,"damage_taken":0},{"event_name":"Dead Adventurer","player_choice":"Searched \u00273\u0027 times","floor":14,"damage_taken":0},{"event_name":"Addict","player_choice":"Ignored","floor":24,"damage_taken":0}],"boss_relics":[{"not_picked":["Cursed Key","Lizard Tail"],"picked":"Velvet Choker"}],"potions_floor_spawned":[3,4,5,14,19,21],"seed_played":"-7876142007317810585","killed_by":"Book of Stabbing","ascension_level":0,"is_trial":false}