{"gold_per_floor":[117,117,117,128,37,62,62,73,73,105,121,121,152,152,152,247,247,257,24,71,71,83,83,114,130,130,45,71,87,87,98,98,98],"floor_reached":33,"playtime":2458,"items_purged":[],"score":358,"play_id":"622286f6-69ee-4fbc-adcc-525eea443439","local_time":"20190104010452","is_ascension_mode":true,"campfire_choices":[{"floor":7,"key":"REST"},{"floor":12,"key":"REST"},{"floor":15,"key":"REST"},{"data":"Catalyst","floor":23,"key":"SMITH"},{"floor":32,"key":"REST"}],"neow_cost":"NONE","seed_source_timestamp":1147722817123579,"circlet_count":0,"master_deck":["Defend_G","Defend_G","Defend_G","Defend_G","Defend_G","Strike_G","Strike_G","Strike_G","Strike_G","Strike_G","Survivor","Neutralize","Poisoned Stab","Deadly Poison","Flash of Steel","Catalyst+1","Backstab","Bane","Deadly Poison","Dash","Backstab","PiercingWail","Wraith Form v2","Bane","Dramatic Entrance","Poisoned Stab","Burst","Cloak And Dagger","Crippling Poison+1","Catalyst","Slice+1","Blur+1","Poisoned Stab"],"relics":["Ring of the Snake","Prayer Wheel","Oddly Smooth Stone","Ninja Scroll","The Courier","Sundial","White Beast Statue","TwistedFunnel","Orichalcum","Ancient Tea Set","Lantern","Toxic Egg 2","Strawberry"],"potions_floor_usage":[24,24,28,29,29,33,33,33],"damage_taken":[{"damage":3,"enemies":"Jaw Worm","floor":1,"turns":8},{"damage":0,"enemies":"Small Slimes","floor":4,"turns":3},{"damage":18,"enemies":"3 Sentries","floor":6,"turns":12},{"damage":0,"enemies":"Cultist","floor":8,"turns":3},{"damage":18,"enemies":"Gremlin Nob","floor":10,"turns":3},{"damage":1,"enemies":"Blue Slaver","floor":11,"turns":2},{"damage":12,"enemies":"3 Sentries","floor":13,"turns":6},{"damage":31,"enemies":"Hexaghost","floor":16,"turns":8},{"damage":1,"enemies":"Shell Parasite","floor":18,"turns":4},{"damage":0,"enemies":"3 Byrds","floor":22,"turns":3},{"damage":34,"enemies":"Gremlin Leader","floor":24,"turns":5},{"damage":16,"enemies":"Shelled Parasite and Fungi","floor":25,"turns":6},{"damage":1,"enemies":"Slavers","floor":28,"turns":3},{"damage":6,"enemies":"Cultist and Chosen","floor":29,"turns":3},{"damage":0,"enemies":"Centurion and Healer","floor":31,"turns":5},{"damage":68,"enemies":"Champ","floor":33,"turns":9}],"seed_played":"-107414257219003119","potions_obtained":[{"floor":4,"key":"Explosive Potion"},{"floor":8,"key":"SkillPotion"},{"floor":13,"key":"Energy Potion"},{"floor":22,"key":"PowerPotion"},{"floor":24,"key":"Strength Potion"},{"floor":25,"key":"SpeedPotion"},{"floor":28,"key":"Fire Potion"},{"floor":29,"key":"PowerPotion"},{"floor":31,"key":"Weak Potion"}],"is_trial":false,"path_per_floor":["M","?","?","M","$","E","R","M","T","E","M","R","E","?","R","B",null,"M","$","T","?","M","R","E","M","T","?","E","M","?","M","R","B"],"character_chosen":"THE_SILENT","items_purchased":["Flash of Steel","TwistedFunnel","Dramatic Entrance"],"campfire_rested":4,"item_purchase_floors":[5,19,19],"current_hp_per_floor":[74,79,76,76,76,58,82,82,82,64,63,82,70,62,82,51,82,81,81,81,81,81,81,47,31,31,31,37,31,31,31,57,0],"gold":98,"neow_bonus":"TEN_PERCENT_HP_BONUS","is_prod":false,"is_daily":false,"chose_seed":false,"campfire_upgraded":1,"win_rate":0,"timestamp":1546556692,"path_taken":["M","?","?","M","$","E","R","M","T","E","M","R","E","?","R","BOSS","M","$","?","?","M","R","E","M","T","?","E","?","?","M","R","BOSS"],"build_version":"2018-12-20","purchased_purges":0,"victory":false,"max_hp_per_floor":[77,82,82,82,82,82,82,82,82,82,82,82,82,82,82,82,82,82,82,82,82,82,82,82,82,82,82,89,89,89,89,89,89],"card_choices":[{"not_picked":["Backflip","Deflect"],"picked":"Poisoned Stab","floor":1},{"not_picked":["Underhanded Strike","All Out Attack"],"picked":"Deadly Poison","floor":4},{"not_picked":["Calculated Gamble","Infinite Blades","Caltrops"],"picked":"SKIP","floor":4},{"not_picked":["Sucker Punch","Footwork"],"picked":"Catalyst","floor":6},{"not_picked":["Deflect","Cloak And Dagger"],"picked":"Backstab","floor":8},{"not_picked":["Dagger Spray","Skewer"],"picked":"Bane","floor":8},{"not_picked":["Phantasmal Killer","Backstab"],"picked":"Deadly Poison","floor":10},{"not_picked":["Underhanded Strike","Flechettes"],"picked":"Dash","floor":11},{"not_picked":["Flechettes","Eviscerate"],"picked":"Backstab","floor":11},{"not_picked":["Flying Knee","Riddle With Holes"],"picked":"PiercingWail","floor":13},{"not_picked":["Doppelganger","A Thousand Cuts"],"picked":"Wraith Form v2","floor":16},{"not_picked":["Outmaneuver","Dagger Throw+1"],"picked":"Bane","floor":18},{"not_picked":["Masterful Stab","Underhanded Strike+1","Reflex"],"picked":"SKIP","floor":18},{"not_picked":["Sucker Punch","Tactician+1"],"picked":"Poisoned Stab","floor":22},{"not_picked":["Dagger Throw","Underhanded Strike"],"picked":"Burst","floor":22},{"not_picked":["Finisher","Accuracy+1"],"picked":"Cloak And Dagger","floor":24},{"not_picked":["Endless Agony","Dodge and Roll"],"picked":"Crippling Poison+1","floor":25},{"not_picked":["Slice+1","Bane"],"picked":"Catalyst","floor":25},{"not_picked":["Concentrate+1","Calculated Gamble+1"],"picked":"Slice+1","floor":28},{"not_picked":["Underhanded Strike+1","Prepared+1"],"picked":"Blur+1","floor":29},{"not_picked":["Dodge and Roll+1","Heel Hook"],"picked":"Poisoned Stab","floor":29},{"not_picked":["Flying Knee+1","Expertise+1","Prepared+1"],"picked":"SKIP","floor":31},{"not_picked":["Cloak And Dagger+1","Concentrate+1","Skewer"],"picked":"SKIP","floor":31}],"player_experience":102988,"relics_obtained":[{"floor":6,"key":"Oddly Smooth Stone"},{"floor":9,"key":"Ninja Scroll"},{"floor":10,"key":"The Courier"},{"floor":13,"key":"Sundial"},{"floor":20,"key":"Orichalcum"},{"floor":24,"key":"Ancient Tea Set"},{"floor":26,"key":"Lantern"},{"floor":28,"key":"Strawberry"}],"event_choices":[{"damage_healed":0,"gold_gain":0,"player_choice":"Donut","damage_taken":0,"max_hp_gain":5,"max_hp_loss":0,"event_name":"Big Fish","floor":2,"gold_loss":0},{"damage_healed":0,"gold_gain":0,"player_choice":"Success","damage_taken":3,"relics_obtained":["Prayer Wheel"],"max_hp_gain":0,"max_hp_loss":0,"event_name":"Scrap Ooze","floor":3,"gold_loss":0},{"damage_healed":0,"gold_gain":0,"player_choice":"Damaged","damage_taken":8,"max_hp_gain":0,"max_hp_loss":0,"event_name":"Wheel of Change","floor":14,"gold_loss":0},{"damage_healed":0,"gold_gain":0,"player_choice":"Ignored","damage_taken":0,"max_hp_gain":0,"max_hp_loss":0,"event_name":"Ghosts","floor":21,"gold_loss":0},{"damage_healed":0,"gold_gain":0,"player_choice":"Obtained Relic","damage_taken":0,"relics_obtained":["Toxic Egg 2"],"max_hp_gain":0,"max_hp_loss":0,"event_name":"Addict","floor":27,"gold_loss":85},{"damage_healed":0,"gold_gain":0,"player_choice":"Leave","damage_taken":0,"max_hp_gain":0,"max_hp_loss":0,"event_name":"FaceTrader","floor":30,"gold_loss":0}],"is_beta":false,"boss_relics":[{"not_picked":["Cursed Key","Sozu"],"picked":"White Beast Statue"}],"items_purged_floors":[],"is_endless":false,"potions_floor_spawned":[4,8,13,18,22,24,25,28,29,31],"killed_by":"Champ","ascension_level":2}