{"gold_per_floor":[112,112,26,39,59,91,91,123,149,168,168,200,200,234,234,234],"floor_reached":16,"playtime":382,"items_purged":[],"score":256,"play_id":"5ede726a-6098-43f5-a923-377f56ec7277","local_time":"20190923180009","is_ascension_mode":true,"campfire_choices":[{"data":"Zap","floor":7,"key":"SMITH"},{"data":"Barrage","floor":11,"key":"SMITH"},{"data":"Beam Cell","floor":13,"key":"SMITH"},{"data":"Coolheaded","floor":15,"key":"SMITH"}],"neow_cost":"NONE","seed_source_timestamp":93168170301132,"circlet_count":0,"master_deck":["AscendersBane","Strike_B","Strike_B","Strike_B","Strike_B","Defend_B","Defend_B","Defend_B","Defend_B","Zap+1","Dualcast","Capacitor","Turbo","Cold Snap","Beam Cell+1","Barrage+1","Ball Lightning","Tempest","Coolheaded+1"],"relics":["Cracked Core","NeowsBlessing","Akabeko","Vajra","Pen Nib","Singing Bowl","Blood Vial"],"potions_floor_usage":[6,6,6,6],"damage_taken":[{"damage":0,"enemies":"Small Slimes","floor":1,"turns":1},{"damage":0,"enemies":"Cultist","floor":4,"turns":1},{"damage":0,"enemies":"2 Louse","floor":5,"turns":1},{"damage":19,"enemies":"3 Sentries","floor":6,"turns":6},{"damage":6,"enemies":"Gremlin Nob","floor":8,"turns":3},{"damage":0,"enemies":"Large Slime","floor":10,"turns":3},{"damage":9,"enemies":"Lagavulin","floor":12,"turns":6},{"damage":16,"enemies":"3 Sentries","floor":14,"turns":5},{"damage":21,"enemies":"The Guardian","floor":16,"turns":6}],"seed_played":"4774949943241363608","potions_obtained":[{"floor":1,"key":"EntropicBrew"},{"floor":2,"key":"FearPotion"},{"floor":8,"key":"SpeedPotion"}],"is_trial":false,"path_per_floor":["M","?","$","M","M","E","R","E","T","M","R","E","R","E","R","B"],"character_chosen":"DEFECT","items_purchased":["Turbo","Cold Snap"],"campfire_rested":0,"item_purchase_floors":[3,3],"current_hp_per_floor":[64,64,64,64,64,45,45,39,39,39,39,32,32,18,18,0],"gold":234,"neow_bonus":"THREE_ENEMY_KILL","is_prod":false,"is_daily":false,"chose_seed":false,"campfire_upgraded":4,"win_rate":0,"timestamp":1569232809,"path_taken":["M","?","?","M","M","E","R","E","T","M","R","E","R","E","R","BOSS"],"build_version":"2019-09-20","purchased_purges":0,"victory":false,"max_hp_per_floor":[71,71,71,71,71,71,71,71,71,71,71,73,73,75,75,75],"card_choices":[{"not_picked":["Doom and Gloom","Hello World"],"picked":"Capacitor","floor":1},{"not_picked":["Stack","Steam"],"picked":"Beam Cell","floor":4},{"not_picked":["Redo","Hologram"],"picked":"Barrage","floor":5},{"not_picked":["Stack","Rebound"],"picked":"Ball Lightning","floor":6},{"not_picked":["Stack","Darkness"],"picked":"Tempest","floor":8},{"not_picked":["Tempest","Rebound"],"picked":"Coolheaded","floor":10},{"not_picked":["Creative AI","Coolheaded","Steam"],"picked":"Singing Bowl","floor":12},{"not_picked":["Blizzard","Tempest","Redo"],"picked":"Singing Bowl","floor":14}],"player_experience":948519,"relics_obtained":[{"floor":6,"key":"Akabeko"},{"floor":8,"key":"Vajra"},{"floor":9,"key":"Pen Nib"},{"floor":12,"key":"Singing Bowl"},{"floor":14,"key":"Blood Vial"}],"event_choices":[{"damage_healed":0,"gold_gain":0,"player_choice":"Got Potions","damage_taken":0,"max_hp_gain":0,"max_hp_loss":0,"event_name":"Lab","floor":2,"gold_loss":0}],"is_beta":true,"boss_relics":[],"items_purged_floors":[],"is_endless":false,"potions_floor_spawned":[1,5,8],"killed_by":"The Guardian","ascension_level":20}