{"gold_per_floor":[117,39,59,19,19,19,52,52,78,78,78,158,193,217,217,346,346,360,360,360,381,381,381,412,412],"floor_reached":25,"playtime":1020,"items_purged":[],"score":350,"play_id":"fcc3099e-1e3e-4862-8365-1ff718250646","local_time":"20190124174752","is_ascension_mode":true,"campfire_choices":[{"data":"Noxious Fumes","floor":6,"key":"SMITH"},{"data":"Blade Dance","floor":8,"key":"SMITH"},{"floor":15,"key":"REST"},{"floor":23,"key":"REST"}],"neow_cost":"NONE","seed_source_timestamp":2786158429000,"circlet_count":0,"master_deck":["Defend_G+1","Defend_G+1","Defend_G+1","Defend_G+1","Defend_G+1","Strike_G+1","Strike_G+1","Strike_G+1","Strike_G+1","Strike_G+1","Survivor","Neutralize","Blade Dance+1","Noxious Fumes+1","Backflip","Accuracy+1","Dagger Spray","Blade Dance","Adrenaline","Infinite Blades","Storm of Steel","Well Laid Plans"],"relics":["Ring of the Serpent","NeowsBlessing","Peace Pipe","Whetstone","Golden Idol","Regal Pillow","Centennial Puzzle","Pen Nib"],"potions_floor_usage":[13,21,24],"damage_taken":[{"damage":0,"enemies":"Cultist","floor":1,"turns":1},{"damage":0,"enemies":"Jaw Worm","floor":3,"turns":1},{"damage":0,"enemies":"3 Sentries","floor":7,"turns":1},{"damage":39,"enemies":"Lagavulin Event","floor":12,"turns":7},{"damage":2,"enemies":"Lagavulin","floor":13,"turns":5},{"damage":0,"enemies":"Small Slimes","floor":14,"turns":2},{"damage":35,"enemies":"The Guardian","floor":16,"turns":10},{"damage":16,"enemies":"Spheric Guardian","floor":18,"turns":4},{"damage":26,"enemies":"3 Byrds","floor":21,"turns":4},{"damage":41,"enemies":"Gremlin Leader","floor":24,"turns":6},{"damage":13,"enemies":"Snecko","floor":25,"turns":2}],"seed_played":"-5878222888031010803","potions_obtained":[{"floor":7,"key":"Weak Potion"},{"floor":12,"key":"Explosive Potion"},{"floor":14,"key":"GamblersBrew"}],"is_trial":false,"path_per_floor":["M","$","M","$","?","R","E","R","T","?","?","?","E","M","R","B",null,"M","?","?","M","?","R","E","M"],"character_chosen":"THE_SILENT","items_purchased":["Noxious Fumes","Accuracy"],"campfire_rested":2,"item_purchase_floors":[2,4],"current_hp_per_floor":[63,63,63,63,63,63,63,63,63,49,49,10,8,8,42,7,51,35,35,35,9,9,43,2,0],"gold":412,"neow_bonus":"THREE_ENEMY_KILL","is_prod":false,"is_daily":false,"chose_seed":false,"campfire_upgraded":2,"win_rate":0,"timestamp":1548370072,"path_taken":["M","$","M","$","?","R","E","R","T","?","?","?","E","M","R","BOSS","M","?","?","M","?","R","E","M"],"build_version":"2019-01-23","purchased_purges":0,"victory":false,"max_hp_per_floor":[70,70,70,70,70,70,70,70,70,70,65,65,65,65,65,65,65,65,65,65,65,65,65,65,65],"card_choices":[{"not_picked":["Cloak And Dagger","Poisoned Stab"],"picked":"Blade Dance","floor":1},{"not_picked":["Bane","Acrobatics"],"picked":"Backflip","floor":3},{"not_picked":["Concentrate","Sucker Punch"],"picked":"Dagger Spray","floor":7},{"not_picked":["Endless Agony","Backflip"],"picked":"Blade Dance","floor":12},{"not_picked":["Bouncing Flask","Well Laid Plans"],"picked":"Adrenaline","floor":13},{"not_picked":["Flechettes","Prepared"],"picked":"Infinite Blades","floor":14},{"not_picked":["Die Die Die","Wraith Form v2"],"picked":"Storm of Steel","floor":16},{"not_picked":["Dodge and Roll","Catalyst+1","Flying Knee"],"picked":"SKIP","floor":18},{"not_picked":["Deflect","Backflip","Poisoned Stab+1"],"picked":"SKIP","floor":21},{"not_picked":["Wraith Form v2","Poisoned Stab","Setup"],"picked":"SKIP","floor":24}],"player_experience":193930,"relics_obtained":[{"floor":7,"key":"Peace Pipe"},{"floor":9,"key":"Whetstone"},{"floor":12,"key":"Regal Pillow"},{"floor":13,"key":"Centennial Puzzle"},{"floor":24,"key":"Pen Nib"}],"event_choices":[{"damage_healed":0,"gold_gain":0,"player_choice":"Leave","damage_taken":0,"max_hp_gain":0,"max_hp_loss":0,"event_name":"The Cleric","floor":5,"gold_loss":0},{"damage_healed":0,"gold_gain":0,"player_choice":"Entered Light","damage_taken":14,"max_hp_gain":0,"max_hp_loss":0,"event_name":"Shining Light","floor":10,"gold_loss":0,"cards_upgraded":["Accuracy","Defend_G"]},{"damage_healed":0,"gold_gain":0,"player_choice":"Lose Max HP","damage_taken":0,"relics_obtained":["Golden Idol"],"max_hp_gain":0,"max_hp_loss":5,"event_name":"Golden Idol","floor":11,"gold_loss":0},{"damage_healed":0,"gold_gain":0,"player_choice":"Searched \u00272\u0027 times","damage_taken":0,"max_hp_gain":0,"max_hp_loss":0,"event_name":"Dead Adventurer","floor":12,"gold_loss":0},{"damage_healed":0,"gold_gain":0,"player_choice":"Read","damage_taken":0,"max_hp_gain":0,"max_hp_loss":0,"event_name":"The Library","floor":19,"gold_loss":0,"cards_obtained":["Well Laid Plans"]},{"damage_healed":0,"gold_gain":0,"player_choice":"Ignored","damage_taken":0,"max_hp_gain":0,"max_hp_loss":0,"event_name":"Vampires","floor":20,"gold_loss":0},{"damage_healed":0,"gold_gain":0,"player_choice":"Simplicity","damage_taken":0,"max_hp_gain":0,"max_hp_loss":0,"event_name":"Back to Basics","floor":22,"gold_loss":0,"cards_upgraded":["Defend_G","Defend_G","Defend_G","Defend_G","Strike_G","Strike_G","Strike_G"]}],"is_beta":false,"boss_relics":[{"not_picked":["Tiny House","Runic Pyramid"],"picked":"Ring of the Serpent"}],"items_purged_floors":[],"is_endless":false,"potions_floor_spawned":[7,12,14],"killed_by":"Snecko","ascension_level":8}