{"gold_per_floor":[18,18,18,68,13,13,34,34,57,70,70,94,115,130,130,130],"floor_reached":16,"playtime":327,"items_purged":[],"score":184,"play_id":"40606664-bffb-4f7f-88c8-2ad8ba790bca","local_time":"20190922232750","is_ascension_mode":true,"campfire_choices":[{"data":"Armaments","floor":6,"key":"SMITH"},{"data":"Carnage","floor":11,"key":"SMITH"},{"data":"Feel No Pain","floor":15,"key":"SMITH"}],"neow_cost":"NO_GOLD","seed_source_timestamp":26483131586005,"circlet_count":0,"master_deck":["AscendersBane","Strike_R","Strike_R","Strike_R","Defend_R","Defend_R","Defend_R","Defend_R","Bash","True Grit","Armaments+1","Corruption+1","Carnage+1","Feel No Pain+1","Evolve"],"relics":["Burning Blood","Golden Idol","Red Skull"],"potions_floor_usage":[],"damage_taken":[{"damage":14,"enemies":"Jaw Worm","floor":1,"turns":5},{"damage":7,"enemies":"Cultist","floor":7,"turns":6},{"damage":8,"enemies":"Small Slimes","floor":10,"turns":5},{"damage":0,"enemies":"2 Fungi Beasts","floor":12,"turns":2},{"damage":4,"enemies":"Looter","floor":13,"turns":3},{"damage":19,"enemies":"Gremlin Gang","floor":14,"turns":6},{"damage":34,"enemies":"Hexaghost","floor":16,"turns":9}],"seed_played":"4930314117741113820","potions_obtained":[{"floor":10,"key":"Dexterity Potion"}],"is_trial":false,"path_per_floor":["M","?","$","?","$","R","M","?","T","M","R","M","M","M","R","B"],"character_chosen":"IRONCLAD","items_purchased":["Armaments"],"campfire_rested":0,"item_purchase_floors":[5],"current_hp_per_floor":[60,60,60,54,54,54,53,53,53,51,51,57,59,46,46,12],"gold":130,"neow_bonus":"REMOVE_TWO","is_prod":false,"is_daily":false,"chose_seed":false,"campfire_upgraded":3,"win_rate":0,"timestamp":1569166070,"path_taken":["M","?","$","?","$","R","?","?","T","?","R","M","M","M","R","BOSS"],"build_version":"2019-09-20","purchased_purges":0,"victory":false,"max_hp_per_floor":[75,68,68,68,68,68,68,68,68,68,68,68,68,68,68,68],"card_choices":[{"not_picked":["Carnage","Sentinel"],"picked":"True Grit","floor":1},{"not_picked":["Spot Weakness","Rage"],"picked":"Corruption","floor":7},{"not_picked":["Wild Strike","Sever Soul"],"picked":"Carnage","floor":10},{"not_picked":["Perfected Strike","Clash","Cleave"],"picked":"SKIP","floor":12},{"not_picked":["Flex","Corruption"],"picked":"Feel No Pain","floor":13},{"not_picked":["Burning Pact","Twin Strike"],"picked":"Evolve","floor":14}],"player_experience":924799,"relics_obtained":[{"floor":9,"key":"Red Skull"}],"event_choices":[{"damage_healed":0,"gold_gain":0,"player_choice":"Lose Max HP","damage_taken":0,"relics_obtained":["Golden Idol"],"max_hp_gain":0,"max_hp_loss":7,"event_name":"Golden Idol","floor":2,"gold_loss":0},{"damage_healed":0,"gold_gain":50,"player_choice":"Touch","damage_taken":6,"max_hp_gain":0,"max_hp_loss":0,"event_name":"FaceTrader","floor":4,"gold_loss":0},{"damage_healed":0,"gold_gain":0,"player_choice":"Upgraded","damage_taken":0,"max_hp_gain":0,"max_hp_loss":0,"event_name":"Upgrade Shrine","floor":8,"gold_loss":0,"cards_upgraded":["Corruption"]}],"is_beta":true,"boss_relics":[],"items_purged_floors":[],"is_endless":false,"potions_floor_spawned":[10],"killed_by":"Hexaghost","ascension_level":20}