{"gold_per_floor":[113,130,145,159,159,193,193,222,245,260,260,260,271,271,271,369,369,380,380,393,409,154,188,188,217,243,253,267,267,300,300,300,403,403,413,34,34,45,58,58,72,72,99,124,134,159,159,159,159,159],"floor_reached":51,"playtime":3599,"items_purged":["Pain"],"score":984,"play_id":"1b153bde-469c-4906-a7aa-630cb37bef21","local_time":"20190209222553","is_ascension_mode":true,"campfire_choices":[{"data":"Dash","floor":7,"key":"SMITH"},{"data":"Terror","floor":12,"key":"SMITH"},{"floor":15,"key":"REST"},{"floor":24,"key":"REST"},{"floor":32,"key":"REST"},{"floor":40,"key":"REST"},{"floor":42,"key":"REST"},{"floor":49,"key":"REST"}],"neow_cost":"NONE","seed_source_timestamp":2331145954798741,"circlet_count":0,"master_deck":["Defend_G","Defend_G","Defend_G","Defend_G","Defend_G","Strike_G","Strike_G","Strike_G","Strike_G","Strike_G","Survivor+1","Neutralize","Deadly Poison","Bane","Finisher","Backstab","Dash+1","Well Laid Plans","Deadly Poison","Terror+1","Crippling Poison","Adrenaline","Backflip+1","Leg Sweep","Quick Slash","The Bomb","Doppelganger","Deadly Poison","Blur+1","Dash","Leg Sweep","Wraith Form v2","Dash","Quick Slash+1","Calculated Gamble+1","Heel Hook","Infinite Blades","Sucker Punch+1","Bouncing Flask+1","Noxious Fumes+1","Dagger Spray+1","Noxious Fumes+1","Escape Plan+1","Leg Sweep+1","PiercingWail","Doubt","Madness","Madness"],"relics":["Ring of the Snake","WarpedTongs","Dodecahedron","Bronze Scales","Snake Skull","Fusion Hammer","Strawberry","War Paint","Orichalcum","Mango","Orrery","Blood Vial","Pen Nib","Bag of Preparation","Oddly Smooth Stone","Lantern"],"potions_floor_usage":[16,21,23,30,41,45],"damage_taken":[{"damage":1,"enemies":"Cultist","floor":1,"turns":4},{"damage":0,"enemies":"2 Louse","floor":2,"turns":3},{"damage":2,"enemies":"Jaw Worm","floor":3,"turns":3},{"damage":1,"enemies":"Red Slaver","floor":4,"turns":4},{"damage":14,"enemies":"3 Sentries","floor":6,"turns":11},{"damage":13,"enemies":"Gremlin Nob","floor":8,"turns":5},{"damage":4,"enemies":"3 Louse","floor":10,"turns":3},{"damage":5,"enemies":"Blue Slaver","floor":13,"turns":2},{"damage":9,"enemies":"Hexaghost","floor":16,"turns":6},{"damage":5,"enemies":"Shell Parasite","floor":18,"turns":2},{"damage":4,"enemies":"3 Byrds","floor":20,"turns":3},{"damage":5,"enemies":"Snake Plant","floor":21,"turns":3},{"damage":10,"enemies":"Slavers","floor":23,"turns":5},{"damage":25,"enemies":"Book of Stabbing","floor":25,"turns":5},{"damage":0,"enemies":"Cultist and Chosen","floor":27,"turns":4},{"damage":4,"enemies":"Centurion and Healer","floor":28,"turns":5},{"damage":16,"enemies":"Gremlin Leader","floor":30,"turns":4},{"damage":33,"enemies":"Champ","floor":33,"turns":11},{"damage":6,"enemies":"3 Shapes","floor":35,"turns":4},{"damage":9,"enemies":"3 Darklings","floor":38,"turns":7},{"damage":28,"enemies":"Jaw Worm Horde","floor":39,"turns":5},{"damage":4,"enemies":"Transient","floor":41,"turns":5},{"damage":43,"enemies":"Giant Head","floor":44,"turns":8},{"damage":8,"enemies":"Maw","floor":45,"turns":6},{"damage":29,"enemies":"Nemesis","floor":46,"turns":7},{"damage":77,"enemies":"Awakened One","floor":50,"turns":17}],"seed_played":"2122037861029696831","potions_obtained":[{"floor":2,"key":"EssenceOfSteel"},{"floor":6,"key":"FearPotion"},{"floor":10,"key":"FearPotion"},{"floor":13,"key":"Block Potion"},{"floor":20,"key":"GhostInAJar"},{"floor":25,"key":"Fire Potion"},{"floor":30,"key":"PowerPotion"},{"floor":33,"key":"Swift Potion"},{"floor":35,"key":"SteroidPotion"},{"floor":38,"key":"Regen Potion"},{"floor":39,"key":"GhostInAJar"}],"is_trial":false,"path_per_floor":["M","M","M","M","?","E","R","E","T","M","?","R","M","?","R","B",null,"M","?","M","M","$","E","R","E","T","M","M","?","E","?","R","B",null,"M","$","?","M","M","R","M","R","T","E","M","E","?","?","R","B",null],"character_chosen":"THE_SILENT","items_purchased":["The Bomb","Bouncing Flask","Blood Vial","Pen Nib"],"campfire_rested":6,"item_purchase_floors":[22,36,36,36],"current_hp_per_floor":[69,69,67,66,66,52,52,39,39,35,35,35,30,30,51,42,63,58,58,54,49,49,46,69,44,44,44,40,40,38,38,65,32,76,70,70,70,63,37,64,62,89,89,48,57,30,91,80,91,14],"gold":159,"neow_bonus":"THREE_CARDS","is_prod":false,"is_daily":false,"chose_seed":false,"campfire_upgraded":2,"win_rate":0,"timestamp":1549743953,"path_taken":["M","M","M","M","?","E","R","E","T","?","?","R","M","?","R","BOSS","M","?","M","M","$","E","R","E","T","M","M","?","E","?","R","BOSS","M","$","?","M","M","R","M","R","T","E","?","E","?","?","R","BOSS"],"build_version":"2019-01-23","purchased_purges":1,"victory":true,"max_hp_per_floor":[70,70,70,70,70,70,70,70,70,70,70,70,70,70,70,70,70,70,70,70,70,70,77,77,77,77,77,77,77,91,91,91,91,91,91,91,91,91,91,91,91,91,91,91,91,91,91,91,91,91],"card_choices":[{"not_picked":["PiercingWail","Underhanded Strike"],"picked":"Deadly Poison","floor":0},{"not_picked":["Flying Knee","Outmaneuver"],"picked":"Bane","floor":1},{"not_picked":["Underhanded Strike","PiercingWail"],"picked":"Finisher","floor":2},{"not_picked":["Underhanded Strike","Infinite Blades"],"picked":"Backstab","floor":3},{"not_picked":["Die Die Die","Acrobatics"],"picked":"Dash","floor":4},{"not_picked":["Cloak And Dagger","Masterful Stab"],"picked":"Well Laid Plans","floor":6},{"not_picked":["Prepared","Bullet Time"],"picked":"Deadly Poison","floor":8},{"not_picked":["Infinite Blades","Cloak And Dagger"],"picked":"Terror","floor":10},{"not_picked":["Backflip","Riddle With Holes"],"picked":"Crippling Poison","floor":13},{"not_picked":["After Image","Night Terror"],"picked":"Adrenaline","floor":16},{"not_picked":["Flechettes+1","Heel Hook"],"picked":"Backflip","floor":18},{"not_picked":["Underhanded Strike","Escape Plan"],"picked":"Leg Sweep","floor":20},{"not_picked":["Dodge and Roll","Reflex"],"picked":"Quick Slash","floor":21},{"not_picked":["Skewer","Masterful Stab","Tactician"],"picked":"SKIP","floor":23},{"not_picked":["Expertise","Eviscerate"],"picked":"Doppelganger","floor":25},{"not_picked":["Outmaneuver","Eviscerate"],"picked":"Deadly Poison","floor":27},{"not_picked":["Dagger Spray","Slice"],"picked":"Blur+1","floor":28},{"not_picked":["Finisher","Flying Knee"],"picked":"Dash","floor":30},{"not_picked":["Doppelganger","Die Die Die"],"picked":"Wraith Form v2","floor":33},{"not_picked":["Dodge and Roll","Underhanded Strike"],"picked":"Dash","floor":34},{"not_picked":["All Out Attack","Underhanded Strike"],"picked":"Quick Slash+1","floor":34},{"not_picked":["Flying Knee","Masterful Stab"],"picked":"Calculated Gamble+1","floor":34},{"not_picked":["Blade Dance","Distraction"],"picked":"Heel Hook","floor":34},{"not_picked":["Quick Slash","Choke"],"picked":"Infinite Blades","floor":34},{"not_picked":["Dodge and Roll+1","Backflip"],"picked":"Sucker Punch+1","floor":35},{"not_picked":["Dodge and Roll+1","Wraith Form v2"],"picked":"Noxious Fumes+1","floor":38},{"not_picked":["Predator","Infinite Blades"],"picked":"Dagger Spray+1","floor":39},{"not_picked":["Caltrops+1","Escape Plan"],"picked":"Noxious Fumes+1","floor":41},{"not_picked":["Dagger Spray","Endless Agony+1"],"picked":"Escape Plan+1","floor":44},{"not_picked":["Backstab","Dodge and Roll"],"picked":"Leg Sweep+1","floor":45},{"not_picked":["Terror+1","Accuracy"],"picked":"PiercingWail","floor":46}],"player_experience":206886,"relics_obtained":[{"floor":6,"key":"Dodecahedron"},{"floor":8,"key":"Bronze Scales"},{"floor":9,"key":"Snake Skull"},{"floor":23,"key":"Strawberry"},{"floor":25,"key":"War Paint"},{"floor":26,"key":"Orichalcum"},{"floor":30,"key":"Mango"},{"floor":43,"key":"Bag of Preparation"},{"floor":44,"key":"Oddly Smooth Stone"},{"floor":46,"key":"Lantern"}],"event_choices":[{"damage_healed":0,"gold_gain":0,"player_choice":"Rummage","damage_taken":0,"relics_obtained":["WarpedTongs"],"max_hp_gain":0,"max_hp_loss":0,"event_name":"Accursed Blacksmith","floor":5,"gold_loss":0,"cards_obtained":["Pain"]},{"damage_healed":0,"gold_gain":0,"player_choice":"Fled","damage_taken":0,"max_hp_gain":0,"max_hp_loss":0,"event_name":"Scrap Ooze","floor":11,"gold_loss":0},{"damage_healed":0,"gold_gain":0,"player_choice":"Leave","damage_taken":0,"max_hp_gain":0,"max_hp_loss":0,"event_name":"FaceTrader","floor":14,"gold_loss":0},{"damage_healed":0,"gold_gain":0,"player_choice":"Ignored","damage_taken":0,"max_hp_gain":0,"max_hp_loss":0,"event_name":"Ghosts","floor":19,"gold_loss":0},{"damage_healed":0,"gold_gain":0,"player_choice":"Ignored","damage_taken":0,"max_hp_gain":0,"max_hp_loss":0,"event_name":"Cursed Tome","floor":29,"gold_loss":0},{"damage_healed":0,"gold_gain":0,"player_choice":"Read","damage_taken":0,"max_hp_gain":0,"max_hp_loss":0,"event_name":"The Library","floor":31,"gold_loss":0,"cards_obtained":["Leg Sweep"]},{"damage_healed":0,"gold_gain":0,"player_choice":"Upgraded","damage_taken":0,"max_hp_gain":0,"max_hp_loss":0,"event_name":"Upgrade Shrine","floor":37,"gold_loss":0,"cards_upgraded":["Bouncing Flask"]},{"damage_healed":61,"gold_gain":0,"player_choice":"Heal","damage_taken":0,"max_hp_gain":0,"max_hp_loss":0,"event_name":"MindBloom","floor":47,"gold_loss":0,"cards_obtained":["Doubt"]},{"damage_healed":0,"gold_gain":0,"player_choice":"Embrace Madness","damage_taken":11,"max_hp_gain":0,"max_hp_loss":0,"event_name":"Winding Halls","floor":48,"gold_loss":0,"cards_obtained":["Madness","Madness"]}],"is_beta":false,"boss_relics":[{"not_picked":["WristBlade","Tiny House"],"picked":"Fusion Hammer"},{"not_picked":["Runic Pyramid","Coffee Dripper"],"picked":"Orrery"}],"items_purged_floors":[22],"is_endless":false,"potions_floor_spawned":[2,6,10,13,20,25,30,33,35,38,39],"ascension_level":5}