{"gold_per_floor":[118,193,193,209,134,134,159,159,185,5,36,46,46,58,58,58],"floor_reached":16,"playtime":953,"items_purged":["Defend_G"],"score":130,"play_id":"4fa48556-946a-42f2-8087-c5aa45400f2d","local_time":"20191016222103","is_ascension_mode":true,"campfire_choices":[{"data":"Neutralize","floor":6,"key":"SMITH"},{"data":"PiercingWail","floor":8,"key":"SMITH"},{"data":"Quick Slash","floor":15,"key":"SMITH"}],"neow_cost":"NONE","seed_source_timestamp":513940078633600,"circlet_count":0,"master_deck":["Strike_G","Strike_G","Strike_G","Strike_G","Strike_G","Defend_G","Defend_G","Defend_G","Defend_G+1","Survivor","Neutralize+1","PiercingWail+1","Deflect+1","Flying Knee","Quick Slash+1","Cloak And Dagger+1","Infinite Blades"],"relics":["Ring of the Snake","PreservedInsect","War Paint","Lantern","Oddly Smooth Stone","Calipers"],"potions_floor_usage":[7],"damage_taken":[{"damage":2,"enemies":"Small Slimes","floor":1,"turns":4},{"damage":0,"enemies":"2 Louse","floor":4,"turns":3},{"damage":25,"enemies":"3 Sentries","floor":7,"turns":13},{"damage":8,"enemies":"Gremlin Nob","floor":11,"turns":4},{"damage":0,"enemies":"Jaw Worm","floor":12,"turns":4},{"damage":0,"enemies":"3 Louse","floor":14,"turns":4},{"damage":28,"enemies":"Hexaghost","floor":16,"turns":9}],"seed_played":"-9074435921661522890","potions_obtained":[{"floor":4,"key":"GamblersBrew"},{"floor":11,"key":"Strength Potion"}],"is_trial":false,"path_per_floor":["M","?","?","M","$","R","E","R","T","$","E","M","?","M","R","B"],"character_chosen":"THE_SILENT","items_purchased":["Oddly Smooth Stone","Flying Knee"],"campfire_rested":0,"item_purchase_floors":[10,10],"current_hp_per_floor":[68,57,57,57,57,57,32,32,32,32,24,24,24,24,24,0],"gold":58,"neow_bonus":"RANDOM_COMMON_RELIC","is_prod":false,"is_daily":false,"chose_seed":false,"campfire_upgraded":3,"win_rate":0,"timestamp":1571286063,"path_taken":["M","?","?","M","$","R","E","R","T","?","E","M","?","M","R","BOSS"],"build_version":"2019-07-17","purchased_purges":1,"victory":false,"max_hp_per_floor":[70,70,70,70,70,70,70,70,70,70,70,70,70,70,70,70],"card_choices":[{"not_picked":["Deflect","Tactician"],"picked":"PiercingWail","floor":1},{"not_picked":["Prepared","Underhanded Strike"],"picked":"Deflect","floor":4},{"not_picked":["Prepared","Outmaneuver","Bane"],"picked":"SKIP","floor":7},{"not_picked":["PiercingWail","Backflip"],"picked":"Quick Slash","floor":11},{"not_picked":["Acrobatics","Flying Knee"],"picked":"Cloak And Dagger","floor":12},{"not_picked":["Reflex","Backflip"],"picked":"Infinite Blades","floor":14}],"player_experience":62891,"relics_obtained":[{"floor":7,"key":"War Paint"},{"floor":9,"key":"Lantern"},{"floor":11,"key":"Calipers"}],"event_choices":[{"damage_healed":0,"gold_gain":75,"player_choice":"Gather Gold","damage_taken":11,"max_hp_gain":0,"max_hp_loss":0,"event_name":"World of Goop","floor":2,"gold_loss":0},{"damage_healed":0,"gold_gain":0,"player_choice":"Ignored","damage_taken":0,"max_hp_gain":0,"max_hp_loss":0,"event_name":"Golden Idol","floor":3,"gold_loss":0},{"damage_healed":0,"gold_gain":0,"player_choice":"Upgraded","damage_taken":0,"max_hp_gain":0,"max_hp_loss":0,"event_name":"Upgrade Shrine","floor":13,"gold_loss":0,"cards_upgraded":["Cloak And Dagger"]}],"is_beta":false,"boss_relics":[],"items_purged_floors":[5],"is_endless":false,"potions_floor_spawned":[4,11],"killed_by":"Hexaghost","ascension_level":4}