{"gold_per_floor":[119,69,86,86,9,9,44,67,67,145,145,168,125,50,50,171,171,190,190,204,228,75,90,90],"floor_reached":24,"playtime":959,"items_purged":["Strike_B"],"score":196,"play_id":"b99b8265-c579-43e7-bffb-aa4db5b1ace8","local_time":"20191002155631","is_ascension_mode":false,"campfire_choices":[{"data":"Hologram","floor":6,"key":"SMITH"},{"floor":11,"key":"REST"},{"floor":15,"key":"REST"}],"neow_cost":"NONE","seed_source_timestamp":495783315321900,"circlet_count":0,"master_deck":["Strike_B","Strike_B","Defend_B","Defend_B","Defend_B","Defend_B","Zap","Dualcast","Hologram+1","Streamline","White Noise","Go for the Eyes","Self Repair"],"relics":["Cracked Core","Golden Idol","Mercury Hourglass","Matryoshka","White Beast Statue","Anchor"],"potions_floor_usage":[18,18,21,21,23,24,24],"damage_taken":[{"damage":3,"enemies":"Jaw Worm","floor":1,"turns":4},{"damage":0,"enemies":"2 Louse","floor":3,"turns":2},{"damage":46,"enemies":"Gremlin Nob","floor":7,"turns":5},{"damage":5,"enemies":"Small Slimes","floor":8,"turns":2},{"damage":1,"enemies":"2 Fungi Beasts","floor":12,"turns":3},{"damage":36,"enemies":"Slime Boss","floor":16,"turns":8},{"damage":16,"enemies":"2 Thieves","floor":18,"turns":4},{"damage":5,"enemies":"Spheric Guardian","floor":20,"turns":3},{"damage":32,"enemies":"Snake Plant","floor":21,"turns":5},{"damage":9,"enemies":"Centurion and Healer","floor":23,"turns":10},{"damage":39,"enemies":"Shelled Parasite and Fungi","floor":24,"turns":5}],"seed_played":"-6784729706344314576","potions_obtained":[{"floor":3,"key":"FocusPotion"},{"floor":7,"key":"Weak Potion"},{"floor":16,"key":"Energy Potion"},{"floor":18,"key":"Energy Potion"},{"floor":20,"key":"Fruit Juice"},{"floor":21,"key":"Block Potion"},{"floor":23,"key":"Fire Potion"}],"is_trial":false,"path_per_floor":["M","?","M","?","$","R","E","M","T","?","R","M","?","$","R","B",null,"M","?","M","M","$","M","M"],"character_chosen":"DEFECT","items_purchased":["White Noise","Anchor"],"campfire_rested":2,"item_purchase_floors":[5,22],"current_hp_per_floor":[72,72,72,54,54,54,8,3,3,3,25,24,24,24,46,10,75,59,59,54,27,27,25,0],"gold":90,"neow_bonus":"THREE_CARDS","is_prod":false,"is_daily":false,"chose_seed":false,"campfire_upgraded":1,"win_rate":0.0,"timestamp":1570024591,"path_taken":["M","?","M","?","?","R","E","M","T","?","R","M","?","$","R","BOSS","M","?","M","M","$","M","M"],"build_version":"2019-07-17","purchased_purges":1,"victory":false,"max_hp_per_floor":[75,75,75,75,75,75,75,75,75,75,75,75,75,75,75,75,75,75,75,75,80,80,80,80],"card_choices":[{"not_picked":["Turbo","Steam"],"picked":"Hologram","floor":0},{"not_picked":["Coolheaded","Hologram"],"picked":"Streamline","floor":1},{"not_picked":["Steam","Reinforced Body","Streamline"],"picked":"SKIP","floor":3},{"not_picked":["Sweeping Beam","Consume","Redo"],"picked":"SKIP","floor":7},{"not_picked":["Cold Snap","Streamline","Steam"],"picked":"SKIP","floor":8},{"not_picked":["Doom and Gloom","White Noise","Glacier"],"picked":"SKIP","floor":12},{"not_picked":["Chaos+1","Steam+1"],"picked":"Go for the Eyes","floor":18},{"not_picked":["Turbo","Ball Lightning","Rip and Tear"],"picked":"SKIP","floor":20},{"not_picked":["Undo+1","Stack"],"picked":"Self Repair","floor":21},{"not_picked":["Genetic Algorithm","Leap","Coolheaded"],"picked":"SKIP","floor":23}],"player_experience":137442,"relics_obtained":[{"floor":7,"key":"Mercury Hourglass"},{"floor":9,"key":"Matryoshka"}],"event_choices":[{"cards_removed":["Strike_B"],"damage_healed":0,"gold_gain":0,"player_choice":"Card Removal","damage_taken":0,"max_hp_gain":0,"max_hp_loss":0,"event_name":"The Cleric","floor":2,"gold_loss":50},{"damage_healed":0,"gold_gain":0,"player_choice":"Take Damage","damage_taken":18,"relics_obtained":["Golden Idol"],"max_hp_gain":0,"max_hp_loss":0,"event_name":"Golden Idol","floor":4,"gold_loss":0},{"damage_healed":0,"gold_gain":78,"player_choice":"Gained Gold","damage_taken":0,"max_hp_gain":0,"max_hp_loss":0,"event_name":"Golden Wing","floor":10,"gold_loss":0},{"damage_healed":0,"gold_gain":0,"player_choice":"Left Gold","damage_taken":0,"max_hp_gain":0,"max_hp_loss":0,"event_name":"World of Goop","floor":13,"gold_loss":43},{"damage_healed":0,"gold_gain":0,"player_choice":"Ignored","damage_taken":0,"max_hp_gain":0,"max_hp_loss":0,"event_name":"The Mausoleum","floor":19,"gold_loss":0}],"is_beta":false,"boss_relics":[{"not_picked":["Velvet Choker","FrozenCore"],"picked":"White Beast Statue"}],"items_purged_floors":[14],"is_endless":false,"potions_floor_spawned":[3,7,16,18,20,21,23],"killed_by":"Shelled Parasite and Fungi","ascension_level":0}