{"path_per_floor":["M","M","?","?","$","R","E","M","T","M","E","M","M","?","R","B",null,"M","?","$","T"],"character_chosen":"THE_SILENT","items_purchased":["Caltrops","Toxic Egg 2"],"gold_per_floor":[115,125,125,125,44,44,102,122,148,162,191,204,219,219,219,321,321,338,338,40,40],"floor_reached":22,"campfire_rested":1,"playtime":1116,"current_hp_per_floor":[64,61,61,47,47,47,37,37,37,27,19,14,14,14,35,4,70,31,15,15,15],"items_purged":["Strike_G"],"gold":40,"score":233,"play_id":"952fd5d5-fb64-4cc7-b74e-e45b495c9298","is_prod":false,"is_daily":false,"is_ascension_mode":true,"campfire_upgraded":1,"path_taken":["M","?","?","?","?","R","E","M","T","M","E","M","?","?","R","BOSS","M","?","$","?","M"],"build_version":"2018-02-08-PROD1","purchased_purges":2,"victory":false,"master_deck":["Defend_G","Defend_G+1","Defend_G","Defend_G","Defend_G","Strike_G+1","Strike_G+1","Strike_G","Survivor","Neutralize+1","Doppelganger+1","Escape Plan","Caltrops","Caltrops","Prepared","Bouncing Flask","Wraith Form","Prepared","Envenom","Writhe","Injury","Regret","Caltrops+1"],"max_hp_per_floor":[70,70,70,70,70,70,70,70,70,70,70,70,70,70,70,70,70,70,70,70,70],"relics":["Question Card","Tiny Chest","Whetstone","Lantern","Calling Bell","Kunai","Smiling Mask","Pen Nib","Nilry\u0027s Codex","Toxic Egg 2","Frozen Eye"],"card_choices":[{"not_picked":["Predator","Bane","Underhanded Strike"],"picked":"Doppelganger"},{"not_picked":["Outmaneuver","All Out Attack","Dagger Throw"],"picked":"Escape Plan"},{"not_picked":["Acrobatics","Slice","Storm of Steel"],"picked":"Prepared"},{"not_picked":["Expertise","Dagger Throw","Slice"],"picked":"Bouncing Flask"},{"not_picked":["All Out Attack","Leg Sweep","Endless Agony"],"picked":"Wraith Form"},{"not_picked":["Deadly Poison","Heel Hook","Sucker Punch"],"picked":"Prepared"},{"not_picked":["Die Die Die","Tactician","Night Terror"],"picked":"Envenom"},{"not_picked":["Terror","Distraction","Dagger Throw"],"picked":"Caltrops"}],"player_experience":140580,"potions_floor_usage":[7,11,13,16,16,16,18],"damage_taken":[{"damage":6,"enemies":"Blue Slaver","floor":1,"turns":5},{"damage":3,"enemies":"Jaw Worm","floor":2,"turns":6},{"damage":10,"enemies":"Lagavulin","floor":7,"turns":10},{"damage":0,"enemies":"Cultist","floor":8,"turns":4},{"damage":10,"enemies":"2 Fungi Beasts","floor":10,"turns":4},{"damage":8,"enemies":"Gremlin Nob","floor":11,"turns":4},{"damage":5,"enemies":"3 Louse","floor":12,"turns":4},{"damage":0,"enemies":"Exordium Wildlife","floor":13,"turns":3},{"damage":46,"enemies":"Slime Boss","floor":16,"turns":12},{"damage":39,"enemies":"Chosen","floor":18,"turns":8},{"damage":15,"enemies":"Shell Parasite","floor":22,"turns":3}],"event_choices":[{"event_name":"Transmorgrifier","player_choice":"Transform","floor":3,"damage_taken":0},{"event_name":"Shining Light","player_choice":"Entered Light","floor":4,"damage_taken":0},{"event_name":"The Lab","player_choice":"Got Potions","floor":14,"damage_taken":0},{"event_name":"Cursed Tome","player_choice":"Obtained Book","floor":19,"damage_taken":0}],"boss_relics":[{"not_picked":["Runic Dome","Philosopher\u0027s Stone"],"picked":"Calling Bell"}],"potions_floor_spawned":[1,7,11,12,16],"seed_played":"6187088774882275465","killed_by":"Shell Parasite","ascension_level":4,"is_trial":false}