{"gold_per_floor":[114,43,58,73,88,88,88,113,163,163,178,193,208,223,223,223],"floor_reached":16,"playtime":1109,"items_purged":[],"score":121,"play_id":"6f828ebb-7813-4348-91e5-b2c8ec3e7f39","local_time":"20180729013154","daily_mods":["Specialized","Cursed Run","Binary"],"is_ascension_mode":false,"campfire_choices":[{"floor":6,"key":"REST"},{"floor":10,"key":"REST"},{"floor":15,"key":"REST"}],"neow_cost":"","seed_source_timestamp":0,"circlet_count":0,"master_deck":["Defend_G","Defend_G","Defend_G","Defend_G","Defend_G","Strike_G","Strike_G","Strike_G","Strike_G","Strike_G","Survivor","Neutralize","Night Terror","Night Terror","Night Terror","Night Terror","Concentrate","Reflex","Acrobatics","Calculated Gamble","Decay","Writhe","Well Laid Plans","Backflip","PiercingWail"],"special_seed":17741,"relics":["Cursed Key","Darkstone Periapt","Du-Vu Doll","Ancient Tea Set","Bag of Marbles"],"potions_floor_usage":[16,16,16],"damage_taken":[{"damage":2,"enemies":"Cultist","floor":1,"turns":4},{"damage":11,"enemies":"Jaw Worm","floor":3,"turns":6},{"damage":12,"enemies":"Small Slimes","floor":4,"turns":6},{"damage":39,"enemies":"3 Louse","floor":5,"turns":9},{"damage":7,"enemies":"Blue Slaver","floor":11,"turns":4},{"damage":25,"enemies":"Red Slaver","floor":12,"turns":6},{"damage":0,"enemies":"2 Fungi Beasts","floor":13,"turns":4},{"damage":9,"enemies":"Large Slime","floor":14,"turns":9},{"damage":40,"enemies":"Slime Boss","floor":16,"turns":9}],"seed_played":"3633398992768724987","potions_obtained":[{"floor":1,"key":"Strength Potion"},{"floor":3,"key":"PowerPotion"},{"floor":12,"key":"Dexterity Potion"}],"is_trial":false,"path_per_floor":["M","$","M","M","M","R","?","T","T","R","M","M","M","M","R"],"character_chosen":"THE_SILENT","items_purchased":["Reflex"],"campfire_rested":3,"item_purchase_floors":[2],"current_hp_per_floor":[68,68,57,45,6,27,20,26,32,56,49,24,24,15,39,0],"gold":223,"neow_bonus":"","is_prod":false,"is_daily":true,"chose_seed":false,"campfire_upgraded":0,"win_rate":0,"timestamp":1532853114,"path_taken":["M","?","?","M","M","R","?","?","T","R","M","M","M","M","R","BOSS"],"build_version":"2018-07-26","purchased_purges":0,"victory":false,"max_hp_per_floor":[70,70,70,70,70,70,70,76,82,82,82,82,82,82,82,82],"card_choices":[{"not_picked":["Well Laid Plans"],"picked":"Concentrate","floor":1},{"not_picked":["Deflect"],"picked":"Acrobatics","floor":3},{"not_picked":["Masterful Stab"],"picked":"Calculated Gamble","floor":4},{"not_picked":["Flying Knee","Cloak And Dagger"],"picked":"SKIP","floor":5},{"not_picked":["Flying Knee"],"picked":"Well Laid Plans","floor":11},{"not_picked":["Cloak And Dagger"],"picked":"Backflip","floor":12},{"not_picked":["Infinite Blades","Heel Hook"],"picked":"SKIP","floor":13},{"not_picked":["Deflect"],"picked":"PiercingWail","floor":14}],"player_experience":181018,"relics_obtained":[{"floor":8,"key":"Ancient Tea Set"},{"floor":9,"key":"Bag of Marbles"}],"event_choices":[{"event_name":"Golden Wing","player_choice":"Card Removal","floor":7,"damage_taken":0}],"is_beta":false,"boss_relics":[],"items_purged_floors":[],"is_endless":false,"potions_floor_spawned":[1,3,12,14],"killed_by":"Slime Boss","ascension_level":0}