{"gold_per_floor":[110,121,221,5,17,50,17,48,48,63,90,109,128,139,139,237,237,237,31,31,31,31,31,31,31,31,31,31,31,31,31,31,31,31,31,31,31,31,31,31,31,31,31,31,31],"floor_reached":45,"playtime":2499,"items_purged":["Parasite"],"score":605,"play_id":"2b782e27-7adc-456b-aa31-f2311bbd4d98","local_time":"20191001202329","is_ascension_mode":true,"campfire_choices":[{"data":"Zap","floor":15,"key":"SMITH"},{"data":"Skim","floor":23,"key":"SMITH"},{"data":"Loop","floor":25,"key":"SMITH"},{"floor":29,"key":"REST"},{"data":"Buffer","floor":32,"key":"SMITH"},{"data":"Creative AI","floor":40,"key":"SMITH"},{"floor":44,"key":"REST"}],"neow_cost":"CURSE","seed_source_timestamp":609157311405300,"circlet_count":0,"master_deck":["Strike_B","Strike_B","Strike_B","Defend_B","Defend_B","Defend_B","Defend_B","Zap+1","Dualcast","Good Instincts","Swift Strike","Coolheaded","Beam Cell","All For One","Melter","Chill","Gash","Gash","Go for the Eyes","FTL","Skim+1","Electrodynamics","Cold Snap","Aggregate","Loop+1","Doom and Gloom","Buffer+1","Creative AI+1","Force Field+1","Lockon+1","Core Surge"],"relics":["Cracked Core","Mummified Hand","Calipers","Nunchaku","Blood Vial","Ectoplasm","Lee\u0027s Waffle","Red Mask","Kunai","NlothsMask","Strawberry","White Beast Statue","Prayer Wheel"],"potions_floor_usage":[11,16,16,16,31,31,37,42,42,45],"damage_taken":[{"damage":2,"enemies":"Jaw Worm","floor":1,"turns":3},{"damage":0,"enemies":"Cultist","floor":2,"turns":3},{"damage":0,"enemies":"Small Slimes","floor":5,"turns":3},{"damage":16,"enemies":"Gremlin Nob","floor":6,"turns":3},{"damage":23,"enemies":"Lagavulin","floor":8,"turns":7},{"damage":14,"enemies":"Red Slaver","floor":10,"turns":2},{"damage":0,"enemies":"3 Sentries","floor":11,"turns":5},{"damage":0,"enemies":"Exordium Wildlife","floor":12,"turns":2},{"damage":0,"enemies":"2 Fungi Beasts","floor":13,"turns":3},{"damage":2,"enemies":"3 Louse","floor":14,"turns":3},{"damage":14,"enemies":"Slime Boss","floor":16,"turns":8},{"damage":0,"enemies":"Spheric Guardian","floor":18,"turns":2},{"damage":10,"enemies":"3 Byrds","floor":20,"turns":3},{"damage":27,"enemies":"Shelled Parasite and Fungi","floor":21,"turns":3},{"damage":0,"enemies":"Masked Bandits","floor":22,"turns":2},{"damage":18,"enemies":"Snake Plant","floor":24,"turns":4},{"damage":13,"enemies":"Snecko","floor":28,"turns":4},{"damage":18,"enemies":"Slavers","floor":31,"turns":4},{"damage":23,"enemies":"Champ","floor":33,"turns":9},{"damage":0,"enemies":"3 Darklings","floor":35,"turns":7},{"damage":3,"enemies":"3 Shapes","floor":36,"turns":3},{"damage":1,"enemies":"Transient","floor":37,"turns":5},{"damage":2,"enemies":"4 Shapes","floor":41,"turns":4},{"damage":27,"enemies":"3 Darklings","floor":42,"turns":7},{"damage":81,"enemies":"2 Orb Walkers","floor":45,"turns":7}],"seed_played":"-209443779481807294","potions_obtained":[{"floor":6,"key":"Fire Potion"},{"floor":8,"key":"PowerPotion"},{"floor":12,"key":"Poison Potion"},{"floor":13,"key":"SkillPotion"},{"floor":14,"key":"AttackPotion"},{"floor":20,"key":"Poison Potion"},{"floor":21,"key":"GamblersBrew"},{"floor":22,"key":"Ancient Potion"},{"floor":24,"key":"AttackPotion"},{"floor":28,"key":"Energy Potion"},{"floor":35,"key":"Weak Potion"},{"floor":36,"key":"Fire Potion"},{"floor":37,"key":"SpeedPotion"},{"floor":41,"key":"Block Potion"},{"floor":42,"key":"Poison Potion"}],"is_trial":false,"path_per_floor":["M","M","?","$","M","E","$","E","T","M","E","M","M","M","R","B",null,"M","$","M","M","?","R","M","R","T","$","M","R","?","E","R","B",null,"M","M","M","T","?","R","M","M","T","R","?"],"character_chosen":"DEFECT","items_purchased":["All For One","Chill","Lee\u0027s Waffle"],"campfire_rested":2,"item_purchase_floors":[4,7,19],"current_hp_per_floor":[73,73,73,72,72,56,56,33,33,19,19,21,23,23,23,11,57,59,79,69,44,46,46,30,30,30,30,19,42,42,33,33,12,68,70,69,70,70,70,70,70,45,45,70,0],"gold":31,"neow_bonus":"RANDOM_COLORLESS_2","is_prod":false,"is_daily":false,"chose_seed":false,"campfire_upgraded":5,"win_rate":0,"timestamp":1569954209,"path_taken":["M","M","?","$","M","E","?","E","T","M","E","M","M","M","R","BOSS","M","$","M","M","?","R","M","R","T","$","M","R","?","E","R","BOSS","M","M","M","?","?","R","M","?","T","R","?"],"build_version":"2019-07-17","purchased_purges":1,"victory":false,"max_hp_per_floor":[75,75,75,72,72,72,72,72,72,72,72,72,72,72,72,72,72,72,79,79,79,79,79,79,79,79,79,79,79,79,86,86,86,86,86,86,86,86,86,86,86,86,86,86,86],"card_choices":[{"not_picked":["Barrage","Ball Lightning"],"picked":"Coolheaded","floor":1},{"not_picked":["Redo","Recycle"],"picked":"Beam Cell","floor":2},{"not_picked":["Thunder Strike","Storm"],"picked":"Melter","floor":5},{"not_picked":["Meteor Strike","Double Energy","Redo"],"picked":"SKIP","floor":6},{"not_picked":["Storm","Static Discharge"],"picked":"Gash","floor":8},{"not_picked":["Ball Lightning","Heatsinks"],"picked":"Gash","floor":10},{"not_picked":["Chill","Conserve Battery"],"picked":"Go for the Eyes","floor":11},{"not_picked":["Recycle","Steam Power","Ball Lightning"],"picked":"SKIP","floor":12},{"not_picked":["Beam Cell","Redo"],"picked":"FTL","floor":13},{"not_picked":["Streamline","Rebound"],"picked":"Skim","floor":14},{"not_picked":["Creative AI","Meteor Strike"],"picked":"Electrodynamics","floor":16},{"not_picked":["Redo+1","Melter"],"picked":"Cold Snap","floor":18},{"not_picked":["Rebound+1","Sweeping Beam"],"picked":"Aggregate","floor":20},{"not_picked":["Tempest","Beam Cell"],"picked":"Loop","floor":21},{"not_picked":["Barrage+1","Fusion","Rebound"],"picked":"SKIP","floor":24},{"not_picked":["Steam","Go for the Eyes"],"picked":"Doom and Gloom","floor":28},{"not_picked":["Chaos","Cold Snap+1"],"picked":"Buffer","floor":31},{"not_picked":["Hyperbeam","Core Surge"],"picked":"Creative AI","floor":33},{"not_picked":["Double Energy","Steam"],"picked":"Force Field+1","floor":35},{"not_picked":["Go for the Eyes","Redo+1"],"picked":"Lockon+1","floor":36},{"not_picked":["FTL","Sweeping Beam","Compile Driver"],"picked":"SKIP","floor":37},{"not_picked":["Hologram+1","Aggregate"],"picked":"Core Surge","floor":41},{"not_picked":["Redo+1","Streamline","Stack"],"picked":"SKIP","floor":42}],"player_experience":344455,"relics_obtained":[{"floor":6,"key":"Mummified Hand"},{"floor":8,"key":"Calipers"},{"floor":9,"key":"Nunchaku"},{"floor":11,"key":"Blood Vial"},{"floor":22,"key":"Red Mask"},{"floor":26,"key":"Kunai"},{"floor":31,"key":"Strawberry"},{"floor":43,"key":"Prayer Wheel"}],"event_choices":[{"damage_healed":0,"gold_gain":100,"player_choice":"Pray","damage_taken":0,"max_hp_gain":0,"max_hp_loss":0,"event_name":"Golden Shrine","floor":3,"gold_loss":0},{"damage_healed":0,"gold_gain":0,"player_choice":"Fought Bandits","damage_taken":0,"max_hp_gain":0,"max_hp_loss":0,"event_name":"Masked Bandits","floor":22,"gold_loss":0},{"damage_healed":0,"gold_gain":0,"player_choice":"Trade","damage_taken":0,"relics_obtained":["NlothsMask"],"max_hp_gain":0,"max_hp_loss":0,"event_name":"FaceTrader","floor":30,"gold_loss":0},{"cards_removed":["Strike_B"],"damage_healed":0,"gold_gain":0,"player_choice":"Offered Basic","damage_taken":0,"max_hp_gain":0,"max_hp_loss":0,"event_name":"Bonfire Elementals","floor":39,"gold_loss":0},{"damage_healed":0,"gold_gain":0,"player_choice":"Fight","damage_taken":0,"max_hp_gain":0,"max_hp_loss":0,"event_name":"Mysterious Sphere","floor":45,"gold_loss":0}],"is_beta":false,"boss_relics":[{"not_picked":["Calling Bell","Philosopher\u0027s Stone"],"picked":"Ectoplasm"},{"not_picked":["Busted Crown","Orrery"],"picked":"White Beast Statue"}],"items_purged_floors":[4],"is_endless":false,"potions_floor_spawned":[6,8,12,13,14,20,21,22,24,28,35,36,37,41,42],"killed_by":"2 Orb Walkers","ascension_level":5}