{"gold_per_floor":[117,67,67,30,30,30,63,138,218,218,245,255,269,282,282,385,385,400,500,425,385,401,401,427,427,427,427,445,459,471,70,70,166,166,178,22,33,47,62,62,62,62,62,75,75,75,104,118,118,118],"floor_reached":50,"playtime":4871,"items_purged":["Strike_B"],"score":590,"play_id":"5ab29209-a0f0-4682-9108-3fc3e63f401a","local_time":"20190123174343","is_ascension_mode":false,"campfire_choices":[{"data":"Zap","floor":6,"key":"SMITH"},{"data":"Streamline","floor":10,"key":"SMITH"},{"data":"Reprogram","floor":15,"key":"SMITH"},{"data":"1","floor":23,"key":"LIFT"},{"floor":27,"key":"REST"},{"data":"2","floor":32,"key":"LIFT"},{"floor":40,"key":"REST"},{"data":"3","floor":42,"key":"LIFT"},{"floor":46,"key":"REST"},{"floor":49,"key":"REST"}],"neow_cost":"NONE","seed_source_timestamp":493737889669000,"circlet_count":0,"master_deck":["Strike_B+1","Defend_B+1","Defend_B+1","Defend_B+1","Zap+1","Dualcast","Streamline+1","Lockon","Melter","Ball Lightning","Reprogram+1","Self Repair+1","Thunder Strike","Leap","Heatsinks+1","Heatsinks+1","Capacitor+1","Finesse","Amplify","Double Energy+1","Madness","Madness"],"relics":["Cracked Core","NeowsBlessing","Frozen Egg 2","PreservedInsect","Gremlin Horn","Odd Mushroom","Fusion Hammer","Meat on the Bone","Girya","Mummified Hand","Nilry\u0027s Codex","Dodecahedron","Juzu Bracelet","Philosopher\u0027s Stone","Bronze Scales","Bottled Tornado","Strawberry"],"potions_floor_usage":[16,16,24,33,33,33,39,48,50],"damage_taken":[{"damage":0,"enemies":"Jaw Worm","floor":1,"turns":1},{"damage":0,"enemies":"3 Sentries","floor":7,"turns":1},{"damage":0,"enemies":"The Mushroom Lair","floor":11,"turns":1},{"damage":0,"enemies":"2 Louse","floor":12,"turns":1},{"damage":0,"enemies":"Small Slimes","floor":13,"turns":2},{"damage":0,"enemies":"Blue Slaver","floor":14,"turns":3},{"damage":16,"enemies":"Hexaghost","floor":16,"turns":7},{"damage":27,"enemies":"2 Thieves","floor":18,"turns":4},{"damage":26,"enemies":"Colosseum Slavers","floor":19,"turns":4},{"damage":25,"enemies":"Colosseum Nobs","floor":19,"turns":4},{"damage":6,"enemies":"3 Byrds","floor":22,"turns":5},{"damage":0,"enemies":"Gremlin Leader","floor":24,"turns":4},{"damage":14,"enemies":"Shelled Parasite and Fungi","floor":28,"turns":3},{"damage":17,"enemies":"Centurion and Healer","floor":29,"turns":5},{"damage":19,"enemies":"Chosen and Byrds","floor":30,"turns":4},{"damage":17,"enemies":"Collector","floor":33,"turns":7},{"damage":14,"enemies":"Orb Walker","floor":35,"turns":2},{"damage":13,"enemies":"3 Shapes","floor":37,"turns":3},{"damage":38,"enemies":"Jaw Worm Horde","floor":38,"turns":3},{"damage":23,"enemies":"Maw","floor":39,"turns":6},{"damage":0,"enemies":"Transient","floor":44,"turns":5},{"damage":0,"enemies":"Reptomancer","floor":47,"turns":3},{"damage":26,"enemies":"Jaw Worm Horde","floor":48,"turns":3},{"damage":88,"enemies":"Time Eater","floor":50,"turns":5}],"seed_played":"1379076598614932875","potions_obtained":[{"floor":1,"key":"SpeedPotion"},{"floor":13,"key":"PowerPotion"},{"floor":22,"key":"AttackPotion"},{"floor":24,"key":"Strength Potion"},{"floor":28,"key":"Poison Potion"},{"floor":29,"key":"LiquidBronze"},{"floor":33,"key":"Weak Potion"},{"floor":38,"key":"PowerPotion"},{"floor":44,"key":"FearPotion"}],"is_trial":false,"path_per_floor":["M","?","?","$","?","R","E","?","T","R","?","M","M","M","R","B",null,"M","?","?","?","M","R","E","?","T","R","M","M","M","$","R","B",null,"M","$","M","M","M","R","?","R","T","M","?","R","E","M","R","B"],"character_chosen":"DEFECT","items_purchased":["Lockon","Juzu Bracelet","Capacitor+1","Finesse","Bronze Scales"],"campfire_rested":4,"item_purchase_floors":[4,31,31,31,36],"current_hp_per_floor":[75,75,60,60,57,57,57,46,46,46,46,46,46,46,46,40,75,58,27,27,27,43,43,53,37,37,59,55,48,51,51,51,56,75,75,75,72,56,55,75,75,75,75,75,66,75,82,66,82,0],"gold":118,"neow_bonus":"THREE_ENEMY_KILL","is_prod":false,"is_daily":false,"chose_seed":false,"campfire_upgraded":3,"win_rate":0.0,"timestamp":1548283423,"path_taken":["M","?","?","$","?","R","E","?","T","R","?","?","M","M","R","BOSS","M","?","?","?","?","R","E","?","T","R","M","M","M","$","R","BOSS","M","$","M","M","M","R","?","R","T","M","?","R","E","M","R","BOSS"],"build_version":"2019-01-23","purchased_purges":1,"victory":false,"max_hp_per_floor":[75,75,75,75,75,75,75,75,75,75,75,75,75,75,75,75,75,75,75,75,75,75,75,75,75,75,75,75,75,75,75,75,75,75,75,75,75,75,75,75,75,75,75,75,75,75,82,82,82,82],"card_choices":[{"not_picked":["Aggregate","Hologram"],"picked":"Streamline","floor":1},{"not_picked":["Hologram","Tempest"],"picked":"Melter","floor":7},{"not_picked":["Compile Driver","Chaos"],"picked":"Ball Lightning","floor":11},{"not_picked":["Turbo","Go for the Eyes","Aggregate"],"picked":"SKIP","floor":12},{"not_picked":["Tempest","Coolheaded"],"picked":"Reprogram","floor":13},{"not_picked":["Lockon","Sweeping Beam"],"picked":"Self Repair+1","floor":14},{"not_picked":["Biased Cognition+1","Rainbow"],"picked":"Thunder Strike","floor":16},{"not_picked":["Coolheaded","Skim"],"picked":"Leap","floor":18},{"not_picked":["Skim","Redo"],"picked":"Heatsinks+1","floor":19},{"not_picked":["Turbo","Compile Driver","Barrage"],"picked":"SKIP","floor":22},{"not_picked":["Leap+1","Double Energy"],"picked":"Heatsinks+1","floor":24},{"not_picked":["Lockon","Streamline","Go for the Eyes+1"],"picked":"SKIP","floor":28},{"not_picked":["Turbo","Cold Snap+1","Hologram+1"],"picked":"SKIP","floor":29},{"not_picked":["Stack+1","Sweeping Beam","Leap"],"picked":"SKIP","floor":30},{"not_picked":["Fission","Multi-Cast"],"picked":"Amplify","floor":33},{"not_picked":["Steam+1","Reprogram","Fusion+1"],"picked":"SKIP","floor":35},{"not_picked":["Coolheaded","Rebound+1"],"picked":"Double Energy+1","floor":37},{"not_picked":["Sweeping Beam+1","Hologram","Undo+1"],"picked":"SKIP","floor":38},{"not_picked":["Turbo","Stack+1","Skim+1"],"picked":"SKIP","floor":39},{"not_picked":["Beam Cell","Aggregate+1","Hologram"],"picked":"SKIP","floor":44},{"not_picked":["Tempest","Cold Snap+1","Go for the Eyes+1"],"picked":"SKIP","floor":47},{"not_picked":["Skim","Streamline","Rebound+1"],"picked":"SKIP","floor":48}],"player_experience":186263,"relics_obtained":[{"floor":7,"key":"PreservedInsect"},{"floor":9,"key":"Gremlin Horn"},{"floor":11,"key":"Odd Mushroom"},{"floor":19,"key":"Meat on the Bone"},{"floor":19,"key":"Girya"},{"floor":24,"key":"Mummified Hand"},{"floor":25,"key":"Nilry\u0027s Codex"},{"floor":26,"key":"Dodecahedron"},{"floor":43,"key":"Bottled Tornado"},{"floor":47,"key":"Strawberry"}],"event_choices":[{"cards_removed":["Strike_B"],"damage_healed":0,"gold_gain":0,"player_choice":"Card Removal","damage_taken":0,"max_hp_gain":0,"max_hp_loss":0,"event_name":"The Cleric","floor":2,"gold_loss":50},{"damage_healed":0,"gold_gain":0,"player_choice":"Entered Light","damage_taken":15,"max_hp_gain":0,"max_hp_loss":0,"event_name":"Shining Light","floor":3,"gold_loss":0,"cards_upgraded":["Defend_B","Strike_B"]},{"damage_healed":0,"gold_gain":0,"player_choice":"Success","damage_taken":3,"relics_obtained":["Frozen Egg 2"],"max_hp_gain":0,"max_hp_loss":0,"event_name":"Scrap Ooze","floor":5,"gold_loss":0},{"damage_healed":0,"gold_gain":75,"player_choice":"Gather Gold","damage_taken":11,"max_hp_gain":0,"max_hp_loss":0,"event_name":"World of Goop","floor":8,"gold_loss":0},{"damage_healed":0,"gold_gain":0,"player_choice":"Fought Mushrooms","damage_taken":0,"max_hp_gain":0,"max_hp_loss":0,"event_name":"Mushrooms","floor":11,"gold_loss":0},{"damage_healed":0,"gold_gain":0,"player_choice":"Fight","damage_taken":0,"max_hp_gain":0,"max_hp_loss":0,"event_name":"Colosseum","floor":19,"gold_loss":0},{"damage_healed":0,"gold_gain":0,"player_choice":"Fought Nobs","damage_taken":0,"max_hp_gain":0,"max_hp_loss":0,"event_name":"Colosseum","floor":19,"gold_loss":0},{"cards_removed":["Defend_B"],"damage_healed":0,"gold_gain":0,"player_choice":"Gave Gold","damage_taken":0,"max_hp_gain":0,"max_hp_loss":0,"event_name":"Beggar","floor":20,"gold_loss":75},{"damage_healed":0,"gold_gain":0,"player_choice":"Upgraded Two","damage_taken":0,"max_hp_gain":0,"max_hp_loss":0,"event_name":"Designer","floor":21,"gold_loss":40,"cards_upgraded":["Defend_B","Defend_B"]},{"damage_healed":0,"gold_gain":0,"player_choice":"Obtained Book","damage_taken":16,"max_hp_gain":0,"max_hp_loss":0,"event_name":"Cursed Tome","floor":25,"gold_loss":0},{"cards_removed":["Strike_B"],"damage_healed":0,"gold_gain":0,"player_choice":"Purged","damage_taken":0,"max_hp_gain":0,"max_hp_loss":0,"event_name":"Purifier","floor":41,"gold_loss":0},{"damage_healed":0,"gold_gain":0,"player_choice":"Embrace Madness","damage_taken":9,"max_hp_gain":0,"max_hp_loss":0,"event_name":"Winding Halls","floor":45,"gold_loss":0,"cards_obtained":["Madness","Madness"]}],"is_beta":false,"boss_relics":[{"not_picked":["Snecko Eye","Runic Pyramid"],"picked":"Fusion Hammer"},{"not_picked":["Black Star","Sozu"],"picked":"Philosopher\u0027s Stone"}],"items_purged_floors":[31],"is_endless":false,"potions_floor_spawned":[1,13,22,24,28,29,33,38,44],"killed_by":"Time Eater","ascension_level":0}