{"gold_per_floor":[116,129,140,156,46,76,94,94,94,94,122,132,132,164,164,260,260,277,120,130,142,142],"floor_reached":22,"playtime":1970,"items_purged":["Doubt"],"score":250,"play_id":"cee2f9ec-be7e-49a8-896b-89ef1f12482e","local_time":"20190207222221","is_ascension_mode":true,"campfire_choices":[{"data":"Sucker Punch","floor":8,"key":"SMITH"},{"floor":15,"key":"REST"}],"neow_cost":"CURSE","seed_source_timestamp":2159766795017759,"circlet_count":0,"master_deck":["Defend_G","Defend_G","Defend_G","Defend_G","Strike_G","Strike_G","Strike_G","Strike_G","Strike_G","Survivor","Neutralize","Cloak And Dagger","Sucker Punch+1","Heel Hook","Cloak And Dagger","Infinite Blades","Cloak And Dagger","Deadly Poison","Dash","Deadly Poison","Well Laid Plans","Wraith Form v2","Dash","Catalyst","Deadly Poison"],"relics":["Ring of the Snake","Centennial Puzzle","Bottled Lightning","PreservedInsect","Ice Cream","Lizard Tail","Bag of Marbles"],"potions_floor_usage":[11,11,16,18,20,21],"damage_taken":[{"damage":2,"enemies":"Cultist","floor":1,"turns":5},{"damage":2,"enemies":"Jaw Worm","floor":2,"turns":4},{"damage":0,"enemies":"2 Louse","floor":3,"turns":4},{"damage":13,"enemies":"Red Slaver","floor":4,"turns":5},{"damage":23,"enemies":"3 Sentries","floor":6,"turns":9},{"damage":0,"enemies":"Exordium Wildlife","floor":7,"turns":3},{"damage":15,"enemies":"Lagavulin","floor":11,"turns":6},{"damage":7,"enemies":"Gremlin Gang","floor":12,"turns":5},{"damage":3,"enemies":"Gremlin Nob","floor":14,"turns":3},{"damage":17,"enemies":"The Guardian","floor":16,"turns":10},{"damage":14,"enemies":"Spheric Guardian","floor":18,"turns":5},{"damage":19,"enemies":"3 Byrds","floor":20,"turns":8},{"damage":58,"enemies":"Cultist and Chosen","floor":21,"turns":9},{"damage":50,"enemies":"Centurion and Healer","floor":22,"turns":7}],"seed_played":"-1783879228128340594","potions_obtained":[{"floor":2,"key":"Regen Potion"},{"floor":3,"key":"SpeedPotion"},{"floor":4,"key":"Weak Potion"},{"floor":12,"key":"AttackPotion"},{"floor":13,"key":"Poison Potion"},{"floor":16,"key":"Block Potion"},{"floor":20,"key":"Strength Potion"}],"is_trial":false,"path_per_floor":["M","M","M","M","$","E","M","R","T","?","E","M","?","E","R","B",null,"M","$","M","M","M"],"character_chosen":"THE_SILENT","items_purchased":["Infinite Blades","Bag of Marbles"],"campfire_rested":1,"item_purchase_floors":[5,19],"current_hp_per_floor":[82,80,80,67,67,44,44,44,44,44,43,36,36,33,58,41,84,70,70,51,42,0],"gold":142,"neow_bonus":"TWENTY_PERCENT_HP_BONUS","is_prod":false,"is_daily":false,"chose_seed":false,"campfire_upgraded":1,"win_rate":0,"timestamp":1549570941,"path_taken":["M","M","M","?","$","E","M","R","T","?","E","?","?","E","R","BOSS","M","$","M","M","M"],"build_version":"2019-01-23","purchased_purges":1,"victory":false,"max_hp_per_floor":[84,84,84,84,84,84,84,84,84,84,84,84,84,84,84,84,84,84,84,84,84,84],"card_choices":[{"not_picked":["Prepared","Tactician"],"picked":"Cloak And Dagger","floor":1},{"not_picked":["Footwork","Catalyst"],"picked":"Sucker Punch","floor":2},{"not_picked":["Bane","Calculated Gamble"],"picked":"Heel Hook","floor":3},{"not_picked":["Reflex","Blade Dance"],"picked":"Cloak And Dagger","floor":4},{"not_picked":["Acrobatics","Choke"],"picked":"Cloak And Dagger","floor":6},{"not_picked":["Blade Dance","Dagger Spray"],"picked":"Deadly Poison","floor":7},{"not_picked":["Blade Dance","Tactician"],"picked":"Dash","floor":11},{"not_picked":["Outmaneuver","Dagger Spray"],"picked":"Deadly Poison","floor":12},{"not_picked":["PiercingWail","Tactician"],"picked":"Well Laid Plans","floor":14},{"not_picked":["Storm of Steel","Venomology"],"picked":"Wraith Form v2","floor":16},{"not_picked":["Flechettes","Underhanded Strike"],"picked":"Dash","floor":18},{"not_picked":["Riddle With Holes+1","Quick Slash"],"picked":"Catalyst","floor":20},{"not_picked":["Underhanded Strike","Bane"],"picked":"Deadly Poison","floor":21}],"player_experience":187122,"relics_obtained":[{"floor":6,"key":"Centennial Puzzle"},{"floor":9,"key":"Bottled Lightning"},{"floor":11,"key":"PreservedInsect"},{"floor":14,"key":"Ice Cream"}],"event_choices":[{"cards_removed":["Defend_G"],"damage_healed":0,"gold_gain":0,"player_choice":"Card Removal","damage_taken":0,"max_hp_gain":0,"max_hp_loss":0,"event_name":"Wheel of Change","floor":10,"gold_loss":0},{"damage_healed":0,"gold_gain":0,"player_choice":"Got Potions","damage_taken":0,"max_hp_gain":0,"max_hp_loss":0,"event_name":"Lab","floor":13,"gold_loss":0}],"is_beta":false,"boss_relics":[{"not_picked":["Runic Pyramid","Eternal Feather"],"picked":"Lizard Tail"}],"items_purged_floors":[5],"is_endless":false,"potions_floor_spawned":[2,3,4,12,16,20],"killed_by":"Centurion and Healer","ascension_level":4}