{"gold_per_floor":[12,12,31,31,31,66,66,82,128,128,146,172,172,188,188,188],"floor_reached":16,"playtime":770,"items_purged":[],"score":121,"play_id":"dff577b8-60d8-44a6-9b1a-93137f831773","local_time":"20191006191954","is_ascension_mode":true,"campfire_choices":[{"floor":7,"key":"REST"},{"data":"After Image","floor":10,"key":"SMITH"},{"floor":15,"key":"REST"}],"neow_cost":"NO_GOLD","seed_source_timestamp":120883319902800,"circlet_count":0,"master_deck":["Strike_G","Strike_G","Strike_G","Strike_G","Defend_G","Defend_G","Defend_G","Defend_G","Defend_G","Survivor","Neutralize","After Image+1","Cloak And Dagger+1","Blur","Infinite Blades","Endless Agony"],"relics":["Ring of the Snake","Potion Belt","Juzu Bracelet"],"potions_floor_usage":[11],"damage_taken":[{"damage":0,"enemies":"2 Louse","floor":1,"turns":3},{"damage":0,"enemies":"Small Slimes","floor":3,"turns":5},{"damage":41,"enemies":"Gremlin Nob","floor":6,"turns":7},{"damage":0,"enemies":"Jaw Worm","floor":8,"turns":3},{"damage":12,"enemies":"Exordium Wildlife","floor":11,"turns":5},{"damage":15,"enemies":"3 Sentries","floor":12,"turns":17},{"damage":5,"enemies":"2 Fungi Beasts","floor":14,"turns":4},{"damage":14,"enemies":"Slime Boss","floor":16,"turns":8}],"seed_played":"3334187383559887898","potions_obtained":[{"floor":6,"key":"SkillPotion"},{"floor":11,"key":"GamblersBrew"},{"floor":12,"key":"LiquidBronze"},{"floor":14,"key":"SteroidPotion"}],"is_trial":false,"path_per_floor":["M","?","M","?","$","E","R","M","T","R","M","E","?","M","R","B"],"character_chosen":"THE_SILENT","items_purchased":[],"campfire_rested":2,"item_purchase_floors":[],"current_hp_per_floor":[70,70,70,70,70,29,50,50,50,50,38,23,16,11,32,18],"gold":188,"neow_bonus":"THREE_RARE_CARDS","is_prod":false,"is_daily":false,"chose_seed":false,"campfire_upgraded":1,"win_rate":0,"timestamp":1570382394,"path_taken":["M","?","M","?","$","E","R","?","T","R","M","E","?","M","R","BOSS"],"build_version":"2019-07-17","purchased_purges":0,"victory":false,"max_hp_per_floor":[70,70,70,70,70,70,70,70,70,70,70,70,70,70,70,70],"card_choices":[{"not_picked":["Envenom","Storm of Steel"],"picked":"After Image","floor":0},{"not_picked":["Slice","Heel Hook"],"picked":"Cloak And Dagger","floor":1},{"not_picked":["Dagger Spray","Dagger Throw","Masterful Stab"],"picked":"SKIP","floor":3},{"not_picked":["Riddle With Holes","PiercingWail","Leg Sweep"],"picked":"SKIP","floor":6},{"not_picked":["Slice","Acrobatics","Deadly Poison"],"picked":"SKIP","floor":8},{"not_picked":["Deadly Poison","Riddle With Holes"],"picked":"Blur","floor":11},{"not_picked":["Acrobatics","Tactician"],"picked":"Infinite Blades","floor":12},{"not_picked":["Dodge and Roll","Distraction"],"picked":"Endless Agony","floor":14}],"player_experience":232179,"relics_obtained":[{"floor":6,"key":"Potion Belt"},{"floor":12,"key":"Juzu Bracelet"}],"event_choices":[{"damage_healed":0,"gold_gain":0,"player_choice":"Grow","damage_taken":0,"max_hp_gain":0,"max_hp_loss":0,"event_name":"Living Wall","floor":2,"gold_loss":0,"cards_upgraded":["Cloak And Dagger"]},{"damage_healed":0,"gold_gain":0,"player_choice":"Ignored","damage_taken":0,"max_hp_gain":0,"max_hp_loss":0,"event_name":"Liars Game","floor":4,"gold_loss":0},{"cards_removed":["Strike_G"],"damage_healed":0,"gold_gain":0,"player_choice":"Card Removal","damage_taken":7,"max_hp_gain":0,"max_hp_loss":0,"event_name":"Golden Wing","floor":13,"gold_loss":0}],"is_beta":false,"boss_relics":[],"items_purged_floors":[],"is_endless":false,"potions_floor_spawned":[6,11,12,14],"killed_by":"Slime Boss","ascension_level":2}