{"gold_per_floor":[113,124,137,149,163,163,183,218,218,232,260,107,107,127,127,225,225,244,262,276,276],"floor_reached":21,"playtime":1519,"items_purged":[],"score":266,"play_id":"2927808c-ade4-4c39-a78f-6b000f9fc9bb","local_time":"20190322182526","is_ascension_mode":true,"campfire_choices":[{"data":"Noxious Fumes","floor":6,"key":"SMITH"},{"floor":13,"key":"REST"},{"floor":15,"key":"REST"}],"neow_cost":"NONE","seed_source_timestamp":769872336536968,"circlet_count":0,"master_deck":["Defend_G","Defend_G","Defend_G","Defend_G","Defend_G","Strike_G","Strike_G","Strike_G","Strike_G","Strike_G","Survivor","Neutralize","Deadly Poison","Flying Knee","Noxious Fumes+1","Bouncing Flask","Backstab","Well Laid Plans","Dagger Spray","Bane","Slice","PiercingWail","Envenom","Sucker Punch","Escape Plan+1"],"relics":["Ring of the Snake","WingedGreaves","Art of War","Oddly Smooth Stone","Strawberry","Black Star"],"potions_floor_usage":[8,20],"damage_taken":[{"damage":4,"enemies":"Small Slimes","floor":1,"turns":7},{"damage":0,"enemies":"2 Louse","floor":2,"turns":3},{"damage":0,"enemies":"Jaw Worm","floor":3,"turns":4},{"damage":0,"enemies":"2 Fungi Beasts","floor":4,"turns":4},{"damage":21,"enemies":"Exordium Wildlife","floor":5,"turns":5},{"damage":0,"enemies":"Large Slime","floor":7,"turns":4},{"damage":10,"enemies":"Gremlin Nob","floor":8,"turns":3},{"damage":2,"enemies":"2 Fungi Beasts","floor":10,"turns":3},{"damage":22,"enemies":"3 Sentries","floor":11,"turns":7},{"damage":4,"enemies":"Exordium Thugs","floor":14,"turns":4},{"damage":37,"enemies":"The Guardian","floor":16,"turns":9},{"damage":16,"enemies":"Shell Parasite","floor":18,"turns":6},{"damage":3,"enemies":"3 Byrds","floor":19,"turns":5},{"damage":36,"enemies":"Snecko","floor":20,"turns":6},{"damage":22,"enemies":"Snake Plant","floor":21,"turns":4}],"seed_played":"-3480551331477640860","potions_obtained":[{"floor":5,"key":"Regen Potion"},{"floor":7,"key":"Swift Potion"},{"floor":10,"key":"Energy Potion"},{"floor":16,"key":"FearPotion"}],"is_trial":false,"path_per_floor":["M","M","M","M","M","R","M","E","T","M","E","$","R","M","R","B",null,"M","M","M","M"],"character_chosen":"THE_SILENT","items_purchased":["Strawberry"],"campfire_rested":2,"item_purchase_floors":[12],"current_hp_per_floor":[66,66,66,66,45,45,45,35,35,33,11,18,43,39,64,27,70,54,51,15,0],"gold":276,"neow_bonus":"TEN_PERCENT_HP_BONUS","is_prod":false,"is_daily":false,"chose_seed":false,"campfire_upgraded":1,"win_rate":0,"timestamp":1553271926,"path_taken":["M","M","M","M","M","R","M","E","T","M","E","$","R","M","R","BOSS","M","M","M","M"],"build_version":"2019-01-23","purchased_purges":0,"victory":false,"max_hp_per_floor":[77,77,77,77,77,77,77,77,77,77,77,84,84,84,84,84,84,84,84,84,84],"card_choices":[{"not_picked":["Dagger Throw","Riddle With Holes"],"picked":"Deadly Poison","floor":1},{"not_picked":["All Out Attack","Outmaneuver"],"picked":"Flying Knee","floor":2},{"not_picked":["Bane","PiercingWail"],"picked":"Noxious Fumes","floor":3},{"not_picked":["Outmaneuver","Flying Knee"],"picked":"Bouncing Flask","floor":4},{"not_picked":["Well Laid Plans","Deflect"],"picked":"Backstab","floor":5},{"not_picked":["Wraith Form v2","Infinite Blades"],"picked":"Well Laid Plans","floor":7},{"not_picked":["Riddle With Holes","Accuracy"],"picked":"Dagger Spray","floor":8},{"not_picked":["Deadly Poison","Finisher"],"picked":"Bane","floor":10},{"not_picked":["After Image","Accuracy"],"picked":"Slice","floor":11},{"not_picked":["Flying Knee","Dagger Spray"],"picked":"PiercingWail","floor":14},{"not_picked":["A Thousand Cuts","Night Terror"],"picked":"Envenom","floor":16},{"not_picked":["Skewer","Deflect"],"picked":"Sucker Punch","floor":18},{"not_picked":["Deadly Poison+1","Outmaneuver"],"picked":"Escape Plan+1","floor":19},{"not_picked":["Cloak And Dagger","A Thousand Cuts","Noxious Fumes"],"picked":"SKIP","floor":20}],"player_experience":247859,"relics_obtained":[{"floor":8,"key":"WingedGreaves"},{"floor":9,"key":"Art of War"},{"floor":11,"key":"Oddly Smooth Stone"}],"event_choices":[],"is_beta":false,"boss_relics":[{"not_picked":["Astrolabe","Coffee Dripper"],"picked":"Black Star"}],"items_purged_floors":[],"is_endless":false,"potions_floor_spawned":[5,7,10,16,19],"killed_by":"Snake Plant","ascension_level":7}