{"gold_per_floor":[111,129,148,223,3,30,30,50,50,50,63,94,94,13,13,87,87,98,98,98,113,28,28,41,41,41,69,88,104,121,135,135,210,210,220,220,236,248,260,288,288,313,313,313,313,185,198,208,208,208,208,208,208,22,50,50],"floor_reached":56,"playtime":2588,"items_purged":["Strike_B+1","Strike_B+1"],"score":1982,"play_id":"5096a241-c086-4fae-aeca-ae84a72c223e","local_time":"20191009160226","is_ascension_mode":true,"campfire_choices":[{"data":"Sunder","floor":7.0,"key":"SMITH"},{"data":"Dualcast","floor":10.0,"key":"SMITH"},{"data":"Beam Cell","floor":13.0,"key":"SMITH"},{"data":"Zap","floor":15.0,"key":"SMITH"},{"data":"Coolheaded","floor":23.0,"key":"SMITH"},{"data":"Turbo","floor":32.0,"key":"SMITH"},{"data":"Double Energy","floor":41.0,"key":"SMITH"},{"data":"Defragment","floor":45.0,"key":"SMITH"},{"floor":49.0,"key":"RECALL"},{"data":"Go for the Eyes","floor":53.0,"key":"SMITH"}],"neow_cost":"TEN_PERCENT_HP_LOSS","seed_source_timestamp":74214201301346,"circlet_count":0,"master_deck":["AscendersBane","Defend_B+1","Defend_B+1","Defend_B+1","Defend_B+1","Zap+1","Dualcast+1","Beam Cell+1","Undo+1","Cold Snap","Coolheaded+1","Go for the Eyes+1","Biased Cognition","Reinforced Body","Heatsinks","Amplify","Coolheaded","Meteor Strike","Defragment+1","Darkness+1","Turbo+1","Self Repair","Tempest","Echo Form","White Noise","Compile Driver","Chill","Lockon+1","Double Energy+1","Thunder Strike","Redo+1","Skim","Glacier"],"special_seed":0,"relics":["Cracked Core","War Paint","Omamori","InkBottle","Symbiotic Virus","Coffee Dripper","Pen Nib","Bottled Tornado","Pear","Regal Pillow","Runic Pyramid","Sundial","Lantern","Anchor"],"potions_floor_usage":[56],"damage_taken":[{"damage":9.0,"enemies":"Small Slimes","floor":1.0,"turns":4.0},{"damage":7.0,"enemies":"Jaw Worm","floor":2.0,"turns":3.0},{"damage":0.0,"enemies":"Cultist","floor":3.0,"turns":2.0},{"damage":22.0,"enemies":"Gremlin Nob","floor":6.0,"turns":4.0},{"damage":0.0,"enemies":"2 Fungi Beasts","floor":8.0,"turns":2.0},{"damage":0.0,"enemies":"Large Slime","floor":11.0,"turns":5.0},{"damage":0.0,"enemies":"Lagavulin","floor":12.0,"turns":5.0},{"damage":23.0,"enemies":"The Guardian","floor":16.0,"turns":13.0},{"damage":8.0,"enemies":"3 Byrds","floor":18.0,"turns":6.0},{"damage":2.0,"enemies":"Spheric Guardian","floor":21.0,"turns":4.0},{"damage":8.0,"enemies":"Centurion and Healer","floor":24.0,"turns":6.0},{"damage":23.0,"enemies":"Slavers","floor":27.0,"turns":7.0},{"damage":6.0,"enemies":"Shelled Parasite and Fungi","floor":28.0,"turns":4.0},{"damage":0.0,"enemies":"Cultist and Chosen","floor":29.0,"turns":5.0},{"damage":0.0,"enemies":"Sentry and Sphere","floor":30.0,"turns":4.0},{"damage":9.0,"enemies":"3 Cultists","floor":31.0,"turns":5.0},{"damage":0.0,"enemies":"Automaton","floor":33.0,"turns":8.0},{"damage":1.0,"enemies":"Orb Walker","floor":35.0,"turns":4.0},{"damage":16.0,"enemies":"3 Shapes","floor":37.0,"turns":5.0},{"damage":4.0,"enemies":"Writhing Mass","floor":38.0,"turns":6.0},{"damage":0.0,"enemies":"Spire Growth","floor":39.0,"turns":5.0},{"damage":12.0,"enemies":"Giant Head","floor":40.0,"turns":5.0},{"damage":6.0,"enemies":"Reptomancer","floor":42.0,"turns":6.0},{"damage":9.0,"enemies":"Transient","floor":47.0,"turns":6.0},{"damage":7.0,"enemies":"4 Shapes","floor":48.0,"turns":5.0},{"damage":20.0,"enemies":"Donu and Deca","floor":50.0,"turns":7.0},{"damage":44.0,"enemies":"Awakened One","floor":51.0,"turns":10.0},{"damage":5.0,"enemies":"Shield and Spear","floor":55.0,"turns":4.0},{"damage":91,"enemies":"The Heart","floor":56,"turns":6}],"seed_played":"-5672646145233498962","potions_obtained":[{"floor":1.0,"key":"PotionOfCapacity"},{"floor":2.0,"key":"Regen Potion"},{"floor":11.0,"key":"EssenceOfDarkness"},{"floor":24.0,"key":"PotionOfCapacity"},{"floor":27.0,"key":"Fire Potion"},{"floor":29.0,"key":"Fruit Juice"},{"floor":30.0,"key":"SpeedPotion"},{"floor":31.0,"key":"Dexterity Potion"},{"floor":37.0,"key":"Explosive Potion"},{"floor":39.0,"key":"FocusPotion"},{"floor":48.0,"key":"AttackPotion"}],"is_trial":false,"path_per_floor":["M","M","M","?","$","E","R","M","T","R","M","E","R","$","R","B",null,"M","?","?","M","?","R","M","T","T","E","M","M","M","M","R","B",null,"M","?","M","M","M","E","R","E","T","?","R","$","M","M","R","B","B",null,"R","$","E","B"],"character_chosen":"DEFECT","items_purchased":["War Paint","Cold Snap","Heatsinks","Fire Potion","Skim"],"campfire_rested":0,"item_purchase_floors":[5,5,14,46,54],"current_hp_per_floor":[55,48,48,37,37,27,27,27,27,27,27,27,27,27,27,4,49,41,41,41,39,39,39,31,31,41,18,12,17,17,15,15,22,65,71,71,69,72,75,75,75,75,75,75,75,75,73,73,73,60,30,64,64,64,66,0],"gold":50,"neow_bonus":"REMOVE_TWO","is_prod":false,"is_daily":false,"chose_seed":false,"campfire_upgraded":9,"win_rate":0,"timestamp":1570608146,"path_taken":["M","M","M","?","$","E","R","M","T","R","M","E","R","$","R","BOSS","M","?","?","?","?","R","M","?","T","E","?","M","M","M","R","BOSS","M","?","M","M","M","E","R","E","T","?","R","?","M","M","R","BOSS","BOSS","R","$","E","BOSS"],"build_version":"2019-10-08","purchased_purges":2,"victory":false,"max_hp_per_floor":[64,64,64,64,64,64,64,64,64,64,64,64,64,64,64,64,64,64,64,64,64,64,64,64,64,74,74,74,79,79,79,79,79,79,79,75,75,75,75,75,75,75,75,75,75,75,75,75,75,75,75,75,75,75,75,75],"card_choices":[{"not_picked":["Rebound","Barrage"],"picked":"Sunder","floor":1.0},{"not_picked":["Fusion","Cold Snap"],"picked":"Beam Cell","floor":2.0},{"not_picked":["Steam","Go for the Eyes"],"picked":"Undo","floor":3.0},{"not_picked":["Streamline","Blizzard"],"picked":"Coolheaded","floor":6.0},{"not_picked":["Streamline","Scrape"],"picked":"Go for the Eyes","floor":8.0},{"not_picked":["FTL","Self Repair"],"picked":"Biased Cognition","floor":11.0},{"not_picked":["Leap","Cold Snap"],"picked":"Reinforced Body","floor":12.0},{"not_picked":["Biased Cognition","Hyperbeam"],"picked":"Amplify","floor":16.0},{"not_picked":["Barrage","Sweeping Beam"],"picked":"Coolheaded","floor":18.0},{"not_picked":["Chill","Redo"],"picked":"Meteor Strike","floor":21.0},{"not_picked":["Aggregate","Conserve Battery"],"picked":"Defragment","floor":24.0},{"not_picked":["Sweeping Beam","Streamline","Thunder Strike"],"picked":"SKIP","floor":27.0},{"not_picked":["Consume","Gash"],"picked":"Darkness+1","floor":28.0},{"not_picked":["Reinforced Body","Coolheaded"],"picked":"Turbo","floor":29.0},{"not_picked":["Consume","Ball Lightning"],"picked":"Self Repair","floor":30.0},{"not_picked":["Static Discharge","Steam"],"picked":"Tempest","floor":31.0},{"not_picked":["All For One","Electrodynamics"],"picked":"Echo Form","floor":33.0},{"not_picked":["Hello World","Go for the Eyes"],"picked":"White Noise","floor":35.0},{"not_picked":["Cold Snap","Force Field"],"picked":"Compile Driver","floor":37.0},{"not_picked":["Static Discharge","Ball Lightning+1"],"picked":"Chill","floor":38.0},{"not_picked":["Go for the Eyes","Leap"],"picked":"Lockon+1","floor":39.0},{"not_picked":["Fission","Darkness"],"picked":"Double Energy","floor":40.0},{"not_picked":["Storm","Consume"],"picked":"Thunder Strike","floor":42.0},{"not_picked":["Stack","Reinforced Body","Sunder"],"picked":"SKIP","floor":47.0},{"not_picked":["Compile Driver","Double Energy"],"picked":"Redo+1","floor":48.0},{"not_picked":["Hologram","Multi-Cast"],"picked":"Glacier","floor":55.0}],"player_experience":1067924,"relics_obtained":[{"floor":6.0,"key":"Omamori"},{"floor":9.0,"key":"InkBottle"},{"floor":12.0,"key":"Symbiotic Virus"},{"floor":25.0,"key":"Bottled Tornado"},{"floor":26.0,"key":"Pear"},{"floor":27.0,"key":"Regal Pillow"},{"floor":40.0,"key":"Sundial"},{"floor":42.0,"key":"Lantern"},{"floor":55.0,"key":"Anchor"}],"event_choices":[{"damage_healed":0.0,"max_hp_gain":0.0,"max_hp_loss":0.0,"gold_gain":75.0,"event_name":"World of Goop","player_choice":"Gather Gold","floor":4.0,"gold_loss":0.0,"damage_taken":11.0},{"damage_healed":0.0,"max_hp_gain":0.0,"max_hp_loss":0.0,"gold_gain":0.0,"event_name":"Back to Basics","player_choice":"Simplicity","floor":19.0,"gold_loss":0.0,"damage_taken":0.0,"cards_upgraded":["Strike_B","Strike_B","Defend_B","Defend_B","Defend_B"]},{"damage_healed":0.0,"max_hp_gain":0.0,"max_hp_loss":0.0,"gold_gain":0.0,"event_name":"Vampires","player_choice":"Ignored","floor":20.0,"gold_loss":0.0,"damage_taken":0.0},{"damage_healed":0.0,"max_hp_gain":0.0,"max_hp_loss":0.0,"gold_gain":0.0,"event_name":"Addict","player_choice":"Obtained Relic","floor":22.0,"gold_loss":85.0,"damage_taken":0.0,"relics_obtained":["Pen Nib"]},{"damage_healed":0.0,"max_hp_gain":0.0,"max_hp_loss":4.0,"gold_gain":0.0,"event_name":"Winding Halls","player_choice":"Max HP","floor":36.0,"gold_loss":0.0,"damage_taken":0.0},{"cards_removed":["Sunder"],"damage_healed":0.0,"max_hp_gain":0.0,"max_hp_loss":0.0,"gold_gain":0.0,"event_name":"Falling","player_choice":"Removed Attack","floor":44.0,"gold_loss":0.0,"damage_taken":0.0}],"is_beta":true,"boss_relics":[{"not_picked":["SlaversCollar","Cursed Key"],"picked":"Coffee Dripper"},{"not_picked":["Tiny House","Sozu"],"picked":"Runic Pyramid"}],"items_purged_floors":[46,54],"is_endless":false,"potions_floor_spawned":[1,2,3,11,24,27,29,30,31,37,39,47,48],"killed_by":"The Heart","ascension_level":20}