{"gold_per_floor":[368,385,404,404,37,37,56,56,56,71,87,99,114,132,132,237,237,247,322,341,351,251,251,126,126,126,139,139,150,160,10,10,107,107,123,143,143,154,254,286,299,299,299,299,124,124,153,163,163,163],"floor_reached":51,"playtime":3674,"items_purged":["Strike_R","Defend_R","Defend_R","Defend_R","Twin Strike+1"],"score":905,"play_id":"bf8004c8-e69c-46f1-860b-1297b00ec528","local_time":"20191020181457","is_ascension_mode":false,"campfire_choices":[{"floor":6.0,"key":"DIG"},{"floor":8.0,"key":"DIG"},{"floor":15.0,"key":"DIG"},{"floor":23.0,"key":"DIG"},{"floor":25.0,"key":"DIG"},{"floor":28.0,"key":"DIG"},{"floor":32.0,"key":"DIG"},{"floor":42.0,"key":"DIG"},{"floor":46.0,"key":"DIG"},{"data":"Flash of Steel","floor":49,"key":"SMITH"}],"neow_cost":"TEN_PERCENT_HP_LOSS","seed_source_timestamp":0,"circlet_count":0,"master_deck":["Bash","Flash of Steel+1","Flash of Steel+1","Intimidate+1","Combust+1"],"special_seed":0,"relics":["Burning Blood","Shovel","DollysMirror","Bag of Preparation","Art of War","Bottled Flame","Whetstone","Astrolabe","Omamori","PreservedInsect","Bottled Lightning","Gremlin Horn","Peace Pipe","Empty Cage","Bird Faced Urn","Oddly Smooth Stone","Dodecahedron","Letter Opener","Singing Bowl","Pantograph"],"potions_floor_usage":[],"damage_taken":[{"damage":2.0,"enemies":"Small Slimes","floor":1.0,"turns":4.0},{"damage":2.0,"enemies":"2 Louse","floor":2.0,"turns":3.0},{"damage":0.0,"enemies":"Jaw Worm","floor":3.0,"turns":5.0},{"damage":2.0,"enemies":"Looter","floor":7.0,"turns":5.0},{"damage":0.0,"enemies":"Lots of Slimes","floor":10.0,"turns":1.0},{"damage":13.0,"enemies":"Exordium Thugs","floor":11.0,"turns":6.0},{"damage":0.0,"enemies":"Looter","floor":12.0,"turns":4.0},{"damage":8.0,"enemies":"Large Slime","floor":13.0,"turns":9.0},{"damage":0.0,"enemies":"Blue Slaver","floor":14.0,"turns":8.0},{"damage":61.0,"enemies":"Slime Boss","floor":16.0,"turns":17.0},{"damage":3.0,"enemies":"3 Byrds","floor":18.0,"turns":4.0},{"damage":4.0,"enemies":"Chosen","floor":20.0,"turns":4.0},{"damage":7.0,"enemies":"3 Cultists","floor":21.0,"turns":6.0},{"damage":13.0,"enemies":"Shelled Parasite and Fungi","floor":27.0,"turns":3.0},{"damage":1.0,"enemies":"Cultist and Chosen","floor":29.0,"turns":3.0},{"damage":2.0,"enemies":"3 Cultists","floor":30.0,"turns":3.0},{"damage":1.0,"enemies":"Collector","floor":33.0,"turns":2.0},{"damage":6.0,"enemies":"3 Shapes","floor":35.0,"turns":4.0},{"damage":0.0,"enemies":"3 Darklings","floor":36.0,"turns":1.0},{"damage":0.0,"enemies":"Jaw Worm Horde","floor":38.0,"turns":1.0},{"damage":0.0,"enemies":"Mind Bloom Boss Battle","floor":39.0,"turns":1.0},{"damage":0.0,"enemies":"Nemesis","floor":40.0,"turns":1.0},{"damage":0.0,"enemies":"Maw","floor":41.0,"turns":1.0},{"damage":0.0,"enemies":"Giant Head","floor":47.0,"turns":1.0},{"damage":0.0,"enemies":"Transient","floor":48.0,"turns":5.0},{"damage":0,"enemies":"Donu and Deca","floor":50,"turns":1}],"seed_played":"-2990879008349462981","potions_obtained":[{"floor":2.0,"key":"BloodPotion"},{"floor":3.0,"key":"Weak Potion"},{"floor":7.0,"key":"Explosive Potion"},{"floor":13.0,"key":"Weak Potion"},{"floor":14.0,"key":"Energy Potion"},{"floor":20.0,"key":"EntropicBrew"},{"floor":30.0,"key":"Poison Potion"}],"is_trial":false,"path_per_floor":["M","M","M","?","$","R","M","R","T","M","M","M","M","M","R","B",null,"M","?","M","M","$","R","$","R","T","M","R","M","M","$","R","B",null,"M","M","?","M","?","E","M","R","T","?","$","R","E","M","R","B",null],"character_chosen":"IRONCLAD","items_purchased":["Flash of Steel","DollysMirror"],"campfire_rested":0,"item_purchase_floors":[5,5],"current_hp_per_floor":[72,72,72,60,60,60,64,64,64,70,63,69,67,72,72,17,72,72,65,67,66,66,66,66,66,66,59,59,64,68,68,68,72,72,72,72,72,72,72,72,72,72,72,72,72,72,74,76,76,76],"gold":163,"neow_bonus":"TWO_FIFTY_GOLD","is_prod":false,"is_daily":false,"chose_seed":false,"campfire_upgraded":1,"win_rate":0,"timestamp":1571609697,"path_taken":["M","M","M","?","?","R","M","R","T","M","M","M","?","M","R","BOSS","M","?","M","M","$","R","?","R","T","M","R","M","M","$","R","BOSS","BOSS","M","M","?","M","?","E","M","R","T","?","?","R","E","M","R","BOSS"],"build_version":"2019-07-17","purchased_purges":5,"victory":true,"max_hp_per_floor":[72,72,72,72,72,72,72,72,72,72,72,72,72,72,72,72,72,72,72,72,72,72,72,72,72,72,72,72,72,72,72,72,72,72,72,72,72,72,72,72,72,72,72,72,72,72,74,76,76,76],"card_choices":[{"not_picked":["Flex","Clothesline","Heavy Blade"],"picked":"SKIP","floor":1.0},{"not_picked":["Burning Pact","Thunderclap"],"picked":"True Grit","floor":2.0},{"not_picked":["Havoc","Sword Boomerang","Perfected Strike"],"picked":"SKIP","floor":3.0},{"not_picked":["Flex","Twin Strike","Second Wind"],"picked":"SKIP","floor":7.0},{"not_picked":["Sword Boomerang","Metallicize","Clothesline"],"picked":"SKIP","floor":10.0},{"not_picked":["Ghostly Armor","Thunderclap","Body Slam"],"picked":"SKIP","floor":11.0},{"not_picked":["Inflame","Clothesline","Heavy Blade"],"picked":"SKIP","floor":12.0},{"not_picked":["Whirlwind","Iron Wave","Seeing Red"],"picked":"SKIP","floor":13.0},{"not_picked":["Body Slam","Sentinel","Rampage"],"picked":"SKIP","floor":14.0},{"not_picked":["Pummel+1","Heavy Blade","Entrench"],"picked":"SKIP","floor":18.0},{"not_picked":["Cleave+1","Second Wind+1","Wild Strike"],"picked":"SKIP","floor":20.0},{"not_picked":["Twin Strike+1","Entrench","Iron Wave"],"picked":"SKIP","floor":21.0},{"not_picked":["Perfected Strike","Rampage","Heavy Blade"],"picked":"SKIP","floor":27.0},{"not_picked":["Iron Wave+1","Warcry+1","Twin Strike"],"picked":"SKIP","floor":29.0},{"not_picked":["Blood for Blood","Perfected Strike","Shockwave"],"picked":"SKIP","floor":30.0},{"not_picked":["Iron Wave","Battle Trance+1","Cleave+1"],"picked":"SKIP","floor":35.0},{"not_picked":["Havoc+1","Sword Boomerang","Clothesline+1"],"picked":"SKIP","floor":36.0},{"not_picked":["Uppercut","Sword Boomerang","Inflame+1"],"picked":"SKIP","floor":40.0},{"not_picked":["Bloodletting","Carnage","Searing Blow+1"],"picked":"SKIP","floor":41.0},{"not_picked":["Iron Wave","Sword Boomerang","Rupture"],"picked":"Singing Bowl","floor":47.0},{"not_picked":["Berserk","Fire Breathing","Twin Strike+1"],"picked":"Singing Bowl","floor":48.0}],"player_experience":891097,"relics_obtained":[{"floor":6.0,"key":"Bag of Preparation"},{"floor":8.0,"key":"Art of War"},{"floor":9.0,"key":"Bottled Flame"},{"floor":15.0,"key":"Whetstone"},{"floor":23.0,"key":"Omamori"},{"floor":25.0,"key":"PreservedInsect"},{"floor":26.0,"key":"Bottled Lightning"},{"floor":28.0,"key":"Gremlin Horn"},{"floor":32.0,"key":"Peace Pipe"},{"floor":39.0,"key":"Bird Faced Urn"},{"floor":40.0,"key":"Oddly Smooth Stone"},{"floor":42.0,"key":"Dodecahedron"},{"floor":43.0,"key":"Letter Opener"},{"floor":46.0,"key":"Singing Bowl"},{"floor":47.0,"key":"Pantograph"}],"event_choices":[{"damage_healed":0.0,"max_hp_gain":0.0,"max_hp_loss":0.0,"gold_gain":0.0,"event_name":"Scrap Ooze","player_choice":"Success","floor":4.0,"gold_loss":0.0,"damage_taken":12.0,"relics_obtained":["Shovel"]},{"damage_healed":0.0,"max_hp_gain":0.0,"max_hp_loss":0.0,"gold_gain":75.0,"event_name":"FaceTrader","player_choice":"Touch","floor":19.0,"gold_loss":0.0,"damage_taken":7.0},{"cards_removed":["Defend_R"],"damage_healed":0.0,"max_hp_gain":0.0,"max_hp_loss":0.0,"gold_gain":0.0,"event_name":"Falling","player_choice":"Removed Skill","floor":37.0,"gold_loss":0.0,"damage_taken":0.0},{"damage_healed":0.0,"max_hp_gain":0.0,"max_hp_loss":0.0,"gold_gain":0.0,"event_name":"MindBloom","player_choice":"Fight","floor":39.0,"gold_loss":0.0,"damage_taken":0.0},{"damage_healed":0.0,"max_hp_gain":0.0,"max_hp_loss":0.0,"gold_gain":0.0,"event_name":"Tomb of Lord Red Mask","player_choice":"Ignored","floor":44.0,"gold_loss":0.0,"damage_taken":0.0}],"is_beta":false,"boss_relics":[{"not_picked":["Black Blood","Orrery"],"picked":"Astrolabe"},{"not_picked":["Lizard Tail","Fusion Hammer"],"picked":"Empty Cage"}],"items_purged_floors":[5,22,24,31,45],"is_endless":false,"potions_floor_spawned":[2,3,7,13,14,20,30,33,35,39,48],"ascension_level":0}