{"gold_per_floor":[109,119,134,152,171,171,236,236,236,152,186,215,226,239,239,239],"floor_reached":16,"playtime":988,"items_purged":[],"score":114,"play_id":"79b382fb-f7b1-4570-ae7f-a8a24fdcb558","local_time":"20191002161316","is_ascension_mode":false,"campfire_choices":[{"data":"Zap","floor":6,"key":"SMITH"},{"data":"Hologram","floor":8,"key":"SMITH"},{"data":"Gash","floor":15,"key":"SMITH"}],"neow_cost":"NONE","seed_source_timestamp":496759734025800,"circlet_count":0,"master_deck":["Strike_B","Strike_B","Strike_B","Strike_B","Defend_B","Defend_B","Defend_B","Defend_B","Zap+1","Dualcast","Hologram+1","Beam Cell","Self Repair","Conserve Battery","Gash+1","Finesse","FTL","Reprogram","Go for the Eyes","Beam Cell"],"relics":["Cracked Core","Tiny Chest","Art of War","Orichalcum","Odd Mushroom"],"potions_floor_usage":[11,11,11,16],"damage_taken":[{"damage":0,"enemies":"Cultist","floor":1,"turns":4},{"damage":1,"enemies":"Small Slimes","floor":2,"turns":4},{"damage":8,"enemies":"2 Louse","floor":3,"turns":3},{"damage":8,"enemies":"Red Slaver","floor":4,"turns":4},{"damage":4,"enemies":"Blue Slaver","floor":5,"turns":4},{"damage":14,"enemies":"Lagavulin","floor":7,"turns":6},{"damage":17,"enemies":"Gremlin Nob","floor":11,"turns":4},{"damage":22,"enemies":"The Mushroom Lair","floor":12,"turns":5},{"damage":11,"enemies":"Exordium Thugs","floor":13,"turns":4},{"damage":0,"enemies":"Large Slime","floor":14,"turns":5},{"damage":39,"enemies":"Hexaghost","floor":16,"turns":10}],"seed_played":"3770867497888331098","potions_obtained":[{"floor":1,"key":"FearPotion"},{"floor":4,"key":"SpeedPotion"},{"floor":5,"key":"FocusPotion"},{"floor":14,"key":"GamblersBrew"}],"is_trial":false,"path_per_floor":["M","M","M","M","M","R","E","R","T","$","E","?","M","M","R","B"],"character_chosen":"DEFECT","items_purchased":["Finesse"],"campfire_rested":0,"item_purchase_floors":[10],"current_hp_per_floor":[82,81,73,65,68,68,61,61,61,61,51,36,32,39,39,0],"gold":239,"neow_bonus":"TEN_PERCENT_HP_BONUS","is_prod":false,"is_daily":false,"chose_seed":false,"campfire_upgraded":3,"win_rate":0.0,"timestamp":1570025596,"path_taken":["M","M","?","M","M","R","E","R","T","$","E","?","M","M","R","BOSS"],"build_version":"2019-07-17","purchased_purges":0,"victory":false,"max_hp_per_floor":[82,82,82,82,82,82,82,82,82,82,82,82,82,82,82,82],"card_choices":[{"not_picked":["Loop","Compile Driver","Ball Lightning"],"picked":"SKIP","floor":1},{"not_picked":["Undo","Conserve Battery"],"picked":"Hologram","floor":2},{"not_picked":["Redo","Fusion"],"picked":"Beam Cell","floor":3},{"not_picked":["Compile Driver","Ball Lightning"],"picked":"Self Repair","floor":4},{"not_picked":["Turbo","Meteor Strike"],"picked":"Conserve Battery","floor":5},{"not_picked":["Recycle","Fusion"],"picked":"Gash","floor":7},{"not_picked":["Leap","Genetic Algorithm"],"picked":"FTL","floor":11},{"not_picked":["Fusion","Chill"],"picked":"Reprogram","floor":12},{"not_picked":["Sweeping Beam","Compile Driver"],"picked":"Go for the Eyes","floor":13},{"not_picked":["Ball Lightning","Turbo"],"picked":"Beam Cell","floor":14}],"player_experience":138401,"relics_obtained":[{"floor":7,"key":"Tiny Chest"},{"floor":9,"key":"Art of War"},{"floor":11,"key":"Orichalcum"},{"floor":12,"key":"Odd Mushroom"}],"event_choices":[{"damage_healed":0,"gold_gain":0,"player_choice":"Fought Mushrooms","damage_taken":0,"max_hp_gain":0,"max_hp_loss":0,"event_name":"Mushrooms","floor":12,"gold_loss":0}],"is_beta":false,"boss_relics":[],"items_purged_floors":[],"is_endless":false,"potions_floor_spawned":[1,4,5,14],"killed_by":"Hexaghost","ascension_level":0}