{"gold_per_floor":[109,127,138,158,176,104,122,132,132,97,97,97,97,110,110,110],"floor_reached":16,"playtime":948,"items_purged":[],"score":96,"play_id":"0ffd5f97-6017-4bda-8edc-ba9a465727b4","local_time":"20190927153350","is_ascension_mode":false,"campfire_choices":[{"data":"Electrodynamics","floor":13,"key":"SMITH"},{"floor":15,"key":"REST"}],"neow_cost":"NONE","seed_source_timestamp":62422788391100,"circlet_count":0,"master_deck":["Strike_B","Strike_B","Strike_B","Strike_B","Defend_B","Defend_B","Defend_B","Zap","Dualcast","Blizzard","Hello World","FTL","Go for the Eyes","Redo","Streamline","Stack","Electrodynamics+1","Coolheaded","Consume","Genetic Algorithm"],"relics":["Cracked Core","Centennial Puzzle","Pear"],"potions_floor_usage":[],"damage_taken":[{"damage":1,"enemies":"Cultist","floor":1,"turns":4},{"damage":8,"enemies":"2 Louse","floor":2,"turns":2},{"damage":1,"enemies":"Jaw Worm","floor":3,"turns":4},{"damage":20,"enemies":"Gremlin Gang","floor":4,"turns":4},{"damage":11,"enemies":"2 Fungi Beasts","floor":5,"turns":3},{"damage":6,"enemies":"Large Slime","floor":7,"turns":4},{"damage":7,"enemies":"Blue Slaver","floor":8,"turns":3},{"damage":5,"enemies":"Looter","floor":14,"turns":2},{"damage":74,"enemies":"Hexaghost","floor":16,"turns":9}],"seed_played":"-8463231078847294001","potions_obtained":[{"floor":4,"key":"SkillPotion"},{"floor":8,"key":"PowerPotion"},{"floor":14,"key":"Energy Potion"}],"is_trial":false,"path_per_floor":["M","M","M","M","M","$","M","M","T","?","?","?","R","M","R","B"],"character_chosen":"DEFECT","items_purchased":["Streamline","Stack"],"campfire_rested":1,"item_purchase_floors":[6,6],"current_hp_per_floor":[74,66,65,45,34,34,28,21,31,52,52,52,52,47,72,0],"gold":110,"neow_bonus":"RANDOM_COMMON_RELIC","is_prod":false,"is_daily":false,"chose_seed":false,"campfire_upgraded":1,"win_rate":0.0,"timestamp":1569591230,"path_taken":["M","M","M","M","M","$","M","M","T","?","?","?","R","M","R","BOSS"],"build_version":"2019-07-17","purchased_purges":0,"victory":false,"max_hp_per_floor":[75,75,75,75,75,75,75,75,85,85,85,85,85,85,85,85],"card_choices":[{"not_picked":["Stack","Barrage"],"picked":"Blizzard","floor":1},{"not_picked":["Blizzard","Hologram"],"picked":"Hello World","floor":2},{"not_picked":["Beam Cell","Fusion"],"picked":"FTL","floor":3},{"not_picked":["Leap","Compile Driver"],"picked":"Go for the Eyes","floor":4},{"not_picked":["Leap","Cold Snap"],"picked":"Redo","floor":5},{"not_picked":["Capacitor","White Noise"],"picked":"Electrodynamics","floor":7},{"not_picked":["Reinforced Body","Cold Snap"],"picked":"Coolheaded","floor":8},{"not_picked":["Compile Driver","Conserve Battery"],"picked":"Genetic Algorithm","floor":14}],"player_experience":2917,"relics_obtained":[{"floor":9,"key":"Pear"}],"event_choices":[{"damage_healed":21,"gold_gain":0,"player_choice":"Healed","damage_taken":0,"max_hp_gain":0,"max_hp_loss":0,"event_name":"The Cleric","floor":10,"gold_loss":35},{"damage_healed":0,"gold_gain":0,"player_choice":"Ignored","damage_taken":0,"max_hp_gain":0,"max_hp_loss":0,"event_name":"Liars Game","floor":11,"gold_loss":0},{"damage_healed":0,"gold_gain":0,"cards_transformed":["Defend_B"],"player_choice":"Transformed","damage_taken":0,"max_hp_gain":0,"max_hp_loss":0,"event_name":"Transmorgrifier","floor":12,"gold_loss":0,"cards_obtained":["Consume"]}],"is_beta":false,"boss_relics":[],"items_purged_floors":[],"is_endless":false,"potions_floor_spawned":[4,8,14],"killed_by":"Hexaghost","ascension_level":0}