{"gold_per_floor":[119,52,52,21,39,80,80,120,120,161,176,176,216,234,234,364,364,304,304,304,304,304,304,304,304,304,304,304,304,304,304,304,304,304,304,304,304,304,304,229,229,229,229,229,229,229,229,129,129,129],"floor_reached":51,"playtime":3503,"items_purged":["Strike_R","Defend_R"],"score":1030,"play_id":"298e34e5-8867-4549-87ef-91c09d17a3b5","local_time":"20190921121444","is_ascension_mode":true,"campfire_choices":[{"data":"Bash","floor":7,"key":"SMITH"},{"data":"Clothesline","floor":12,"key":"SMITH"},{"data":"Bludgeon","floor":15,"key":"SMITH"},{"data":"Rage","floor":23,"key":"SMITH"},{"data":"Entrench","floor":25,"key":"SMITH"},{"data":"Juggernaut","floor":32,"key":"SMITH"},{"data":"Uppercut","floor":42,"key":"SMITH"},{"data":"Metallicize","floor":45,"key":"SMITH"},{"data":"Flame Barrier","floor":49,"key":"SMITH"}],"neow_cost":"NONE","seed_source_timestamp":591378169127400,"circlet_count":0,"master_deck":["Strike_R","Strike_R","Strike_R+1","Strike_R","Defend_R","Defend_R","Defend_R","Bash+1","Shrug It Off","Metallicize+1","Cleave+1","Clothesline+1","Juggernaut+1","Shrug It Off","Ghostly Armor","Bludgeon+1","Impervious","Rage+1","Entrench+1","Juggernaut+1","Madness+1","Purity+1","Uppercut+1","Metallicize+1","Flame Barrier+1","Iron Wave+1"],"relics":["Burning Blood","NeowsBlessing","Golden Idol","Dodecahedron","Pocketwatch","Shuriken","Self Forming Clay","Lantern","Ectoplasm","Magic Flower","Paper Frog","Whetstone","Centennial Puzzle","Ice Cream","Frozen Egg 2","Sozu","War Paint","Happy Flower","Oddly Smooth Stone"],"potions_floor_usage":[10,16,16,33,33,33,44,50],"damage_taken":[{"damage":0,"enemies":"2 Louse","floor":1,"turns":1},{"damage":0,"enemies":"Small Slimes","floor":5,"turns":1},{"damage":0,"enemies":"Lagavulin","floor":6,"turns":3},{"damage":14,"enemies":"Gremlin Nob","floor":8,"turns":4},{"damage":0,"enemies":"3 Sentries","floor":10,"turns":9},{"damage":0,"enemies":"Cultist","floor":11,"turns":3},{"damage":3,"enemies":"Gremlin Nob","floor":13,"turns":4},{"damage":1,"enemies":"Gremlin Gang","floor":14,"turns":4},{"damage":40,"enemies":"Hexaghost","floor":16,"turns":5},{"damage":9,"enemies":"2 Thieves","floor":18,"turns":3},{"damage":1,"enemies":"Shell Parasite","floor":22,"turns":4},{"damage":17,"enemies":"Gremlin Leader","floor":24,"turns":6},{"damage":11,"enemies":"Slavers","floor":27,"turns":8},{"damage":0,"enemies":"Snecko","floor":28,"turns":3},{"damage":0,"enemies":"Gremlin Leader","floor":30,"turns":4},{"damage":3,"enemies":"Snake Plant","floor":31,"turns":3},{"damage":0,"enemies":"Collector","floor":33,"turns":7},{"damage":10,"enemies":"3 Shapes","floor":35,"turns":3},{"damage":1,"enemies":"Orb Walker","floor":39,"turns":3},{"damage":22,"enemies":"Nemesis","floor":41,"turns":5},{"damage":0,"enemies":"Jaw Worm Horde","floor":44,"turns":4},{"damage":0,"enemies":"Giant Head","floor":46,"turns":6},{"damage":8,"enemies":"4 Shapes","floor":47,"turns":5},{"damage":1,"enemies":"Time Eater","floor":50,"turns":8}],"seed_played":"-8474109568062199422","potions_obtained":[{"floor":6,"key":"EssenceOfSteel"},{"floor":8,"key":"SkillPotion"},{"floor":11,"key":"Dexterity Potion"},{"floor":13,"key":"PowerPotion"},{"floor":27,"key":"PowerPotion"},{"floor":28,"key":"EntropicBrew"},{"floor":33,"key":"Fire Potion"}],"is_trial":false,"path_per_floor":["M","$","?","?","M","E","R","E","T","E","M","R","E","M","R","B",null,"M","?","$","T","M","R","E","R","T","E","M","$","E","M","R","B",null,"M","?","?","?","M","$","E","R","T","M","R","E","M","$","R","B",null],"character_chosen":"IRONCLAD","items_purchased":["Metallicize"],"campfire_rested":0,"item_purchase_floors":[2],"current_hp_per_floor":[80,80,60,60,66,72,72,64,64,70,76,76,79,80,80,46,80,77,77,77,77,80,80,72,72,72,70,79,79,80,80,80,80,80,79,79,74,74,80,80,67,67,67,76,76,80,80,80,80,80],"gold":129,"neow_bonus":"THREE_ENEMY_KILL","is_prod":false,"is_daily":false,"chose_seed":false,"campfire_upgraded":9,"win_rate":1,"timestamp":1569089684,"path_taken":["M","$","?","?","M","E","R","E","T","E","M","R","E","M","R","BOSS","M","?","$","?","M","R","E","R","T","E","?","$","E","M","R","BOSS","M","?","?","?","M","$","E","R","T","M","R","E","?","$","R","BOSS"],"build_version":"2019-07-17","purchased_purges":2,"victory":true,"max_hp_per_floor":[80,80,80,80,80,80,80,80,80,80,80,80,80,80,80,80,80,80,80,80,80,80,80,80,80,80,80,80,80,80,80,80,80,80,80,80,80,80,80,80,80,80,80,80,80,80,80,80,80,80],"card_choices":[{"not_picked":["Body Slam","Heavy Blade"],"picked":"Shrug It Off","floor":1},{"not_picked":["Dual Wield","True Grit"],"picked":"Cleave","floor":5},{"not_picked":["Sword Boomerang","Combust"],"picked":"Clothesline","floor":6},{"not_picked":["Warcry","Pommel Strike","True Grit"],"picked":"SKIP","floor":8},{"not_picked":["Brutality","Rage"],"picked":"Juggernaut","floor":10},{"not_picked":["Flex","Pommel Strike"],"picked":"Shrug It Off","floor":11},{"not_picked":["Corruption","Blood for Blood"],"picked":"Ghostly Armor","floor":13},{"not_picked":["Heavy Blade","Hemokinesis"],"picked":"Bludgeon","floor":14},{"not_picked":["Bludgeon","Reaper"],"picked":"Impervious","floor":16},{"not_picked":["Reckless Charge","Anger","Clash"],"picked":"SKIP","floor":18},{"not_picked":["Anger","Thunderclap"],"picked":"Rage","floor":22},{"not_picked":["Disarm","Twin Strike+1"],"picked":"Entrench","floor":24},{"not_picked":["Offering","Disarm","Limit Break"],"picked":"SKIP","floor":27},{"not_picked":["Inflame","Pummel","Shrug It Off"],"picked":"SKIP","floor":28},{"not_picked":["Intimidate+1","Ghostly Armor","Offering"],"picked":"SKIP","floor":30},{"not_picked":["Dropkick","Armaments","Rampage"],"picked":"SKIP","floor":31},{"not_picked":["Dark Embrace+1","Bludgeon"],"picked":"Juggernaut+1","floor":33},{"not_picked":["Cleave+1","Sword Boomerang+1","Dropkick"],"picked":"SKIP","floor":35},{"not_picked":["Chrysalis","Good Instincts"],"picked":"Madness","floor":37},{"not_picked":["Impatience","PanicButton"],"picked":"Purity","floor":37},{"not_picked":["Flex+1","Heavy Blade"],"picked":"Uppercut","floor":39},{"not_picked":["Reckless Charge+1","Cleave"],"picked":"Metallicize+1","floor":41},{"not_picked":["Whirlwind+1","Feel No Pain+1","Clothesline+1"],"picked":"SKIP","floor":44},{"not_picked":["Dropkick","Perfected Strike+1"],"picked":"Flame Barrier","floor":46},{"not_picked":["Bloodletting","Anger"],"picked":"Iron Wave+1","floor":47}],"player_experience":25055,"relics_obtained":[{"floor":6,"key":"Dodecahedron"},{"floor":8,"key":"Pocketwatch"},{"floor":9,"key":"Shuriken"},{"floor":10,"key":"Self Forming Clay"},{"floor":13,"key":"Lantern"},{"floor":21,"key":"Paper Frog"},{"floor":24,"key":"Whetstone"},{"floor":26,"key":"Centennial Puzzle"},{"floor":27,"key":"Ice Cream"},{"floor":30,"key":"Frozen Egg 2"},{"floor":41,"key":"War Paint"},{"floor":43,"key":"Happy Flower"},{"floor":46,"key":"Oddly Smooth Stone"}],"event_choices":[{"damage_healed":0,"gold_gain":0,"player_choice":"Take Damage","damage_taken":20,"relics_obtained":["Golden Idol"],"max_hp_gain":0,"max_hp_loss":0,"event_name":"Golden Idol","floor":3,"gold_loss":0},{"damage_healed":0,"gold_gain":0,"player_choice":"Left Gold","damage_taken":0,"max_hp_gain":0,"max_hp_loss":0,"event_name":"World of Goop","floor":4,"gold_loss":31},{"damage_healed":0,"gold_gain":0,"player_choice":"Gave Potion","damage_taken":0,"relics_obtained":["Magic Flower"],"max_hp_gain":0,"max_hp_loss":0,"event_name":"WeMeetAgain","floor":19,"gold_loss":0},{"damage_healed":0,"gold_gain":0,"player_choice":"Ignored","damage_taken":0,"max_hp_gain":0,"max_hp_loss":0,"event_name":"The Moai Head","floor":36,"gold_loss":0},{"damage_healed":0,"gold_gain":0,"player_choice":"Memory 2","damage_taken":5,"max_hp_gain":0,"max_hp_loss":0,"event_name":"SensoryStone","floor":37,"gold_loss":0},{"damage_healed":0,"gold_gain":100,"player_choice":"Pray","damage_taken":0,"max_hp_gain":0,"max_hp_loss":0,"event_name":"Golden Shrine","floor":38,"gold_loss":0}],"is_beta":false,"boss_relics":[{"not_picked":["Orrery","Black Blood"],"picked":"Ectoplasm"},{"not_picked":["Runic Pyramid","Eternal Feather"],"picked":"Sozu"}],"items_purged_floors":[40,48],"is_endless":false,"potions_floor_spawned":[6,8,11,13,27,28,33,39,41],"ascension_level":2}