{"gold_per_floor":[118,35,35,59,77,121,121,196,220,220,235,256,256,269,269,395,395,414,40,40,63,38,52,52,73,141,141,154,178,178],"floor_reached":30,"playtime":2171,"items_purged":[],"score":284,"play_id":"25c72ca7-5c04-49e5-b8a8-b853eeeea83d","local_time":"20181121001643","is_ascension_mode":false,"campfire_choices":[{"floor":7,"key":"REST"},{"floor":10,"key":"REST"},{"floor":15,"key":"REST"},{"floor":27,"key":"REST"}],"neow_cost":"NONE","seed_source_timestamp":610498698026554,"circlet_count":0,"master_deck":["Defend_G","Defend_G","Defend_G","Defend_G","Defend_G","Strike_G","Strike_G","Strike_G","Strike_G","Strike_G","Survivor","Neutralize","Corpse Explosion","Acrobatics","Trip","Choke","Catalyst+1","Outmaneuver","Doppelganger","Heel Hook","Flying Knee","After Image","Catalyst","Poisoned Stab","Poisoned Stab","Sucker Punch","Deflect","Deadly Poison","Crippling Poison","Backflip+1","Deflect"],"relics":["Ring of the Snake","Golden Idol","Anchor","Bag of Marbles","White Beast Statue","Potion Belt","MealTicket","Frozen Egg 2"],"potions_floor_usage":[25,25,30,30,30,30,30],"damage_taken":[{"damage":0,"enemies":"2 Louse","floor":1,"turns":4},{"damage":0,"enemies":"Small Slimes","floor":4,"turns":3},{"damage":1,"enemies":"Cultist","floor":5,"turns":3},{"damage":24,"enemies":"Gremlin Nob","floor":6,"turns":5},{"damage":4,"enemies":"2 Fungi Beasts","floor":11,"turns":3},{"damage":0,"enemies":"Red Slaver","floor":12,"turns":2},{"damage":0,"enemies":"Exordium Wildlife","floor":14,"turns":3},{"damage":0,"enemies":"Slime Boss","floor":16,"turns":5},{"damage":31,"enemies":"2 Thieves","floor":18,"turns":5},{"damage":14,"enemies":"Shell Parasite","floor":21,"turns":3},{"damage":0,"enemies":"Snecko","floor":23,"turns":3},{"damage":20,"enemies":"Chosen and Byrds","floor":25,"turns":6},{"damage":0,"enemies":"Snake Plant","floor":28,"turns":3},{"damage":2,"enemies":"Snecko","floor":29,"turns":4},{"damage":36,"enemies":"Shelled Parasite and Fungi","floor":30,"turns":3}],"seed_played":"-8375435270283958851","potions_obtained":[{"floor":1,"key":"SpeedPotion"},{"floor":5,"key":"PowerPotion"},{"floor":11,"key":"Swift Potion"},{"floor":18,"key":"SpeedPotion"},{"floor":21,"key":"SteroidPotion"},{"floor":23,"key":"AttackPotion"},{"floor":25,"key":"AttackPotion"},{"floor":28,"key":"Poison Potion"}],"is_trial":false,"path_per_floor":["M","$","?","M","M","E","R","?","T","R","M","M","?","M","R","B",null,"M","$","?","M","$","M","?","M","T","R","M","M","M"],"character_chosen":"THE_SILENT","items_purchased":["Trip","Potion Belt","MealTicket","Poisoned Stab","Deflect"],"campfire_rested":4,"item_purchase_floors":[2,19,19,19,22],"current_hp_per_floor":[70,70,53,53,52,28,49,38,38,59,55,55,55,55,70,70,70,39,39,39,25,35,35,35,15,15,36,36,34,0],"gold":178,"neow_bonus":"ONE_RANDOM_RARE_CARD","is_prod":false,"is_daily":false,"chose_seed":false,"campfire_upgraded":0,"win_rate":0.0,"timestamp":1542752203,"path_taken":["M","$","?","M","M","E","R","?","T","R","M","M","?","?","R","BOSS","M","$","?","?","$","M","?","M","T","R","M","M","?"],"build_version":"2018-11-15","purchased_purges":0,"victory":false,"max_hp_per_floor":[70,70,70,70,70,70,70,70,70,70,70,70,70,70,70,70,70,70,70,70,70,70,70,70,70,70,70,70,70,70],"card_choices":[{"not_picked":["Eviscerate","Escape Plan"],"picked":"Acrobatics","floor":1},{"not_picked":["Underhanded Strike","Blade Dance"],"picked":"Choke","floor":4},{"not_picked":["Blade Dance","Blur"],"picked":"Catalyst","floor":5},{"not_picked":["Acrobatics","Prepared"],"picked":"Outmaneuver","floor":6},{"not_picked":["Backflip","Sucker Punch"],"picked":"Doppelganger","floor":11},{"not_picked":["Slice","Prepared"],"picked":"Heel Hook","floor":12},{"not_picked":["Dagger Throw","Dodge and Roll"],"picked":"Flying Knee","floor":14},{"not_picked":["Wraith Form v2","Tools of the Trade"],"picked":"After Image","floor":16},{"not_picked":["Blade Dance","Choke"],"picked":"Catalyst","floor":18},{"not_picked":["Riddle With Holes","Dagger Throw"],"picked":"Sucker Punch","floor":21},{"not_picked":["Poisoned Stab","Blur"],"picked":"Deadly Poison","floor":23},{"not_picked":["Eviscerate","Acrobatics+1"],"picked":"Crippling Poison","floor":25},{"not_picked":["Slice","Well Laid Plans+1"],"picked":"Backflip+1","floor":28},{"not_picked":["Quick Slash","Dagger Throw"],"picked":"Deflect","floor":29}],"player_experience":48219,"relics_obtained":[{"floor":6,"key":"Anchor"},{"floor":9,"key":"Bag of Marbles"},{"floor":26,"key":"Frozen Egg 2"}],"event_choices":[{"damage_healed":0,"gold_gain":0,"player_choice":"Take Damage","damage_taken":17,"relics_obtained":["Golden Idol"],"max_hp_gain":0,"max_hp_loss":0,"event_name":"Golden Idol","floor":3,"gold_loss":0},{"damage_healed":0,"gold_gain":75,"player_choice":"Gather Gold","damage_taken":11,"max_hp_gain":0,"max_hp_loss":0,"event_name":"World of Goop","floor":8,"gold_loss":0},{"damage_healed":0,"gold_gain":0,"player_choice":"Forge","damage_taken":0,"max_hp_gain":0,"max_hp_loss":0,"event_name":"Accursed Blacksmith","floor":13,"gold_loss":0,"cards_upgraded":["Catalyst"]},{"damage_healed":0,"gold_gain":0,"player_choice":"Copied","damage_taken":0,"max_hp_gain":0,"max_hp_loss":0,"event_name":"Duplicator","floor":20,"gold_loss":0,"cards_obtained":["Poisoned Stab"]},{"damage_healed":0,"gold_gain":0,"player_choice":"Ignored","damage_taken":0,"max_hp_gain":0,"max_hp_loss":0,"event_name":"Purifier","floor":24,"gold_loss":0}],"is_beta":false,"boss_relics":[{"not_picked":["Cursed Key","Calling Bell"],"picked":"White Beast Statue"}],"items_purged_floors":[],"is_endless":false,"potions_floor_spawned":[1,5,11,18,21,23,25,28,29],"killed_by":"Shelled Parasite and Fungi","ascension_level":0}