{"gold_per_floor":[119,44,44,60,77,77,103,103,103,28,28,28,39,57,57,133,133,150,150,166,216,216,216],"floor_reached":23,"playtime":492,"items_purged":["Strike_B"],"score":378,"play_id":"1d8b2b68-f619-4ded-917c-ccb1be40c9dc","local_time":"20191015213044","is_ascension_mode":true,"campfire_choices":[{"data":"Zap","floor":6.0,"key":"SMITH"},{"data":"Turbo","floor":8.0,"key":"SMITH"},{"floor":11.0,"key":"RECALL"},{"data":"Streamline","floor":15.0,"key":"SMITH"}],"neow_cost":"NONE","seed_source_timestamp":0,"circlet_count":0,"master_deck":["AscendersBane","Zap+1","Dualcast+1","Cold Snap+1","Compile Driver","Core Surge","Compile Driver","Turbo+1","Streamline+1","Reinforced Body","Electrodynamics","Fusion","Amplify","Reprogram","Reboot","Gash","Heatsinks","White Noise","Recycle"],"special_seed":0,"relics":["Cracked Core","Darkstone Periapt","Pandora\u0027s Box"],"potions_floor_usage":[],"damage_taken":[{"damage":0.0,"enemies":"Small Slimes","floor":1.0,"turns":3.0},{"damage":0.0,"enemies":"2 Louse","floor":4.0,"turns":1.0},{"damage":5.0,"enemies":"Jaw Worm","floor":5.0,"turns":3.0},{"damage":20.0,"enemies":"3 Sentries","floor":7.0,"turns":8.0},{"damage":2.0,"enemies":"Looter","floor":13.0,"turns":3.0},{"damage":11.0,"enemies":"Lots of Slimes","floor":14.0,"turns":3.0},{"damage":42.0,"enemies":"Slime Boss","floor":16.0,"turns":12.0},{"damage":6.0,"enemies":"3 Byrds","floor":18.0,"turns":2.0},{"damage":33.0,"enemies":"Shell Parasite","floor":20.0,"turns":3.0},{"damage":0,"enemies":"Gremlin Leader","floor":23,"turns":1}],"seed_played":"-8959861316094677769","potions_obtained":[{"floor":14.0,"key":"Dexterity Potion"},{"floor":16.0,"key":"Ancient Potion"}],"is_trial":false,"path_per_floor":["M","?","?","M","M","R","E","R","T","$","R","?","M","M","R","B",null,"M","?","M","?","?","E"],"character_chosen":"DEFECT","items_purchased":[],"campfire_rested":0,"item_purchase_floors":[],"current_hp_per_floor":[64,64,43,43,38,38,18,18,18,18,18,71,69,58,58,16,57,51,51,18,18,18,18],"gold":216,"neow_bonus":"THREE_CARDS","is_prod":false,"is_daily":false,"chose_seed":false,"campfire_upgraded":3,"win_rate":0,"timestamp":1571146244,"path_taken":["M","?","?","M","M","R","E","R","T","?","R","?","?","M","R","BOSS","M","?","?","?","?","E"],"build_version":"2019-10-14","purchased_purges":1,"victory":false,"max_hp_per_floor":[71,71,71,71,71,71,71,71,71,71,71,71,71,71,71,71,71,71,71,71,71,71,71],"card_choices":[{"not_picked":["Redo","Leap"],"picked":"Cold Snap","floor":0.0},{"not_picked":["Steam","Beam Cell"],"picked":"Compile Driver","floor":1.0},{"not_picked":["Loop","Gash"],"picked":"Core Surge","floor":4.0},{"not_picked":["Streamline","Barrage"],"picked":"Compile Driver","floor":5.0},{"not_picked":["Conserve Battery","Chaos"],"picked":"Turbo","floor":7.0},{"not_picked":["Double Energy","Gash"],"picked":"Streamline","floor":13.0},{"not_picked":["BootSequence","Core Surge"],"picked":"Reinforced Body","floor":14.0},{"not_picked":["Seek","Creative AI"],"picked":"Electrodynamics","floor":16.0},{"not_picked":["Capacitor","Auto Shields"],"picked":"Heatsinks","floor":18.0},{"not_picked":["Ball Lightning","Cold Snap"],"picked":"Recycle","floor":20.0}],"player_experience":1091191,"relics_obtained":[{"floor":7.0,"key":"Darkstone Periapt"}],"event_choices":[{"cards_removed":["Strike_B"],"damage_healed":0.0,"max_hp_gain":0.0,"max_hp_loss":0.0,"gold_gain":0.0,"event_name":"The Cleric","player_choice":"Card Removal","floor":2.0,"gold_loss":75.0,"damage_taken":0.0},{"damage_healed":0.0,"max_hp_gain":0.0,"max_hp_loss":0.0,"gold_gain":0.0,"event_name":"Shining Light","player_choice":"Entered Light","floor":3.0,"gold_loss":0.0,"damage_taken":21.0,"cards_upgraded":["Cold Snap","Dualcast"]},{"damage_healed":53.0,"max_hp_gain":0.0,"max_hp_loss":0.0,"gold_gain":0.0,"event_name":"Wheel of Change","player_choice":"Full Heal","floor":12.0,"gold_loss":0.0,"damage_taken":0.0},{"damage_healed":0.0,"max_hp_gain":0.0,"max_hp_loss":0.0,"gold_gain":0.0,"cards_transformed":["Streamline"],"event_name":"Transmorgrifier","player_choice":"Transformed","floor":19.0,"gold_loss":0.0,"damage_taken":0.0,"cards_obtained":["White Noise"]},{"damage_healed":0.0,"max_hp_gain":0.0,"max_hp_loss":0.0,"gold_gain":50.0,"event_name":"Nest","player_choice":"Stole From Cult","floor":21.0,"gold_loss":0.0,"damage_taken":0.0},{"damage_healed":0.0,"max_hp_gain":0.0,"max_hp_loss":0.0,"gold_gain":0.0,"event_name":"Vampires","player_choice":"Ignored","floor":22.0,"gold_loss":0.0,"damage_taken":0.0}],"is_beta":true,"boss_relics":[{"not_picked":["Black Star","Runic Dome"],"picked":"Pandora\u0027s Box"}],"items_purged_floors":[10],"is_endless":false,"potions_floor_spawned":[14,16],"killed_by":"Gremlin Leader","ascension_level":20}