{"gold_per_floor":[118,118,131,56,81,81,97,112,162,162,176,176,190,190,190,285,285,304,354,368,404,404,404,101,137,137,157,157,57,57,82,82,82],"floor_reached":33,"playtime":862,"items_purged":["Strike_G","Strike_G"],"score":514,"play_id":"078f1acf-700f-471d-9506-b497471d8599","local_time":"20190926225502","is_ascension_mode":true,"campfire_choices":[{"data":"Tactician","floor":6.0,"key":"SMITH"},{"data":"All Out Attack","floor":10.0,"key":"SMITH"},{"data":"Predator","floor":12.0,"key":"SMITH"},{"data":"Neutralize","floor":15.0,"key":"SMITH"},{"floor":23,"key":"REST"},{"data":"Acrobatics","floor":28,"key":"SMITH"},{"data":"Acrobatics","floor":30,"key":"SMITH"},{"data":"Doppelganger","floor":32,"key":"SMITH"}],"neow_cost":"NONE","seed_source_timestamp":369425552503963,"circlet_count":0,"master_deck":["AscendersBane","Strike_G","Defend_G","Defend_G","Defend_G","Defend_G","Defend_G","Survivor","Neutralize+1","Tactician+1","Acrobatics+1","All Out Attack+1","Predator+1","Doppelganger+1","Malaise","Acrobatics+1"],"special_seed":0,"relics":["Ring of the Snake","NeowsBlessing","Golden Idol","HoveringKite","Red Mask","PreservedInsect","Frozen Egg 2","Pear"],"potions_floor_usage":[21,31],"damage_taken":[{"damage":0.0,"enemies":"Jaw Worm","floor":1.0,"turns":1.0},{"damage":0.0,"enemies":"Small Slimes","floor":3.0,"turns":1.0},{"damage":0.0,"enemies":"Cultist","floor":5.0,"turns":1.0},{"damage":22.0,"enemies":"Large Slime","floor":7.0,"turns":10.0},{"damage":0.0,"enemies":"Blue Slaver","floor":8.0,"turns":4.0},{"damage":0.0,"enemies":"Exordium Wildlife","floor":11.0,"turns":2.0},{"damage":0.0,"enemies":"2 Fungi Beasts","floor":13.0,"turns":2.0},{"damage":27.0,"enemies":"Slime Boss","floor":16.0,"turns":9.0},{"damage":23.0,"enemies":"3 Byrds","floor":18.0,"turns":8.0},{"damage":19,"enemies":"Chosen","floor":20,"turns":7},{"damage":0,"enemies":"Masked Bandits","floor":21,"turns":2},{"damage":6,"enemies":"Slavers","floor":25,"turns":3},{"damage":17,"enemies":"Sentry and Sphere","floor":27,"turns":7},{"damage":0,"enemies":"Snake Plant","floor":31,"turns":5},{"damage":11,"enemies":"Collector","floor":33,"turns":2}],"seed_played":"-970442133669058642","potions_obtained":[{"floor":5.0,"key":"Ancient Potion"},{"floor":8.0,"key":"Energy Potion"},{"floor":11.0,"key":"SkillPotion"},{"floor":20,"key":"Explosive Potion"},{"floor":27,"key":"Block Potion"}],"is_trial":false,"path_per_floor":["M","?","M","?","M","R","M","M","T","R","M","R","M","?","R","B",null,"M","?","M","?","?","R","$","E","T","M","R","$","R","M","R","B"],"character_chosen":"THE_SILENT","items_purchased":["PreservedInsect","SteroidPotion"],"campfire_rested":1,"item_purchase_floors":[24,24],"current_hp_per_floor":[59,59,59,59,59,59,37,37,37,37,37,37,37,37,37,10,48,25,25,6,6,6,24,24,18,28,11,11,11,11,11,11,0],"gold":82,"neow_bonus":"THREE_ENEMY_KILL","is_prod":false,"is_daily":false,"chose_seed":false,"campfire_upgraded":7,"win_rate":0,"timestamp":1569509702,"path_taken":["M","?","M","?","M","R","?","M","T","R","M","R","M","?","R","BOSS","M","?","?","?","?","R","$","E","T","M","R","?","R","M","R","BOSS"],"build_version":"2019-09-25","purchased_purges":2,"victory":false,"max_hp_per_floor":[66,60,60,60,60,60,60,60,60,60,60,60,60,60,60,60,60,60,60,60,60,60,60,60,60,70,70,70,70,70,70,70,70],"card_choices":[{"not_picked":["Quick Slash","Dagger Throw"],"picked":"Tactician","floor":1.0},{"not_picked":["Outmaneuver","Underhanded Strike"],"picked":"Acrobatics","floor":3.0},{"not_picked":["Bane","Flying Knee"],"picked":"All Out Attack","floor":5.0},{"not_picked":["Backflip","Flying Knee"],"picked":"Predator","floor":7.0},{"not_picked":["PiercingWail","Deadly Poison","Heel Hook"],"picked":"SKIP","floor":8.0},{"not_picked":["Riddle With Holes","Quick Slash","Infinite Blades"],"picked":"SKIP","floor":11.0},{"not_picked":["Quick Slash","Cloak And Dagger"],"picked":"Doppelganger","floor":13.0},{"not_picked":["Bullet Time","A Thousand Cuts"],"picked":"Malaise","floor":16.0},{"not_picked":["Concentrate","Crippling Poison","Deflect"],"picked":"SKIP","floor":18.0},{"not_picked":["Infinite Blades+1","Backstab"],"picked":"Acrobatics","floor":20},{"not_picked":["Envenom","Acrobatics+1","Expertise+1"],"picked":"SKIP","floor":25},{"not_picked":["Riddle With Holes","Flying Knee","Poisoned Stab"],"picked":"SKIP","floor":27},{"not_picked":["Outmaneuver","Slice+1","Deadly Poison"],"picked":"SKIP","floor":31}],"player_experience":1016486,"relics_obtained":[{"floor":21,"key":"Red Mask"},{"floor":25,"key":"Frozen Egg 2"},{"floor":26,"key":"Pear"}],"event_choices":[{"damage_healed":0.0,"max_hp_gain":0.0,"max_hp_loss":6.0,"gold_gain":0.0,"event_name":"Golden Idol","player_choice":"Lose Max HP","floor":2.0,"gold_loss":0.0,"damage_taken":0.0,"relics_obtained":["Golden Idol"]},{"cards_removed":["Strike_G"],"damage_healed":0.0,"max_hp_gain":0.0,"max_hp_loss":0.0,"gold_gain":0.0,"event_name":"The Cleric","player_choice":"Card Removal","floor":4.0,"gold_loss":75.0,"damage_taken":0.0},{"damage_healed":0.0,"max_hp_gain":0.0,"max_hp_loss":0.0,"gold_gain":0.0,"event_name":"Liars Game","player_choice":"Ignored","floor":14.0,"gold_loss":0.0,"damage_taken":0.0},{"damage_healed":0.0,"max_hp_gain":0.0,"max_hp_loss":0.0,"gold_gain":50.0,"event_name":"Golden Shrine","player_choice":"Pray","floor":19.0,"gold_loss":0.0,"damage_taken":0.0},{"damage_healed":0,"gold_gain":0,"player_choice":"Fought Bandits","damage_taken":0,"max_hp_gain":0,"max_hp_loss":0,"event_name":"Masked Bandits","floor":21,"gold_loss":0},{"cards_removed":["Strike_G"],"damage_healed":0,"gold_gain":0,"player_choice":"Elegance","damage_taken":0,"max_hp_gain":0,"max_hp_loss":0,"event_name":"Back to Basics","floor":22,"gold_loss":0}],"is_beta":true,"boss_relics":[{"not_picked":["WristBlade","Snecko Eye"],"picked":"HoveringKite"}],"items_purged_floors":[24,29],"is_endless":false,"potions_floor_spawned":[5,8,11,13,20,27],"killed_by":"Collector","ascension_level":20}