{"gold_per_floor":[363,35,35,35,53,84,84,98,98,124,135,160,125,7,7,105,105,116,131,91,110,19,19,48,48,75,105,117],"floor_reached":28,"playtime":3071,"items_purged":["Decay"],"score":307,"play_id":"72e48076-212c-4875-a920-670db1a1fdc2","local_time":"20190208212050","is_ascension_mode":true,"campfire_choices":[{"floor":7,"key":"REST"},{"data":"Catalyst","floor":15,"key":"SMITH"},{"data":"Blade Dance","floor":23,"key":"SMITH"},{"floor":25,"key":"REST"}],"neow_cost":"CURSE","seed_source_timestamp":2241371601946239,"circlet_count":0,"master_deck":["Defend_G","Defend_G","Defend_G","Defend_G","Defend_G","Strike_G","Strike_G","Strike_G","Strike_G","Strike_G+1","Survivor","Neutralize","Deadly Poison+1","Escape Plan","Escape Plan","Bane","Bouncing Flask+1","Blade Dance+1","Concentrate","Catalyst+1","Malaise","Poisoned Stab+1","Poisoned Stab+1","Sucker Punch+1","Bandage Up","Burst"],"relics":["Ring of the Snake","Matryoshka","Sundial","Bottled Lightning","Bag of Marbles","Ninja Scroll","Omamori","White Beast Statue","The Courier","Whetstone","MawBank"],"potions_floor_usage":[10,18,24,24,27,28],"damage_taken":[{"damage":9,"enemies":"Cultist","floor":1,"turns":6},{"damage":2,"enemies":"2 Louse","floor":5,"turns":3},{"damage":32,"enemies":"3 Sentries","floor":6,"turns":10},{"damage":15,"enemies":"Jaw Worm","floor":8,"turns":4},{"damage":7,"enemies":"Gremlin Nob","floor":10,"turns":3},{"damage":0,"enemies":"Blue Slaver","floor":11,"turns":3},{"damage":12,"enemies":"Lagavulin","floor":12,"turns":4},{"damage":9,"enemies":"The Guardian","floor":16,"turns":6},{"damage":14,"enemies":"3 Byrds","floor":18,"turns":6},{"damage":0,"enemies":"Chosen","floor":19,"turns":3},{"damage":0,"enemies":"Snecko","floor":21,"turns":3},{"damage":55,"enemies":"Gremlin Leader","floor":24,"turns":8},{"damage":25,"enemies":"Centurion and Healer","floor":27,"turns":4},{"damage":7,"enemies":"Snake Plant","floor":28,"turns":1}],"seed_played":"-4089615236780232481","potions_obtained":[{"floor":1,"key":"SneckoOil"},{"floor":5,"key":"SteroidPotion"},{"floor":16,"key":"Swift Potion"},{"floor":18,"key":"SteroidPotion"},{"floor":19,"key":"Weak Potion"},{"floor":24,"key":"Poison Potion"},{"floor":27,"key":"Swift Potion"}],"is_trial":false,"path_per_floor":["M","$","?","?","M","E","R","M","T","E","M","E","?","$","R","B",null,"M","M","?","M","$","R","E","R","T","M","M"],"character_chosen":"THE_SILENT","items_purchased":["Matryoshka","Catalyst","Block Potion","Bandage Up"],"campfire_rested":2,"item_purchase_floors":[2,14,14,22],"current_hp_per_floor":[61,61,61,61,59,27,48,33,33,26,26,14,31,31,31,22,70,56,56,56,56,56,56,5,26,26,5,0],"gold":117,"neow_bonus":"TWO_FIFTY_GOLD","is_prod":false,"is_daily":false,"chose_seed":false,"campfire_upgraded":2,"win_rate":0,"timestamp":1549653650,"path_taken":["M","$","?","?","M","E","R","M","T","E","M","E","?","?","R","BOSS","M","M","?","?","$","R","E","R","T","M","M"],"build_version":"2019-01-23","purchased_purges":1,"victory":false,"max_hp_per_floor":[70,70,70,70,70,70,70,70,70,70,70,70,70,70,70,70,70,70,70,70,70,70,70,70,70,70,70,70],"card_choices":[{"not_picked":["Deflect","Dagger Spray"],"picked":"Deadly Poison","floor":1},{"not_picked":["All Out Attack","Flying Knee"],"picked":"Escape Plan","floor":5},{"not_picked":["Acrobatics","Outmaneuver"],"picked":"Escape Plan","floor":6},{"not_picked":["Deflect","Dodge and Roll"],"picked":"Bane","floor":8},{"not_picked":["Deflect","Tools of the Trade"],"picked":"Bouncing Flask","floor":10},{"not_picked":["Prepared","Sucker Punch"],"picked":"Blade Dance","floor":11},{"not_picked":["A Thousand Cuts","Expertise"],"picked":"Concentrate","floor":12},{"not_picked":["Bullet Time","Storm of Steel"],"picked":"Malaise","floor":16},{"not_picked":["Quick Slash","Footwork"],"picked":"Poisoned Stab","floor":18},{"not_picked":["Dagger Throw","PiercingWail"],"picked":"Poisoned Stab+1","floor":19},{"not_picked":["Prepared+1","Doppelganger"],"picked":"Sucker Punch+1","floor":21},{"not_picked":["Infinite Blades","Accuracy"],"picked":"Burst","floor":24},{"not_picked":["Dodge and Roll","Underhanded Strike+1","Acrobatics"],"picked":"SKIP","floor":27}],"player_experience":193916,"relics_obtained":[{"floor":6,"key":"Sundial"},{"floor":9,"key":"Bottled Lightning"},{"floor":9,"key":"Bag of Marbles"},{"floor":10,"key":"Ninja Scroll"},{"floor":12,"key":"Omamori"},{"floor":24,"key":"The Courier"},{"floor":26,"key":"Whetstone"},{"floor":26,"key":"MawBank"}],"event_choices":[{"damage_healed":0,"gold_gain":0,"player_choice":"Ignored","damage_taken":0,"max_hp_gain":0,"max_hp_loss":0,"event_name":"Golden Wing","floor":3,"gold_loss":0},{"damage_healed":0,"gold_gain":0,"player_choice":"Grow","damage_taken":0,"max_hp_gain":0,"max_hp_loss":0,"event_name":"Living Wall","floor":4,"gold_loss":0,"cards_upgraded":["Deadly Poison"]},{"damage_healed":17,"gold_gain":0,"player_choice":"Healed","damage_taken":0,"max_hp_gain":0,"max_hp_loss":0,"event_name":"The Cleric","floor":13,"gold_loss":35},{"damage_healed":0,"gold_gain":0,"player_choice":"Upgrade","damage_taken":0,"max_hp_gain":0,"max_hp_loss":0,"event_name":"Designer","floor":20,"gold_loss":40,"cards_upgraded":["Bouncing Flask"]}],"is_beta":false,"boss_relics":[{"not_picked":["Empty Cage","Snecko Eye"],"picked":"White Beast Statue"}],"items_purged_floors":[2],"is_endless":false,"potions_floor_spawned":[1,5,11,16,18,19,21,24,27],"killed_by":"Snake Plant","ascension_level":4}