{"gold_per_floor":[110,110,121,46,121,121,147,47,47,82,82,113,113,125],"floor_reached":14,"playtime":395,"items_purged":["Strike_B","Strike_B"],"score":150,"play_id":"503f65b7-c9c5-4cd1-af91-cf66bea2a16f","local_time":"20190915165621","is_ascension_mode":true,"campfire_choices":[{"data":"Sunder","floor":6,"key":"SMITH"}],"neow_cost":"NONE","seed_source_timestamp":324835243018400,"circlet_count":0,"master_deck":["Strike_B","Strike_B+1","Defend_B","Defend_B","Defend_B+1","Defend_B","Zap","Dualcast","Sunder+1","Lockon","Leap","Go for the Eyes","Beam Cell","Regret"],"relics":["Cracked Core","Darkstone Periapt","Pen Nib","Strawberry","Shuriken","Meat on the Bone","MawBank"],"potions_floor_usage":[10],"damage_taken":[{"damage":6,"enemies":"Cultist","floor":1,"turns":3},{"damage":0,"enemies":"2 Louse","floor":3,"turns":2},{"damage":24,"enemies":"3 Sentries","floor":7,"turns":6},{"damage":10,"enemies":"Gremlin Nob","floor":10,"turns":3},{"damage":13,"enemies":"3 Sentries","floor":12,"turns":8},{"damage":16,"enemies":"Lagavulin","floor":14,"turns":4}],"seed_played":"4984060132382702736","potions_obtained":[{"floor":1,"key":"Explosive Potion"},{"floor":12,"key":"Dexterity Potion"}],"is_trial":false,"path_per_floor":["M","?","M","$","?","R","E","$","T","E","T","E","?","E"],"character_chosen":"DEFECT","items_purchased":[],"campfire_rested":0,"item_purchase_floors":[],"current_hp_per_floor":[76,60,60,60,49,49,25,25,25,22,22,9,15,0],"gold":125,"neow_bonus":"TEN_PERCENT_HP_BONUS","is_prod":false,"is_daily":false,"chose_seed":false,"campfire_upgraded":1,"win_rate":0,"timestamp":1568559381,"path_taken":["M","?","M","$","?","R","E","$","T","E","?","E","?","E"],"build_version":"2019-07-17","purchased_purges":2,"victory":false,"max_hp_per_floor":[82,82,82,82,82,82,82,82,82,89,89,89,95,95],"card_choices":[{"not_picked":["Aggregate","Go for the Eyes"],"picked":"Sunder","floor":1},{"not_picked":["Go for the Eyes","Beam Cell"],"picked":"Lockon","floor":3},{"not_picked":["Redo","Steam"],"picked":"Leap","floor":7},{"not_picked":["Reprogram","Hologram"],"picked":"Go for the Eyes","floor":10},{"not_picked":["Lockon","Core Surge"],"picked":"Beam Cell","floor":12}],"player_experience":314533,"relics_obtained":[{"floor":7,"key":"Darkstone Periapt"},{"floor":9,"key":"Pen Nib"},{"floor":10,"key":"Strawberry"},{"floor":11,"key":"Shuriken"},{"floor":12,"key":"Meat on the Bone"}],"event_choices":[{"damage_healed":0,"gold_gain":0,"player_choice":"Entered Light","damage_taken":16,"max_hp_gain":0,"max_hp_loss":0,"event_name":"Shining Light","floor":2,"gold_loss":0,"cards_upgraded":["Defend_B","Strike_B"]},{"damage_healed":0,"gold_gain":75,"player_choice":"Gather Gold","damage_taken":11,"max_hp_gain":0,"max_hp_loss":0,"event_name":"World of Goop","floor":5,"gold_loss":0},{"damage_healed":0,"gold_gain":0,"player_choice":"Box","damage_taken":0,"relics_obtained":["MawBank"],"max_hp_gain":0,"max_hp_loss":0,"event_name":"Big Fish","floor":13,"gold_loss":0,"cards_obtained":["Regret"]}],"is_beta":false,"boss_relics":[],"items_purged_floors":[4,8],"is_endless":false,"potions_floor_spawned":[1,12],"killed_by":"Lagavulin","ascension_level":4}