{"gold_per_floor":[115,65,85,103,123,123,152,183,183,183],"floor_reached":10,"playtime":362,"items_purged":[],"score":82,"play_id":"4d120c65-1766-4b5a-b502-cef4e51f70e7","local_time":"20191018143805","is_ascension_mode":true,"campfire_choices":[{"data":"Hologram","floor":6,"key":"SMITH"}],"neow_cost":"NONE","seed_source_timestamp":629860073485700,"circlet_count":0,"master_deck":["Strike_B","Strike_B","Strike_B","Strike_B","Defend_B","Defend_B","Defend_B","Defend_B","Zap","Dualcast","Gash","Rebound","Gash","Sunder","Hologram+1","Leap","White Noise"],"relics":["Cracked Core","Odd Mushroom","Shuriken","Cables"],"potions_floor_usage":[4,7,7],"damage_taken":[{"damage":4,"enemies":"2 Louse","floor":1,"turns":2},{"damage":2,"enemies":"Jaw Worm","floor":3,"turns":3},{"damage":0,"enemies":"Cultist","floor":4,"turns":2},{"damage":18,"enemies":"Large Slime","floor":5,"turns":4},{"damage":0,"enemies":"The Mushroom Lair","floor":7,"turns":2},{"damage":16,"enemies":"3 Sentries","floor":8,"turns":8},{"damage":35,"enemies":"Lagavulin","floor":10,"turns":3}],"seed_played":"-7483231933495726509","potions_obtained":[{"floor":0,"key":"Swift Potion"},{"floor":0,"key":"EssenceOfSteel"},{"floor":0,"key":"Strength Potion"},{"floor":8,"key":"SneckoOil"}],"is_trial":false,"path_per_floor":["M","$","M","M","M","R","?","E","T","E"],"character_chosen":"DEFECT","items_purchased":["Rebound"],"campfire_rested":0,"item_purchase_floors":[2],"current_hp_per_floor":[71,71,69,69,51,51,51,35,35,0],"gold":183,"neow_bonus":"THREE_SMALL_POTIONS","is_prod":false,"is_daily":false,"chose_seed":false,"campfire_upgraded":1,"win_rate":0,"timestamp":1571402285,"path_taken":["M","$","M","M","M","R","?","E","T","E"],"build_version":"2019-07-17","purchased_purges":0,"victory":false,"max_hp_per_floor":[75,75,75,75,75,75,75,75,75,75],"card_choices":[{"not_picked":["Stack","Glacier"],"picked":"Gash","floor":1},{"not_picked":["Cold Snap","Aggregate"],"picked":"Gash","floor":3},{"not_picked":["Hello World","Amplify"],"picked":"Sunder","floor":4},{"not_picked":["Turbo","Cold Snap"],"picked":"Hologram","floor":5},{"not_picked":["Recycle","Barrage"],"picked":"Leap","floor":7},{"not_picked":["Chill","Cold Snap"],"picked":"White Noise","floor":8}],"player_experience":379499,"relics_obtained":[{"floor":7,"key":"Odd Mushroom"},{"floor":8,"key":"Shuriken"},{"floor":9,"key":"Cables"}],"event_choices":[{"damage_healed":0,"gold_gain":0,"player_choice":"Fought Mushrooms","damage_taken":0,"max_hp_gain":0,"max_hp_loss":0,"event_name":"Mushrooms","floor":7,"gold_loss":0}],"is_beta":false,"boss_relics":[],"items_purged_floors":[],"is_endless":false,"potions_floor_spawned":[1,3,8],"killed_by":"Lagavulin","ascension_level":4}