{"gold_per_floor":[112,31,48,48,48,48,75,87,166,166,194,214,230,240,240,336,336,350,350,368,44,62,94,20,20,20,20,40,56,56,56,56,56],"floor_reached":33,"playtime":1578,"items_purged":["Strike_B"],"score":302,"play_id":"75554683-037b-4feb-b075-441b74c52b7c","local_time":"20191001151428","is_ascension_mode":false,"campfire_choices":[{"data":"Gash","floor":6,"key":"SMITH"},{"data":"Scrape","floor":10,"key":"SMITH"},{"floor":15,"key":"REST"},{"floor":25,"key":"REST"},{"data":"Hologram","floor":27,"key":"SMITH"},{"data":"Streamline","floor":30,"key":"SMITH"},{"floor":32,"key":"REST"}],"neow_cost":"NONE","seed_source_timestamp":406238590122300,"circlet_count":0,"master_deck":["Strike_B","Strike_B","Strike_B","Defend_B","Defend_B","Defend_B","Defend_B","Zap","Dualcast","Gash+1","Beam Cell","FTL","Scrape+1","Beam Cell","Rebound","Streamline","Seek","Hologram+1","Gash","Streamline+1","Rebound+1","Self Repair","Gash","Streamline+1"],"relics":["Cracked Core","Strawberry","Mercury Hourglass","Regal Pillow","Nuclear Battery","Toxic Egg 2","Bronze Scales","Incense Burner"],"potions_floor_usage":[16,16,16,22,22,33,33,33],"damage_taken":[{"damage":1,"enemies":"Jaw Worm","floor":1,"turns":2},{"damage":0,"enemies":"Small Slimes","floor":3,"turns":3},{"damage":11,"enemies":"Lagavulin","floor":7,"turns":5},{"damage":0,"enemies":"Cultist","floor":8,"turns":2},{"damage":11,"enemies":"Gremlin Nob","floor":11,"turns":3},{"damage":4,"enemies":"Blue Slaver","floor":12,"turns":3},{"damage":0,"enemies":"2 Fungi Beasts","floor":13,"turns":1},{"damage":10,"enemies":"Looter","floor":14,"turns":3},{"damage":50,"enemies":"Hexaghost","floor":16,"turns":6},{"damage":9,"enemies":"Shell Parasite","floor":18,"turns":3},{"damage":5,"enemies":"3 Byrds","floor":20,"turns":3},{"damage":18,"enemies":"Snake Plant","floor":22,"turns":4},{"damage":27,"enemies":"Gremlin Leader","floor":23,"turns":5},{"damage":23,"enemies":"Shelled Parasite and Fungi","floor":28,"turns":3},{"damage":0,"enemies":"Sentry and Sphere","floor":29,"turns":4},{"damage":79,"enemies":"Champ","floor":33,"turns":9}],"seed_played":"2343551819403571312","potions_obtained":[{"floor":7,"key":"Swift Potion"},{"floor":13,"key":"AttackPotion"},{"floor":14,"key":"Energy Potion"},{"floor":16,"key":"Dexterity Potion"},{"floor":18,"key":"SpeedPotion"},{"floor":20,"key":"Block Potion"},{"floor":23,"key":"FearPotion"},{"floor":29,"key":"Strength Potion"}],"is_trial":false,"path_per_floor":["M","$","M","?","?","R","E","M","T","R","E","M","M","M","R","B",null,"M","?","M","$","M","E","$","R","T","R","M","M","R","?","R","B"],"character_chosen":"DEFECT","items_purchased":["FTL","Toxic Egg 2","Self Repair"],"campfire_rested":3,"item_purchase_floors":[2,21,24],"current_hp_per_floor":[74,74,74,74,79,79,75,75,75,75,64,60,60,50,87,37,87,78,78,73,73,55,28,28,69,69,69,46,53,53,36,78,0],"gold":56,"neow_bonus":"THREE_CARDS","is_prod":false,"is_daily":false,"chose_seed":false,"campfire_upgraded":4,"win_rate":0.0,"timestamp":1569935668,"path_taken":["M","$","M","?","?","R","E","M","T","R","E","M","M","M","R","BOSS","M","?","M","$","M","E","$","R","T","R","M","M","R","?","R","BOSS"],"build_version":"2019-07-17","purchased_purges":1,"victory":false,"max_hp_per_floor":[75,75,75,75,80,80,87,87,87,87,87,87,87,87,87,87,87,87,87,87,87,87,87,87,87,87,87,87,87,87,92,92,92],"card_choices":[{"not_picked":["Force Field","Coolheaded"],"picked":"Gash","floor":0},{"not_picked":["Compile Driver","Turbo"],"picked":"Beam Cell","floor":1},{"not_picked":["Sunder","Ball Lightning","Glacier"],"picked":"SKIP","floor":3},{"not_picked":["Fission","Sweeping Beam","Tempest"],"picked":"SKIP","floor":7},{"not_picked":["Steam","Compile Driver"],"picked":"Scrape","floor":8},{"not_picked":["Fusion","Consume"],"picked":"Beam Cell","floor":11},{"not_picked":["Melter","Steam"],"picked":"Rebound","floor":12},{"not_picked":["Go for the Eyes","Double Energy"],"picked":"Streamline","floor":13},{"not_picked":["Turbo","Chaos","Redo"],"picked":"SKIP","floor":14},{"not_picked":["Fission","Machine Learning"],"picked":"Seek","floor":16},{"not_picked":["Scrape+1","Ball Lightning"],"picked":"Hologram","floor":18},{"not_picked":["White Noise","Steam Power"],"picked":"Streamline","floor":20},{"not_picked":["Steam+1","Leap+1","Coolheaded+1"],"picked":"SKIP","floor":22},{"not_picked":["Redo+1","Genetic Algorithm+1"],"picked":"Rebound+1","floor":23},{"not_picked":["Reinforced Body+1","Rip and Tear"],"picked":"Gash","floor":28},{"not_picked":["Static Discharge","Heatsinks"],"picked":"Streamline+1","floor":29}],"player_experience":125109,"relics_obtained":[{"floor":7,"key":"Strawberry"},{"floor":9,"key":"Mercury Hourglass"},{"floor":11,"key":"Regal Pillow"},{"floor":23,"key":"Bronze Scales"},{"floor":26,"key":"Incense Burner"}],"event_choices":[{"damage_healed":0,"gold_gain":0,"player_choice":"Ignored","damage_taken":0,"max_hp_gain":0,"max_hp_loss":0,"event_name":"Liars Game","floor":4,"gold_loss":0},{"damage_healed":0,"gold_gain":0,"player_choice":"Donut","damage_taken":0,"max_hp_gain":5,"max_hp_loss":0,"event_name":"Big Fish","floor":5,"gold_loss":0},{"damage_healed":0,"gold_gain":0,"player_choice":"Read","damage_taken":0,"max_hp_gain":0,"max_hp_loss":0,"event_name":"The Library","floor":19,"gold_loss":0,"cards_obtained":["Gash"]},{"damage_healed":0,"gold_gain":0,"player_choice":"Shed Blood","damage_taken":22,"max_hp_gain":5,"max_hp_loss":0,"event_name":"Forgotten Altar","floor":31,"gold_loss":0}],"is_beta":false,"boss_relics":[{"not_picked":["Runic Pyramid","Velvet Choker"],"picked":"Nuclear Battery"}],"items_purged_floors":[21],"is_endless":false,"potions_floor_spawned":[7,13,14,16,18,20,23,29],"killed_by":"Champ","ascension_level":0}