{"gold_per_floor":[113,113,13,27,37,37,56,56,107,182,27,27],"floor_reached":12,"playtime":196,"items_purged":["Strike_G"],"score":136,"play_id":"9d6ffbcd-6aed-44d4-92dd-84b069d37244","local_time":"20190926231300","is_ascension_mode":true,"campfire_choices":[{"data":"Finisher","floor":6,"key":"SMITH"},{"data":"Neutralize","floor":8,"key":"SMITH"}],"neow_cost":"TEN_PERCENT_HP_LOSS","seed_source_timestamp":371314658749336,"circlet_count":0,"master_deck":["AscendersBane","Strike_G","Defend_G","Defend_G","Defend_G","Defend_G","Defend_G","Survivor","Neutralize+1","Caltrops","Tools of the Trade","Well Laid Plans","Finisher+1","Acrobatics","Footwork","Noxious Fumes"],"special_seed":0,"relics":["Ring of the Snake","Omamori"],"potions_floor_usage":[],"damage_taken":[{"damage":2.0,"enemies":"Cultist","floor":1.0,"turns":5.0},{"damage":9,"enemies":"2 Louse","floor":4,"turns":3},{"damage":9,"enemies":"Small Slimes","floor":5,"turns":5},{"damage":20,"enemies":"3 Louse","floor":7,"turns":3},{"damage":0,"enemies":"Large Slime","floor":12,"turns":1}],"seed_played":"-2032396360210380849","potions_obtained":[{"floor":1.0,"key":"Dexterity Potion"}],"is_trial":false,"path_per_floor":["M","?","$","M","M","R","M","R","T","?","$","M"],"character_chosen":"THE_SILENT","items_purchased":["Finisher","Acrobatics","Noxious Fumes"],"campfire_rested":0,"item_purchase_floors":[3,3,11],"current_hp_per_floor":[57,57,57,48,39,39,19,19,19,8,8,8],"gold":27,"neow_bonus":"TRANSFORM_TWO_CARDS","is_prod":false,"is_daily":false,"chose_seed":false,"campfire_upgraded":2,"win_rate":0,"timestamp":1569510780,"path_taken":["M","?","$","M","M","R","M","R","T","?","$","M"],"build_version":"2019-09-25","purchased_purges":1,"victory":false,"max_hp_per_floor":[60,60,60,60,60,60,60,60,60,60,60,60],"card_choices":[{"not_picked":["Reflex","Backflip"],"picked":"Well Laid Plans","floor":1.0},{"not_picked":["Slice","Poisoned Stab","Leg Sweep"],"picked":"SKIP","floor":4},{"not_picked":["Sucker Punch","Underhanded Strike","Slice"],"picked":"SKIP","floor":5},{"not_picked":["Blade Dance","Leg Sweep"],"picked":"Footwork","floor":7}],"player_experience":1018095,"relics_obtained":[{"floor":9,"key":"Omamori"}],"event_choices":[{"cards_removed":["Strike_G"],"damage_healed":0,"gold_gain":0,"player_choice":"Forget","damage_taken":0,"max_hp_gain":0,"max_hp_loss":0,"event_name":"Living Wall","floor":2,"gold_loss":0},{"damage_healed":0,"gold_gain":75,"player_choice":"Gather Gold","damage_taken":11,"max_hp_gain":0,"max_hp_loss":0,"event_name":"World of Goop","floor":10,"gold_loss":0}],"is_beta":true,"boss_relics":[],"items_purged_floors":[11],"is_endless":false,"potions_floor_spawned":[1],"killed_by":"Large Slime","ascension_level":20}