{"gold_per_floor":[111,129,129,149,149,149,183,183,183,202,63,63,76,110,110,211,211,226,226,17,32,47,62,15,34,34,34,34,34,34,49,49,153,153,166,0,17,17,36,36,136,136,160,8,8,8,8,8,8,8],"floor_reached":50,"playtime":6321,"items_purged":[],"score":518,"play_id":"846263f9-9f75-467b-a9ad-094b47dd952d","local_time":"20191008170229","is_ascension_mode":true,"campfire_choices":[{"data":"Backflip","floor":6,"key":"SMITH"},{"floor":12,"key":"REST"},{"floor":15,"key":"REST"},{"data":"Bullet Time","floor":30,"key":"SMITH"},{"floor":32,"key":"REST"},{"floor":40,"key":"REST"},{"data":"Noxious Fumes","floor":45,"key":"SMITH"},{"floor":47,"key":"REST"},{"floor":49,"key":"RECALL"}],"neow_cost":"NONE","seed_source_timestamp":279896697925100,"circlet_count":0,"master_deck":["Strike_G","Strike_G","Strike_G","Defend_G","Defend_G","Defend_G","Defend_G","Survivor+1","Neutralize","Poisoned Stab","Backflip+1","Dodge and Roll","After Image","Bouncing Flask","Well Laid Plans","Dodge and Roll","Bullet Time+1","Deflect","Backflip+1","Caltrops","Bane","Prepared","Noxious Fumes+1","Night Terror","Flying Knee+1","Adrenaline"],"relics":["Ring of the Snake","Mercury Hourglass","Vajra","Kunai","Calipers","Empty Cage","HandDrill","WingedGreaves","Torii","Anchor","Sozu","Red Mask","The Specimen","Bag of Preparation"],"potions_floor_usage":[7,18,23,33,33,39],"damage_taken":[{"damage":1,"enemies":"Cultist","floor":1,"turns":4},{"damage":0,"enemies":"Small Slimes","floor":2,"turns":4},{"damage":0,"enemies":"Jaw Worm","floor":4,"turns":3},{"damage":38,"enemies":"3 Sentries","floor":7,"turns":20},{"damage":2,"enemies":"Red Slaver","floor":10,"turns":4},{"damage":0,"enemies":"Exordium Thugs","floor":13,"turns":3},{"damage":5,"enemies":"Lagavulin","floor":14,"turns":6},{"damage":17,"enemies":"The Guardian","floor":16,"turns":10},{"damage":5,"enemies":"Shell Parasite","floor":18,"turns":6},{"damage":12,"enemies":"3 Byrds","floor":21,"turns":5},{"damage":0,"enemies":"Snake Plant","floor":22,"turns":5},{"damage":8,"enemies":"Centurion and Healer","floor":23,"turns":10},{"damage":1,"enemies":"Shelled Parasite and Fungi","floor":25,"turns":7},{"damage":14,"enemies":"Chosen and Byrds","floor":31,"turns":8},{"damage":1,"enemies":"Collector","floor":33,"turns":10},{"damage":2,"enemies":"3 Shapes","floor":35,"turns":3},{"damage":48,"enemies":"3 Darklings","floor":37,"turns":6},{"damage":7,"enemies":"Spire Growth","floor":39,"turns":7},{"damage":1,"enemies":"Mind Bloom Boss Battle","floor":41,"turns":8},{"damage":67,"enemies":"Awakened One","floor":50,"turns":6}],"seed_played":"1997906931542166528","potions_obtained":[{"floor":1,"key":"Weak Potion"},{"floor":4,"key":"PowerPotion"},{"floor":7,"key":"Block Potion"},{"floor":13,"key":"FearPotion"},{"floor":14,"key":"GhostInAJar"},{"floor":25,"key":"PowerPotion"},{"floor":31,"key":"Dexterity Potion"},{"floor":33,"key":"Energy Potion"}],"is_trial":false,"path_per_floor":["M","M","$","M","?","R","E","?","T","M","$","R","M","E","R","B",null,"M","T","$","M","M","M","$","M","T","$","T","?","R","M","R","B",null,"M","?","M","?","M","R","?","?","T","$","R","$","R","$","R","B"],"character_chosen":"THE_SILENT","items_purchased":["Bouncing Flask","Well Laid Plans","HandDrill","Prepared","Adrenaline"],"campfire_rested":5,"item_purchase_floors":[11,11,20,24,44],"current_hp_per_floor":[69,69,69,69,74,74,36,29,29,27,27,49,49,44,66,49,75,70,70,70,58,58,50,50,49,49,49,49,49,49,35,57,56,75,73,73,25,25,18,40,39,39,39,39,39,39,61,61,61,0],"gold":8,"neow_bonus":"UPGRADE_CARD","is_prod":false,"is_daily":false,"chose_seed":false,"campfire_upgraded":3,"win_rate":0,"timestamp":1570546949,"path_taken":["M","M","?","?","?","R","E","?","T","?","$","R","M","E","R","BOSS","M","?","?","M","?","M","?","M","T","$","?","?","R","?","R","BOSS","M","?","M","?","?","R","?","?","T","$","R","?","R","$","R","BOSS"],"build_version":"2019-07-17","purchased_purges":0,"victory":false,"max_hp_per_floor":[70,70,70,70,75,75,75,75,75,75,75,75,75,75,75,75,75,75,75,75,75,75,75,75,75,75,75,75,75,75,75,75,75,75,75,75,75,75,75,75,75,75,75,75,75,75,75,75,75,75],"card_choices":[{"not_picked":["Acrobatics","Outmaneuver"],"picked":"Poisoned Stab","floor":1},{"not_picked":["Flechettes","Outmaneuver","Dagger Spray"],"picked":"SKIP","floor":2},{"not_picked":["Blade Dance","Heel Hook"],"picked":"Backflip","floor":4},{"not_picked":["PiercingWail","Flechettes"],"picked":"Dodge and Roll","floor":7},{"not_picked":["Flechettes","All Out Attack"],"picked":"After Image","floor":10},{"not_picked":["PiercingWail","Heel Hook","Dagger Spray"],"picked":"SKIP","floor":13},{"not_picked":["Flying Knee","PiercingWail"],"picked":"Dodge and Roll","floor":14},{"not_picked":["After Image","Envenom"],"picked":"Bullet Time","floor":16},{"not_picked":["Underhanded Strike","Setup"],"picked":"Deflect","floor":18},{"not_picked":["Slice","Accuracy"],"picked":"Backflip+1","floor":21},{"not_picked":["Distraction","Doppelganger"],"picked":"Caltrops","floor":22},{"not_picked":["Flying Knee+1","Infinite Blades"],"picked":"Bane","floor":23},{"not_picked":["Flechettes","Deadly Poison","PiercingWail"],"picked":"SKIP","floor":25},{"not_picked":["Acrobatics+1","Heel Hook"],"picked":"Noxious Fumes","floor":31},{"not_picked":["Grand Finale","Envenom"],"picked":"Night Terror","floor":33},{"not_picked":["PiercingWail+1","Leg Sweep+1","All Out Attack"],"picked":"SKIP","floor":35},{"not_picked":["Predator+1","Dodge and Roll","Riddle With Holes"],"picked":"SKIP","floor":37},{"not_picked":["Outmaneuver+1","Dodge and Roll","Dagger Spray+1"],"picked":"SKIP","floor":39},{"not_picked":["PiercingWail+1","Flechettes"],"picked":"Flying Knee+1","floor":41}],"player_experience":261548,"relics_obtained":[{"floor":7,"key":"Mercury Hourglass"},{"floor":9,"key":"Kunai"},{"floor":14,"key":"Calipers"},{"floor":26,"key":"WingedGreaves"},{"floor":28,"key":"Torii"},{"floor":29,"key":"Anchor"},{"floor":41,"key":"The Specimen"},{"floor":43,"key":"Bag of Preparation"}],"event_choices":[{"damage_healed":0,"gold_gain":0,"player_choice":"Donut","damage_taken":0,"max_hp_gain":5,"max_hp_loss":0,"event_name":"Big Fish","floor":5,"gold_loss":0},{"damage_healed":0,"gold_gain":0,"player_choice":"Success","damage_taken":7,"relics_obtained":["Vajra"],"max_hp_gain":0,"max_hp_loss":0,"event_name":"Scrap Ooze","floor":8,"gold_loss":0},{"damage_healed":0,"gold_gain":0,"player_choice":"Relic","damage_taken":0,"max_hp_gain":0,"max_hp_loss":0,"event_name":"Wheel of Change","floor":29,"gold_loss":0},{"damage_healed":0,"gold_gain":0,"player_choice":"Paid","damage_taken":0,"relics_obtained":["Red Mask"],"max_hp_gain":0,"max_hp_loss":0,"event_name":"Tomb of Lord Red Mask","floor":36,"gold_loss":166},{"cards_removed":["Strike_G"],"damage_healed":0,"gold_gain":0,"player_choice":"Purged","damage_taken":0,"max_hp_gain":0,"max_hp_loss":0,"event_name":"Purifier","floor":38,"gold_loss":0},{"damage_healed":0,"gold_gain":0,"player_choice":"Fight","damage_taken":0,"max_hp_gain":0,"max_hp_loss":0,"event_name":"MindBloom","floor":41,"gold_loss":0},{"damage_healed":0,"gold_gain":0,"player_choice":"Memory 1","damage_taken":0,"max_hp_gain":0,"max_hp_loss":0,"event_name":"SensoryStone","floor":42,"gold_loss":0}],"is_beta":false,"boss_relics":[{"not_picked":["Runic Pyramid","Velvet Choker"],"picked":"Empty Cage"},{"not_picked":["Astrolabe","Fusion Hammer"],"picked":"Sozu"}],"items_purged_floors":[],"is_endless":false,"potions_floor_spawned":[1,4,7,13,14,16,25,31,33,41],"killed_by":"Awakened One","ascension_level":2}