{"gold_per_floor":[111,111,123,123,143,143,168,168,194,204,221,231,231,246,246,343,343,359,377,477,138,194,194,207,207,262,262],"floor_reached":27,"playtime":918,"items_purged":[],"score":215,"play_id":"55d349d0-084f-4036-9247-b3d9bf723380","local_time":"20191001144748","is_ascension_mode":false,"campfire_choices":[{"data":"Streamline","floor":6,"key":"SMITH"},{"data":"Go for the Eyes","floor":8,"key":"SMITH"},{"floor":13,"key":"REST"},{"floor":15,"key":"REST"},{"data":"Echo Form","floor":23,"key":"SMITH"}],"neow_cost":"NONE","seed_source_timestamp":405298396126800,"circlet_count":0,"master_deck":["Strike_B","Strike_B","Defend_B","Defend_B","Defend_B","Zap","Dualcast","Streamline+1","Go for the Eyes+1","Beam Cell","Beam Cell","Streamline","Reboot","Echo Form+1","Flash of Steel","Decay"],"relics":["Cracked Core","NeowsBlessing","Oddly Smooth Stone","Potion Belt","Empty Cage","Frozen Egg 2","Tiny Chest","Bag of Preparation"],"potions_floor_usage":[16],"damage_taken":[{"damage":0,"enemies":"Jaw Worm","floor":1,"turns":1},{"damage":0,"enemies":"Cultist","floor":3,"turns":1},{"damage":0,"enemies":"Small Slimes","floor":5,"turns":1},{"damage":19,"enemies":"Gremlin Nob","floor":7,"turns":4},{"damage":13,"enemies":"Exordium Thugs","floor":10,"turns":4},{"damage":0,"enemies":"Looter","floor":11,"turns":2},{"damage":10,"enemies":"Large Slime","floor":12,"turns":5},{"damage":8,"enemies":"Lots of Slimes","floor":14,"turns":4},{"damage":33,"enemies":"Slime Boss","floor":16,"turns":11},{"damage":10,"enemies":"Spheric Guardian","floor":18,"turns":4},{"damage":26,"enemies":"3 Byrds","floor":19,"turns":5},{"damage":30,"enemies":"Snake Plant","floor":24,"turns":3},{"damage":0,"enemies":"3 Cultists","floor":27,"turns":1}],"seed_played":"-870614815566218664","potions_obtained":[{"floor":1,"key":"SmokeBomb"},{"floor":5,"key":"SpeedPotion"},{"floor":10,"key":"FearPotion"},{"floor":24,"key":"SkillPotion"}],"is_trial":false,"path_per_floor":["M","?","M","?","M","R","E","R","T","M","M","M","R","M","R","B",null,"M","M","?","$","T","R","M","?","T","M"],"character_chosen":"DEFECT","items_purchased":["Frozen Egg 2","Flash of Steel"],"campfire_rested":2,"item_purchase_floors":[21,21],"current_hp_per_floor":[75,68,68,68,68,68,49,49,49,36,36,26,48,40,62,29,75,65,39,39,39,39,39,9,9,9,9],"gold":262,"neow_bonus":"THREE_ENEMY_KILL","is_prod":false,"is_daily":false,"chose_seed":false,"campfire_upgraded":3,"win_rate":0.0,"timestamp":1569934068,"path_taken":["M","?","M","?","?","R","E","R","T","M","M","M","R","M","R","BOSS","M","?","?","$","?","R","M","?","T","M"],"build_version":"2019-07-17","purchased_purges":0,"victory":false,"max_hp_per_floor":[75,75,75,75,75,75,75,75,75,75,75,75,75,75,75,75,75,75,75,75,75,75,75,75,75,75,75],"card_choices":[{"not_picked":["Rip and Tear","Ball Lightning","Heatsinks"],"picked":"SKIP","floor":1},{"not_picked":["Compile Driver","Genetic Algorithm"],"picked":"Streamline","floor":3},{"not_picked":["Tempest","Static Discharge"],"picked":"Go for the Eyes","floor":5},{"not_picked":["Sweeping Beam","Stack","Aggregate"],"picked":"SKIP","floor":7},{"not_picked":["Glacier","Barrage"],"picked":"Beam Cell","floor":10},{"not_picked":["Buffer","Steam"],"picked":"Beam Cell","floor":11},{"not_picked":["Beam Cell","Hologram"],"picked":"Streamline","floor":12},{"not_picked":["Coolheaded","Stack","Ball Lightning"],"picked":"SKIP","floor":14},{"not_picked":["Meteor Strike","Echo Form"],"picked":"Reboot","floor":16},{"not_picked":["Sweeping Beam","Steam","Turbo"],"picked":"SKIP","floor":18},{"not_picked":["Blizzard","Turbo"],"picked":"Echo Form","floor":19},{"not_picked":["Consume","Tempest+1","Cold Snap"],"picked":"SKIP","floor":24}],"player_experience":124191,"relics_obtained":[{"floor":7,"key":"Oddly Smooth Stone"},{"floor":9,"key":"Potion Belt"},{"floor":22,"key":"Tiny Chest"},{"floor":26,"key":"Bag of Preparation"}],"event_choices":[{"cards_removed":["Strike_B"],"damage_healed":0,"gold_gain":0,"player_choice":"Card Removal","damage_taken":7,"max_hp_gain":0,"max_hp_loss":0,"event_name":"Golden Wing","floor":2,"gold_loss":0},{"damage_healed":0,"gold_gain":0,"player_choice":"Ignored","damage_taken":0,"max_hp_gain":0,"max_hp_loss":0,"event_name":"Transmorgrifier","floor":4,"gold_loss":0},{"damage_healed":0,"gold_gain":100,"player_choice":"Pray","damage_taken":0,"max_hp_gain":0,"max_hp_loss":0,"event_name":"Golden Shrine","floor":20,"gold_loss":0},{"damage_healed":0,"gold_gain":0,"player_choice":"Smashed Altar","damage_taken":0,"max_hp_gain":0,"max_hp_loss":0,"event_name":"Forgotten Altar","floor":25,"gold_loss":0,"cards_obtained":["Decay"]}],"is_beta":false,"boss_relics":[{"not_picked":["Eternal Feather","Pandora\u0027s Box"],"picked":"Empty Cage"}],"items_purged_floors":[],"is_endless":false,"potions_floor_spawned":[1,5,10,24],"killed_by":"3 Cultists","ascension_level":0}