{"gold_per_floor":[115,126,144,154,168,197,209,244,295,295],"floor_reached":10,"playtime":432,"items_purged":[],"score":119,"play_id":"883a506b-42f1-41d3-b959-9b6f9d94a4b8","local_time":"20191013204954","is_ascension_mode":true,"campfire_choices":[],"neow_cost":"NONE","seed_source_timestamp":179601675897500,"circlet_count":0,"master_deck":["Strike_B","Strike_B","Strike_B","Strike_B","Defend_B","Defend_B","Defend_B","Defend_B","Zap","Dualcast","BootSequence","Conserve Battery","Hello World","Compile Driver","FTL","Defragment","Ball Lightning","Sweeping Beam+1"],"relics":["Cracked Core","NeowsBlessing","Bottled Flame","Molten Egg 2","Bronze Scales"],"potions_floor_usage":[8],"damage_taken":[{"damage":0,"enemies":"Cultist","floor":1,"turns":1},{"damage":0,"enemies":"Small Slimes","floor":2,"turns":1},{"damage":0,"enemies":"Jaw Worm","floor":3,"turns":1},{"damage":0,"enemies":"Looter","floor":4,"turns":4},{"damage":13,"enemies":"Lots of Slimes","floor":5,"turns":6},{"damage":24,"enemies":"3 Sentries","floor":6,"turns":10},{"damage":8,"enemies":"3 Louse","floor":7,"turns":3},{"damage":13,"enemies":"Lagavulin","floor":8,"turns":5},{"damage":16,"enemies":"Gremlin Nob","floor":10,"turns":2}],"seed_played":"-7441464110937767352","potions_obtained":[{"floor":1,"key":"Fire Potion"},{"floor":6,"key":"Weak Potion"},{"floor":7,"key":"SteroidPotion"},{"floor":8,"key":"FearPotion"}],"is_trial":false,"path_per_floor":["M","M","M","M","M","E","M","E","T","E"],"character_chosen":"DEFECT","items_purchased":[],"campfire_rested":0,"item_purchase_floors":[],"current_hp_per_floor":[68,68,68,68,55,31,23,10,10,0],"gold":295,"neow_bonus":"THREE_ENEMY_KILL","is_prod":false,"is_daily":false,"chose_seed":false,"campfire_upgraded":0,"win_rate":0,"timestamp":1570992594,"path_taken":["M","M","M","M","M","E","M","E","T","E"],"build_version":"2019-07-17","purchased_purges":0,"victory":false,"max_hp_per_floor":[75,75,75,75,75,75,75,75,75,75],"card_choices":[{"not_picked":["Redo","Rebound"],"picked":"BootSequence","floor":1},{"not_picked":["Lockon","Genetic Algorithm"],"picked":"Conserve Battery","floor":2},{"not_picked":["Force Field","Hologram"],"picked":"Hello World","floor":3},{"not_picked":["Double Energy","Redo"],"picked":"Compile Driver","floor":4},{"not_picked":["Leap","Redo"],"picked":"FTL","floor":5},{"not_picked":["Conserve Battery","Go for the Eyes"],"picked":"Defragment","floor":6},{"not_picked":["Compile Driver","Sweeping Beam"],"picked":"Ball Lightning","floor":7},{"not_picked":["Leap","BootSequence"],"picked":"Sweeping Beam","floor":8}],"player_experience":418026,"relics_obtained":[{"floor":6,"key":"Bottled Flame"},{"floor":8,"key":"Molten Egg 2"},{"floor":9,"key":"Bronze Scales"}],"event_choices":[],"is_beta":false,"boss_relics":[],"items_purged_floors":[],"is_endless":false,"potions_floor_spawned":[1,6,7,8],"killed_by":"Gremlin Nob","ascension_level":9}