{"gold_per_floor":[112,36,54,67,67,67,93,111,190,190,18,46,46,58,58,134,134,154,169,12,12,31,31,50,50,123,123,148,167,167,67,67,146,146,161,177,177,52,52,80,180,212,237,251,270,270,280,205,205,205,205,205,205,51,85,85],"floor_reached":56,"playtime":3133,"items_purged":["Strike_B","Strike_B","Strike_B"],"score":1920,"play_id":"09ceec16-458d-41f7-8de9-4c95d2798dff","local_time":"20190926154606","is_ascension_mode":true,"campfire_choices":[{"data":"Beam Cell","floor":6.0,"key":"SMITH"},{"data":"Zap","floor":10.0,"key":"SMITH"},{"data":"Sunder","floor":13.0,"key":"SMITH"},{"data":"Dualcast","floor":15.0,"key":"SMITH"},{"data":"Steam Power","floor":23.0,"key":"SMITH"},{"data":"Turbo","floor":27.0,"key":"SMITH"},{"data":"Defragment","floor":32.0,"key":"SMITH"},{"floor":49.0,"key":"RECALL"},{"data":"Hologram","floor":53.0,"key":"SMITH"}],"neow_cost":"NONE","seed_source_timestamp":340640870491278,"circlet_count":0,"master_deck":["AscendersBane","Defend_B","Defend_B","Defend_B","Defend_B+1","Zap+1","Dualcast+1","Gash","Self Repair","Turbo+1","Beam Cell+1","Amplify","Sunder+1","Leap","Lockon","Hologram+1","All For One","Steam Power+1","Recycle+1","Cold Snap","Defragment+1","Coolheaded+1","Electrodynamics","Steam+1","Reboot+1","Steam Power+1","Undo+1","Reprogram+1","Undo+1","Coolheaded+1","Redo+1","Finesse+1","Impatience+1","Force Field+1","Recycle+1"],"special_seed":0,"relics":["Cracked Core","Orichalcum","Mango","White Beast Statue","Potion Belt","Coffee Dripper","OrangePellets","Toxic Egg 2","Pear","SacredBark","Centennial Puzzle","Bird Faced Urn","Question Card","Letter Opener"],"potions_floor_usage":[56,56,56,56],"damage_taken":[{"damage":0.0,"enemies":"Cultist","floor":1.0,"turns":3.0},{"damage":4.0,"enemies":"Small Slimes","floor":3.0,"turns":4.0},{"damage":1.0,"enemies":"2 Louse","floor":4.0,"turns":2.0},{"damage":30.0,"enemies":"Gremlin Nob","floor":7.0,"turns":4.0},{"damage":9.0,"enemies":"Red Slaver","floor":8.0,"turns":4.0},{"damage":7.0,"enemies":"Lagavulin","floor":12.0,"turns":8.0},{"damage":3.0,"enemies":"Blue Slaver","floor":14.0,"turns":4.0},{"damage":26.0,"enemies":"The Guardian","floor":16.0,"turns":9.0},{"damage":18.0,"enemies":"Chosen","floor":18.0,"turns":4.0},{"damage":6.0,"enemies":"Spheric Guardian","floor":19.0,"turns":3.0},{"damage":13.0,"enemies":"Centurion and Healer","floor":22.0,"turns":6.0},{"damage":14.0,"enemies":"Sentry and Sphere","floor":24.0,"turns":5.0},{"damage":14.0,"enemies":"Book of Stabbing","floor":28.0,"turns":4.0},{"damage":19.0,"enemies":"3 Cultists","floor":29.0,"turns":5.0},{"damage":64.0,"enemies":"Champ","floor":33.0,"turns":11.0},{"damage":22.0,"enemies":"Orb Walker","floor":35.0,"turns":4.0},{"damage":16.0,"enemies":"3 Darklings","floor":36.0,"turns":3.0},{"damage":2.0,"enemies":"Reptomancer","floor":40.0,"turns":3.0},{"damage":0.0,"enemies":"Mind Bloom Boss Battle","floor":41.0,"turns":4.0},{"damage":1.0,"enemies":"Giant Head","floor":42.0,"turns":4.0},{"damage":0.0,"enemies":"Transient","floor":44.0,"turns":6.0},{"damage":9.0,"enemies":"Maw","floor":45.0,"turns":6.0},{"damage":6.0,"enemies":"Sphere and 2 Shapes","floor":47.0,"turns":3.0},{"damage":5.0,"enemies":"Awakened One","floor":50.0,"turns":18.0},{"damage":52.0,"enemies":"Time Eater","floor":51.0,"turns":21.0},{"damage":34.0,"enemies":"Shield and Spear","floor":55.0,"turns":5.0},{"damage":75,"enemies":"The Heart","floor":56,"turns":9}],"seed_played":"4258950773453732121","potions_obtained":[{"floor":4.0,"key":"EssenceOfSteel"},{"floor":8.0,"key":"Fire Potion"},{"floor":12.0,"key":"SteroidPotion"},{"floor":14.0,"key":"Energy Potion"},{"floor":16.0,"key":"Regen Potion"},{"floor":18.0,"key":"SkillPotion"},{"floor":19.0,"key":"SkillPotion"},{"floor":22.0,"key":"Strength Potion"},{"floor":24.0,"key":"Swift Potion"},{"floor":28.0,"key":"Weak Potion"},{"floor":29.0,"key":"AttackPotion"},{"floor":33.0,"key":"GamblersBrew"},{"floor":35.0,"key":"GamblersBrew"},{"floor":36.0,"key":"Energy Potion"},{"floor":40.0,"key":"Energy Potion"},{"floor":41.0,"key":"SkillPotion"},{"floor":42.0,"key":"Strength Potion"},{"floor":44.0,"key":"DuplicationPotion"},{"floor":45.0,"key":"PotionOfCapacity"},{"floor":47.0,"key":"FearPotion"},{"floor":55.0,"key":"Ancient Potion"}],"is_trial":false,"path_per_floor":["M","$","M","M","?","R","E","M","T","R","$","E","R","M","R","B",null,"M","M","$","?","M","R","M","?","T","R","E","M","?","$","R","B",null,"M","M","?","$","?","E","?","E","T","M","M","?","M","?","R","B","B",null,"R","$","E","B"],"character_chosen":"DEFECT","items_purchased":["Self Repair","Sunder","Leap","OrangePellets","Energy Potion","Force Field+1","Weak Potion"],"campfire_rested":0,"item_purchase_floors":[2,11,11,20,54,54,54],"current_hp_per_floor":[64,64,67,66,45,45,36,34,34,34,34,34,34,45,45,26,70,66,74,74,74,82,82,75,75,75,75,78,73,73,73,73,23,77,55,39,39,39,39,44,51,63,63,85,90,80,87,87,87,90,47,79,79,79,60,0],"gold":85,"neow_bonus":"RANDOM_COMMON_RELIC","is_prod":false,"is_daily":false,"chose_seed":false,"campfire_upgraded":8,"win_rate":0,"timestamp":1569483966,"path_taken":["M","$","?","M","?","R","E","M","T","R","$","E","R","M","R","BOSS","M","M","$","?","M","R","M","?","T","R","E","?","?","$","R","BOSS","M","M","?","$","?","E","?","E","T","?","M","?","M","?","R","BOSS","BOSS","R","$","E","BOSS"],"build_version":"2019-09-25","purchased_purges":3,"victory":false,"max_hp_per_floor":[71,71,71,71,71,71,85,85,85,85,85,85,85,85,85,85,85,85,85,85,85,85,85,85,85,85,85,95,95,95,95,95,95,95,95,95,95,95,90,90,90,90,90,90,90,90,90,90,90,90,90,90,90,90,90,90],"card_choices":[{"not_picked":["Stack","Sweeping Beam"],"picked":"Gash","floor":1.0},{"not_picked":["Darkness","Ball Lightning"],"picked":"Turbo","floor":3.0},{"not_picked":["Go for the Eyes","Redo"],"picked":"Beam Cell","floor":4.0},{"not_picked":["Barrage","Reprogram"],"picked":"Amplify","floor":7.0},{"not_picked":["Self Repair","Turbo","Genetic Algorithm"],"picked":"SKIP","floor":8.0},{"not_picked":["Hologram","Darkness"],"picked":"Lockon","floor":12.0},{"not_picked":["Redo","Stack"],"picked":"Hologram","floor":14.0},{"not_picked":["Seek","Meteor Strike"],"picked":"All For One","floor":16.0},{"not_picked":["Redo","Turbo"],"picked":"Steam Power","floor":18.0},{"not_picked":["FTL","Beam Cell","Melter+1"],"picked":"SKIP","floor":19.0},{"not_picked":["Sweeping Beam","Reprogram","Rip and Tear"],"picked":"SKIP","floor":22.0},{"not_picked":["Static Discharge","Redo"],"picked":"Cold Snap","floor":24.0},{"not_picked":["Auto Shields+1","Genetic Algorithm+1"],"picked":"Defragment","floor":28.0},{"not_picked":["Redo+1","Rebound"],"picked":"Coolheaded+1","floor":29.0},{"not_picked":["Thunder Strike","Rainbow+1"],"picked":"Reboot+1","floor":33.0},{"not_picked":["Beam Cell","Storm","Sunder"],"picked":"SKIP","floor":35.0},{"not_picked":["Tempest+1","Steam+1"],"picked":"Steam Power+1","floor":36.0},{"not_picked":["Beam Cell+1","BootSequence+1"],"picked":"Undo+1","floor":40.0},{"not_picked":["Rip and Tear","Conserve Battery+1"],"picked":"Reprogram+1","floor":41.0},{"not_picked":["Lockon","Conserve Battery+1"],"picked":"Undo+1","floor":42.0},{"not_picked":["Force Field+1","Steam+1","Stack+1"],"picked":"Coolheaded+1","floor":44.0},{"not_picked":["Barrage","Hyperbeam","Lockon+1"],"picked":"Redo+1","floor":45.0},{"not_picked":["HandOfGreed","Flash of Steel","Panache"],"picked":"Finesse+1","floor":46.0},{"not_picked":["Secret Technique+1","PanicButton+1","Panacea+1"],"picked":"Impatience+1","floor":46.0},{"not_picked":["Steam+1","Sweeping Beam","Cold Snap+1","Darkness+1"],"picked":"SKIP","floor":47.0},{"not_picked":["Compile Driver","Darkness+1","Steam+1"],"picked":"Recycle+1","floor":55.0}],"player_experience":1005196,"relics_obtained":[{"floor":7.0,"key":"Mango"},{"floor":9.0,"key":"White Beast Statue"},{"floor":12.0,"key":"Potion Belt"},{"floor":26.0,"key":"Toxic Egg 2"},{"floor":28.0,"key":"Pear"},{"floor":40.0,"key":"Centennial Puzzle"},{"floor":41.0,"key":"Bird Faced Urn"},{"floor":42.0,"key":"Question Card"},{"floor":55.0,"key":"Letter Opener"}],"event_choices":[{"damage_healed":0.0,"max_hp_gain":0.0,"max_hp_loss":0.0,"gold_gain":0.0,"event_name":"Shining Light","player_choice":"Entered Light","floor":5.0,"gold_loss":0.0,"damage_taken":21.0,"cards_upgraded":["Defend_B","Strike_B"]},{"damage_healed":0.0,"max_hp_gain":0.0,"max_hp_loss":0.0,"gold_gain":0.0,"event_name":"The Library","player_choice":"Read","floor":21.0,"gold_loss":0.0,"damage_taken":0.0,"cards_obtained":["Recycle"]},{"damage_healed":0.0,"max_hp_gain":0.0,"max_hp_loss":0.0,"gold_gain":0.0,"event_name":"Accursed Blacksmith","player_choice":"Forge","floor":25.0,"gold_loss":0.0,"damage_taken":0.0,"cards_upgraded":["Recycle"]},{"damage_healed":0.0,"max_hp_gain":0.0,"max_hp_loss":0.0,"gold_gain":0.0,"event_name":"Match and Keep!","player_choice":"2 cards matched","floor":30.0,"gold_loss":0.0,"damage_taken":0.0,"cards_obtained":["Electrodynamics","Steam"]},{"damage_healed":0.0,"max_hp_gain":0.0,"max_hp_loss":0.0,"gold_gain":0.0,"event_name":"Mysterious Sphere","player_choice":"Ignored","floor":37.0,"gold_loss":0.0,"damage_taken":0.0},{"damage_healed":0.0,"max_hp_gain":0.0,"max_hp_loss":5.0,"gold_gain":0.0,"event_name":"Winding Halls","player_choice":"Max HP","floor":39.0,"gold_loss":0.0,"damage_taken":0.0},{"damage_healed":0.0,"max_hp_gain":0.0,"max_hp_loss":0.0,"gold_gain":0.0,"event_name":"MindBloom","player_choice":"Fight","floor":41.0,"gold_loss":0.0,"damage_taken":0.0},{"damage_healed":0.0,"max_hp_gain":0.0,"max_hp_loss":0.0,"gold_gain":0.0,"event_name":"SensoryStone","player_choice":"Memory 3","floor":46.0,"gold_loss":0.0,"damage_taken":10.0},{"cards_removed":["Strike_B"],"damage_healed":0.0,"max_hp_gain":0.0,"max_hp_loss":0.0,"gold_gain":0.0,"event_name":"Designer","player_choice":"Single Remove","floor":48.0,"gold_loss":75.0,"damage_taken":0.0}],"is_beta":true,"boss_relics":[{"not_picked":["SlaversCollar","Busted Crown"],"picked":"Coffee Dripper"},{"not_picked":["Black Star","Nuclear Battery"],"picked":"SacredBark"}],"items_purged_floors":[11,31,38],"is_endless":false,"potions_floor_spawned":[4,8,12,14,16,18,19,22,24,28,29,33,35,36,40,41,42,44,45,47,55],"killed_by":"The Heart","ascension_level":20}