{"path_per_floor":["M","?","M","$","?","E","R","E","T","M","?","M","?","M","R","B",null,"M","M","M","?","M","R","M","R","T","R","$","M","R","T","R","B",null,"M","M","$","M","M"],"character_chosen":"THE_SILENT","items_purchased":["Backflip","Bottled Tornado","Caltrops"],"gold_per_floor":[112,112,131,10,10,41,41,73,73,87,87,101,101,118,118,218,218,233,245,265,265,279,279,294,294,294,294,19,35,35,35,35,135,135,153,171,71,82,95],"floor_reached":40,"campfire_rested":4,"playtime":3724,"current_hp_per_floor":[69,69,67,67,67,15,36,4,4,4,27,26,26,26,47,31,70,56,45,45,45,24,24,22,22,22,22,22,9,30,30,51,25,70,68,63,63,35,14],"items_purged":["Strike_G","Strike_G"],"gold":95,"play_id":"89b29192-1a89-4979-b3c3-89341dc4faa4","is_prod":false,"is_daily":false,"is_ascension_mode":true,"campfire_upgraded":3,"path_taken":["M","?","?","$","?","E","R","E","T","?","?","M","?","M","R","BOSS","M","M","?","?","M","R","M","R","T","R","$","M","R","?","R","BOSS","M","M","$","?","M","E"],"build_version":"2018-02-01-PROD3","purchased_purges":2,"victory":false,"master_deck":["Defend_G","Defend_G","Defend_G","Defend_G","Strike_G","Strike_G","Survivor","Neutralize","Terror+1","Caltrops","Backflip","Reflex+1","A Thousand Cuts","Cloak And Dagger","Tools of the Trade","Prepared+1","Infinite Blades","Prepared+1","Caltrops","A Thousand Cuts","Acrobatics+1","Backflip+1","Infinite Blades+1","Eviscerate+1"],"max_hp_per_floor":[70,70,70,70,70,70,70,70,70,70,70,70,70,70,70,70,70,70,70,70,70,70,70,70,70,70,70,70,70,70,70,70,70,70,70,70,70,70,70],"relics":["Ring of the Snake","Mercury Hourglass","Kunai","Tingsha","Sozu","Bag of Marbles","Bottled Tornado","Unceasing Top","Cursed Key"],"card_choices":[{"not_picked":["Bane","Concentrate"],"picked":"Terror"},{"not_picked":["Concentrate","Flying Knee"],"picked":"Reflex"},{"not_picked":["Poisoned Stab","Deflect"],"picked":"A Thousand Cuts"},{"not_picked":["Crippling Poison","Masterful Stab"],"picked":"Cloak And Dagger"},{"not_picked":["Die Die Die","Phantasmal Killer"],"picked":"Tools of the Trade"},{"not_picked":["Setup","Crippling Poison"],"picked":"Prepared"},{"not_picked":["Slice","Dodge and Roll"],"picked":"Prepared"},{"not_picked":["Unload","Burst"],"picked":"A Thousand Cuts"},{"not_picked":["Sucker Punch","Backstab"],"picked":"Acrobatics"},{"not_picked":["Dagger Throw","Acrobatics"],"picked":"Backflip"},{"not_picked":["Terror","Dagger Spray"],"picked":"Infinite Blades"},{"not_picked":["Heel Hook","All Out Attack"],"picked":"Eviscerate"}],"player_experience":122222,"potions_floor_usage":[16,16],"damage_taken":[{"damage":1,"enemies":"Jaw Worm","floor":1,"turns":6},{"damage":2,"enemies":"Small Slimes","floor":3,"turns":4},{"damage":52,"enemies":"Gremlin Nob","floor":6,"turns":6},{"damage":32,"enemies":"Lagavulin","floor":8,"turns":7},{"damage":0,"enemies":"Cultist","floor":10,"turns":4},{"damage":1,"enemies":"Red Slaver","floor":12,"turns":4},{"damage":0,"enemies":"Large Slime","floor":14,"turns":5},{"damage":31,"enemies":"Slime Boss","floor":16,"turns":11},{"damage":14,"enemies":"3 Byrds","floor":18,"turns":3},{"damage":11,"enemies":"Spheric Guardian","floor":19,"turns":5},{"damage":0,"enemies":"Centurion and Healer","floor":20,"turns":6},{"damage":21,"enemies":"Cultist and Chosen","floor":22,"turns":6},{"damage":2,"enemies":"Snecko","floor":24,"turns":5},{"damage":13,"enemies":"Snake Plant","floor":29,"turns":4},{"damage":26,"enemies":"Collector","floor":33,"turns":9},{"damage":2,"enemies":"3 Darklings","floor":35,"turns":5},{"damage":5,"enemies":"3 Shapes","floor":36,"turns":3},{"damage":28,"enemies":"3 Darklings","floor":38,"turns":5},{"damage":21,"enemies":"Sphere and 2 Shapes","floor":39,"turns":5},{"damage":14,"enemies":"2 Orb Walkers","floor":40,"turns":2}],"event_choices":[{"event_name":"Living Wall","player_choice":"Change","floor":2,"damage_taken":0},{"event_name":"Upgrade Shrine","player_choice":"Upgraded","floor":5,"damage_taken":0},{"event_name":"Big Fish","player_choice":"Banana","floor":11,"damage_taken":0},{"event_name":"Bonfire Elementals","player_choice":"BASIC","floor":13,"damage_taken":0},{"event_name":"The Library","player_choice":"Read","floor":21,"damage_taken":0}],"boss_relics":[{"not_picked":["Runic Dome","Tiny House"],"picked":"Sozu"},{"not_picked":["Question Card","Astrolabe"],"picked":"Cursed Key"}],"potions_floor_spawned":[10,12,16,18,19,24,29,36],"seed_played":"2418579097251654","killed_by":"2 Orb Walkers","ascension_level":4,"is_trial":false}