{"gold_per_floor":[11,11,31,42,42,42,42,42,42,55,55,65,81,110,110,208,208,226,226,240,85,184,184,210,210,210,244,244,244,244,255,255,255],"floor_reached":33,"playtime":1287,"items_purged":[],"score":310,"play_id":"30b3e9d7-ce95-4fc2-b46c-a64846c04c27","local_time":"20190301054338","is_ascension_mode":false,"campfire_choices":[{"data":"1","floor":6,"key":"LIFT"},{"data":"2","floor":8,"key":"LIFT"},{"data":"Gash","floor":11,"key":"SMITH"},{"floor":15,"key":"REST"},{"floor":23,"key":"REST"},{"floor":28,"key":"REST"},{"data":"3","floor":30,"key":"LIFT"},{"floor":32,"key":"REST"}],"neow_cost":"NO_GOLD","seed_source_timestamp":554837583613900,"circlet_count":0,"master_deck":["Strike_B","Strike_B","Defend_B","Defend_B","Defend_B","Defend_B","Zap","Dualcast","Lockon","Gash+1","Conserve Battery","Sweeping Beam","Loop","Go for the Eyes","Genetic Algorithm","Seek","Leap","Auto Shields","Seek"],"relics":["Cracked Core","Girya","Pocketwatch","Blue Candle","Black Star","PreservedInsect","Pear","Juzu Bracelet","Mercury Hourglass","Anchor","Bottled Lightning"],"potions_floor_usage":[20,20,24,29,33],"damage_taken":[{"damage":0,"enemies":"Small Slimes","floor":1,"turns":4},{"damage":6,"enemies":"Cultist","floor":3,"turns":3},{"damage":0,"enemies":"Jaw Worm","floor":4,"turns":2},{"damage":15,"enemies":"Large Slime","floor":10,"turns":4},{"damage":0,"enemies":"3 Louse","floor":12,"turns":3},{"damage":0,"enemies":"Looter","floor":13,"turns":3},{"damage":15,"enemies":"3 Sentries","floor":14,"turns":5},{"damage":48,"enemies":"The Guardian","floor":16,"turns":10},{"damage":20,"enemies":"Spheric Guardian","floor":18,"turns":4},{"damage":9,"enemies":"Shell Parasite","floor":20,"turns":5},{"damage":23,"enemies":"Book of Stabbing","floor":24,"turns":6},{"damage":35,"enemies":"Slavers","floor":27,"turns":5},{"damage":1,"enemies":"Snecko","floor":29,"turns":3},{"damage":14,"enemies":"Snake Plant","floor":31,"turns":4},{"damage":56,"enemies":"Collector","floor":33,"turns":6}],"seed_played":"-3147638992164359127","potions_obtained":[{"floor":1,"key":"Fire Potion"},{"floor":10,"key":"FearPotion"},{"floor":16,"key":"AttackPotion"},{"floor":20,"key":"SmokeBomb"},{"floor":31,"key":"Explosive Potion"}],"is_trial":false,"path_per_floor":["M","?","M","M","?","R","$","R","T","M","R","M","M","E","R","B",null,"M","?","M","$","?","R","E","?","T","E","R","M","R","M","R","B"],"character_chosen":"DEFECT","items_purchased":["PreservedInsect"],"campfire_rested":4,"item_purchase_floors":[21],"current_hp_per_floor":[75,75,69,69,69,69,69,69,69,54,54,54,54,39,61,13,75,55,41,32,32,32,56,43,43,43,8,35,34,34,20,47,0],"gold":255,"neow_bonus":"ONE_RARE_RELIC","is_prod":false,"is_daily":false,"chose_seed":false,"campfire_upgraded":1,"win_rate":0.0,"timestamp":1551437018,"path_taken":["M","?","M","M","?","R","$","R","T","?","R","M","M","E","R","BOSS","M","?","M","$","?","R","E","?","T","E","R","M","R","M","R","BOSS"],"build_version":"2019-01-23","purchased_purges":0,"victory":false,"max_hp_per_floor":[75,75,75,75,75,75,75,75,75,75,75,75,75,75,75,75,75,75,80,80,80,80,80,90,90,90,90,90,90,90,90,90,90],"card_choices":[{"not_picked":["Hologram","Compile Driver"],"picked":"Lockon","floor":1},{"not_picked":["Barrage","Tempest"],"picked":"Conserve Battery","floor":3},{"not_picked":["Ball Lightning","Fusion"],"picked":"Sweeping Beam","floor":4},{"not_picked":["Melter","Ball Lightning"],"picked":"Loop","floor":10},{"not_picked":["Cold Snap","Aggregate"],"picked":"Go for the Eyes","floor":12},{"not_picked":["Redo","Coolheaded"],"picked":"Genetic Algorithm","floor":13},{"not_picked":["Turbo","Stack","Go for the Eyes"],"picked":"SKIP","floor":14},{"not_picked":["Multi-Cast","Biased Cognition"],"picked":"Seek","floor":16},{"not_picked":["Barrage+1","FTL"],"picked":"Leap","floor":18},{"not_picked":["Coolheaded","Streamline"],"picked":"Auto Shields","floor":20},{"not_picked":["Coolheaded","Ball Lightning"],"picked":"Seek","floor":24},{"not_picked":["Capacitor","Hologram+1","Scrape"],"picked":"SKIP","floor":27},{"not_picked":["Ball Lightning+1","Hologram+1","Aggregate+1"],"picked":"SKIP","floor":31}],"player_experience":206049,"relics_obtained":[{"floor":9,"key":"Pocketwatch"},{"floor":14,"key":"Blue Candle"},{"floor":24,"key":"Pear"},{"floor":24,"key":"Juzu Bracelet"},{"floor":26,"key":"Mercury Hourglass"},{"floor":27,"key":"Anchor"},{"floor":27,"key":"Bottled Lightning"}],"event_choices":[{"damage_healed":0,"gold_gain":0,"cards_transformed":["Strike_B"],"player_choice":"Change","damage_taken":0,"max_hp_gain":0,"max_hp_loss":0,"event_name":"Living Wall","floor":2,"gold_loss":0,"cards_obtained":["Gash"]},{"cards_removed":["Strike_B"],"damage_healed":0,"gold_gain":0,"player_choice":"Offered Basic","damage_taken":0,"max_hp_gain":0,"max_hp_loss":0,"event_name":"Bonfire Elementals","floor":5,"gold_loss":0},{"damage_healed":0,"gold_gain":0,"player_choice":"Shed Blood","damage_taken":19,"max_hp_gain":5,"max_hp_loss":0,"event_name":"Forgotten Altar","floor":19,"gold_loss":0},{"damage_healed":0,"gold_gain":99,"player_choice":"Stole From Cult","damage_taken":0,"max_hp_gain":0,"max_hp_loss":0,"event_name":"Nest","floor":22,"gold_loss":0},{"damage_healed":0,"gold_gain":0,"player_choice":"Ignored","damage_taken":0,"max_hp_gain":0,"max_hp_loss":0,"event_name":"Ghosts","floor":25,"gold_loss":0}],"is_beta":false,"boss_relics":[{"not_picked":["Fusion Hammer","Nuclear Battery"],"picked":"Black Star"}],"items_purged_floors":[],"is_endless":false,"potions_floor_spawned":[1,10,16,20,31],"killed_by":"Collector","ascension_level":0}