{"gold_per_floor":[109,42,21,21,40,75,97,109],"floor_reached":8,"playtime":363,"items_purged":[],"score":67,"play_id":"52d9c7f1-7c21-4b10-8ba6-c3fba8647818","local_time":"20191017115612","is_ascension_mode":true,"campfire_choices":[],"neow_cost":"NONE","seed_source_timestamp":533747158831500,"circlet_count":0,"master_deck":["Strike_B","Strike_B","Strike_B","Strike_B","Defend_B","Defend_B","Defend_B","Defend_B","Zap","Dualcast","Aggregate","Heatsinks","Seek","Static Discharge","Consume"],"relics":["Cracked Core","MawBank"],"potions_floor_usage":[],"damage_taken":[{"damage":3,"enemies":"Jaw Worm","floor":1,"turns":4},{"damage":4,"enemies":"2 Louse","floor":5,"turns":4},{"damage":40,"enemies":"3 Sentries","floor":6,"turns":7},{"damage":1,"enemies":"Cultist","floor":7,"turns":4},{"damage":36,"enemies":"Lagavulin","floor":8,"turns":6}],"seed_played":"5282432845010535956","potions_obtained":[{"floor":1,"key":"SpeedPotion"},{"floor":5,"key":"EntropicBrew"},{"floor":7,"key":"Explosive Potion"}],"is_trial":false,"path_per_floor":["M","$","?","?","M","E","M","E"],"character_chosen":"DEFECT","items_purchased":["Heatsinks"],"campfire_rested":0,"item_purchase_floors":[2],"current_hp_per_floor":[72,72,72,72,68,28,27,0],"gold":109,"neow_bonus":"THREE_CARDS","is_prod":false,"is_daily":false,"chose_seed":false,"campfire_upgraded":0,"win_rate":0,"timestamp":1571306172,"path_taken":["M","$","?","?","?","E","M","E"],"build_version":"2019-07-17","purchased_purges":0,"victory":false,"max_hp_per_floor":[75,75,75,75,75,75,75,75],"card_choices":[{"not_picked":["Conserve Battery","Cold Snap"],"picked":"Aggregate","floor":0},{"not_picked":["Beam Cell","Redo","Auto Shields"],"picked":"SKIP","floor":1},{"not_picked":["Barrage","Consume"],"picked":"Static Discharge","floor":5},{"not_picked":["Go for the Eyes","Scrape","Beam Cell"],"picked":"SKIP","floor":6},{"not_picked":["Gash","Streamline"],"picked":"Consume","floor":7}],"player_experience":375014,"relics_obtained":[{"floor":6,"key":"MawBank"}],"event_choices":[{"damage_healed":0,"gold_gain":0,"player_choice":"Left Gold","damage_taken":0,"max_hp_gain":0,"max_hp_loss":0,"event_name":"World of Goop","floor":3,"gold_loss":21},{"damage_healed":0,"gold_gain":0,"player_choice":"1 cards matched","damage_taken":0,"max_hp_gain":0,"max_hp_loss":0,"event_name":"Match and Keep!","floor":4,"gold_loss":0,"cards_obtained":["Seek"]}],"is_beta":false,"boss_relics":[],"items_purged_floors":[],"is_endless":false,"potions_floor_spawned":[1,5,7],"killed_by":"Lagavulin","ascension_level":4}