{"gold_per_floor":[112,112,122,139,158,158,190,190,190,205,222,222,222,252,252,351,351,371,391,410,437,457,487,487,517,517,293,305,321,336,363,363,465,465,484,484,55,55,55,81,81,113,113,335,346,18,29,29,29,29],"floor_reached":51,"playtime":2158,"items_purged":["Strike_B"],"score":1165,"play_id":"1240ee37-5cb2-4c64-ac01-58115c9d2b85","local_time":"20191013212616","is_ascension_mode":true,"campfire_choices":[{"data":"Lockon","floor":6,"key":"SMITH"},{"floor":8,"key":"REST"},{"data":"Core Surge","floor":13,"key":"SMITH"},{"data":"Zap","floor":15,"key":"SMITH"},{"data":"1","floor":24,"key":"LIFT"},{"data":"2","floor":32,"key":"LIFT"},{"data":"3","floor":41,"key":"LIFT"},{"data":"Creative AI","floor":49,"key":"SMITH"}],"neow_cost":"NONE","seed_source_timestamp":180045933310300,"circlet_count":0,"master_deck":["Strike_B+1","Strike_B+1","Defend_B+1","Defend_B+1","Defend_B+1","Defend_B+1","Zap+1","Dualcast+1","Storm+1","Sweeping Beam+1","Go for the Eyes+1","Lockon+1","Scrape+1","Core Surge+1","Electrodynamics+1","All For One+1","Conserve Battery+1","Leap+1","Defragment+1","Biased Cognition+1","Ball Lightning+1","Tempest+1","Gash+1","Echo Form+1","Stack+1","Core Surge+1","Force Field+1","Self Repair+1","Leap+1","Creative AI+1"],"relics":["Cracked Core","NeowsBlessing","Thread and Needle","Nunchaku","Ice Cream","Coffee Dripper","Red Mask","Girya","The Courier","Question Card","Lee\u0027s Waffle","Singing Bowl","Philosopher\u0027s Stone","Gremlin Horn","Toolbox","Mark of the Bloom","Blue Candle","Mummified Hand","Sundial","Emotion Chip"],"potions_floor_usage":[16,16,21,25,50,50,50],"damage_taken":[{"damage":0,"enemies":"Cultist","floor":1,"turns":1},{"damage":0,"enemies":"2 Louse","floor":3,"turns":1},{"damage":0,"enemies":"Small Slimes","floor":4,"turns":1},{"damage":10,"enemies":"Looter","floor":5,"turns":4},{"damage":35,"enemies":"3 Sentries","floor":7,"turns":6},{"damage":2,"enemies":"3 Louse","floor":10,"turns":3},{"damage":0,"enemies":"2 Fungi Beasts","floor":11,"turns":3},{"damage":12,"enemies":"Gremlin Nob","floor":14,"turns":3},{"damage":34,"enemies":"The Guardian","floor":16,"turns":12},{"damage":3,"enemies":"Chosen","floor":18,"turns":4},{"damage":0,"enemies":"Spheric Guardian","floor":19,"turns":3},{"damage":19,"enemies":"Snake Plant","floor":20,"turns":4},{"damage":0,"enemies":"Masked Bandits","floor":21,"turns":3},{"damage":13,"enemies":"Snecko","floor":22,"turns":5},{"damage":3,"enemies":"Gremlin Leader","floor":23,"turns":4},{"damage":5,"enemies":"Slavers","floor":25,"turns":3},{"damage":19,"enemies":"Shelled Parasite and Fungi","floor":28,"turns":3},{"damage":7,"enemies":"3 Cultists","floor":29,"turns":4},{"damage":14,"enemies":"Snake Plant","floor":30,"turns":3},{"damage":0,"enemies":"Gremlin Leader","floor":31,"turns":4},{"damage":19,"enemies":"Champ","floor":33,"turns":7},{"damage":10,"enemies":"3 Darklings","floor":35,"turns":3},{"damage":4,"enemies":"Nemesis","floor":40,"turns":3},{"damage":19,"enemies":"Reptomancer","floor":42,"turns":5},{"damage":0,"enemies":"Orb Walker","floor":45,"turns":3},{"damage":0,"enemies":"3 Darklings","floor":47,"turns":3},{"damage":14,"enemies":"Awakened One","floor":50,"turns":6}],"seed_played":"1971070915164162568","potions_obtained":[{"floor":3,"key":"SpeedPotion"},{"floor":4,"key":"Regen Potion"},{"floor":14,"key":"Block Potion"},{"floor":16,"key":"Block Potion"},{"floor":20,"key":"AttackPotion"},{"floor":21,"key":"Energy Potion"},{"floor":29,"key":"Fire Potion"},{"floor":33,"key":"Explosive Potion"}],"is_trial":false,"path_per_floor":["M","?","M","M","M","R","E","R","T","M","M","?","R","E","R","B",null,"M","M","M","?","M","E","R","E","T","$","M","M","M","E","R","B",null,"M","?","$","?","?","E","R","E","T","?","M","$","M","?","R","B",null],"character_chosen":"DEFECT","items_purchased":["Lee\u0027s Waffle","Self Repair","Gremlin Horn","Toolbox","Emotion Chip","PowerPotion","EssenceOfSteel"],"campfire_rested":1,"item_purchase_floors":[27,37,37,37,46,46,46],"current_hp_per_floor":[68,61,61,61,51,51,16,38,38,36,36,36,36,24,24,5,58,55,55,36,36,23,20,20,15,15,82,63,56,42,44,44,25,69,59,59,59,59,59,55,55,36,36,36,36,36,36,36,36,22],"gold":29,"neow_bonus":"THREE_ENEMY_KILL","is_prod":false,"is_daily":false,"chose_seed":false,"campfire_upgraded":4,"win_rate":0,"timestamp":1570994776,"path_taken":["M","?","M","M","M","R","E","R","T","M","M","?","R","E","R","BOSS","M","M","M","?","M","E","R","E","T","$","M","M","M","E","R","BOSS","M","?","$","?","?","E","R","E","T","?","M","?","?","?","R","BOSS"],"build_version":"2019-07-17","purchased_purges":1,"victory":true,"max_hp_per_floor":[75,75,75,75,75,75,75,75,75,75,75,75,75,75,75,75,75,75,75,75,75,75,75,75,75,75,82,82,82,82,84,84,84,84,84,84,84,84,86,86,86,86,86,86,88,88,90,90,90,90],"card_choices":[{"not_picked":["Hologram","Skim"],"picked":"Storm","floor":1},{"not_picked":["Compile Driver","Reprogram"],"picked":"Sweeping Beam","floor":3},{"not_picked":["Steam","Coolheaded"],"picked":"Go for the Eyes","floor":4},{"not_picked":["Reprogram","Steam"],"picked":"Lockon","floor":5},{"not_picked":["Coolheaded","Sweeping Beam"],"picked":"Scrape","floor":7},{"not_picked":["Hologram","Aggregate"],"picked":"Gash","floor":10},{"not_picked":["Stack","Fusion"],"picked":"Core Surge","floor":11},{"not_picked":["Sweeping Beam","Storm"],"picked":"Electrodynamics","floor":14},{"not_picked":["Fission","Meteor Strike"],"picked":"All For One","floor":16},{"not_picked":["Gash","Auto Shields+1"],"picked":"Conserve Battery+1","floor":18},{"not_picked":["Rebound+1","Ball Lightning"],"picked":"Leap","floor":19},{"not_picked":["Ball Lightning+1","Conserve Battery+1"],"picked":"Defragment","floor":20},{"not_picked":["BootSequence+1","Gash"],"picked":"Biased Cognition","floor":21},{"not_picked":["Stack","Beam Cell"],"picked":"Ball Lightning+1","floor":22},{"not_picked":["Compile Driver","Streamline","Redo"],"picked":"SKIP","floor":23},{"not_picked":["Lockon","Storm"],"picked":"Tempest","floor":25},{"not_picked":["Beam Cell","Rebound","Melter"],"picked":"Gash+1","floor":28},{"not_picked":["Leap+1","Sweeping Beam","Go for the Eyes+1"],"picked":"Echo Form","floor":29},{"not_picked":["Leap","Sweeping Beam","Turbo"],"picked":"Stack","floor":30},{"not_picked":["Meteor Strike","Compile Driver","Consume","Beam Cell"],"picked":"Singing Bowl","floor":31},{"not_picked":["Amplify","Fission","Machine Learning"],"picked":"Core Surge","floor":33},{"not_picked":["Turbo","Sweeping Beam+1","Blizzard+1"],"picked":"Force Field+1","floor":35},{"not_picked":["Flash of Steel","PanicButton","Purity","HandOfGreed"],"picked":"Singing Bowl","floor":39},{"not_picked":["Coolheaded+1","Barrage+1","Sweeping Beam"],"picked":"Leap+1","floor":40},{"not_picked":["Sweeping Beam+1","Hologram+1","Stack"],"picked":"Creative AI","floor":42},{"not_picked":["Streamline","Sweeping Beam","Reprogram","Blizzard"],"picked":"Singing Bowl","floor":45},{"not_picked":["Tempest","Conserve Battery","Lockon","Compile Driver"],"picked":"Singing Bowl","floor":47}],"player_experience":418458,"relics_obtained":[{"floor":7,"key":"Thread and Needle"},{"floor":9,"key":"Nunchaku"},{"floor":14,"key":"Ice Cream"},{"floor":21,"key":"Red Mask"},{"floor":23,"key":"Girya"},{"floor":25,"key":"The Courier"},{"floor":26,"key":"Question Card"},{"floor":31,"key":"Singing Bowl"},{"floor":40,"key":"Blue Candle"},{"floor":42,"key":"Mummified Hand"},{"floor":43,"key":"Sundial"}],"event_choices":[{"cards_removed":["Strike_B"],"damage_healed":0,"gold_gain":0,"player_choice":"Card Removal","damage_taken":7,"max_hp_gain":0,"max_hp_loss":0,"event_name":"Golden Wing","floor":2,"gold_loss":0},{"damage_healed":0,"gold_gain":0,"player_choice":"Ignored","damage_taken":0,"max_hp_gain":0,"max_hp_loss":0,"event_name":"Liars Game","floor":12,"gold_loss":0},{"damage_healed":0,"gold_gain":0,"player_choice":"Fought Bandits","damage_taken":0,"max_hp_gain":0,"max_hp_loss":0,"event_name":"Masked Bandits","floor":21,"gold_loss":0},{"cards_removed":["Gash"],"damage_healed":0,"gold_gain":0,"player_choice":"Removed Attack","damage_taken":0,"max_hp_gain":0,"max_hp_loss":0,"event_name":"Falling","floor":36,"gold_loss":0},{"damage_healed":0,"gold_gain":0,"player_choice":"Upgrade","damage_taken":0,"relics_obtained":["Mark of the Bloom"],"max_hp_gain":0,"max_hp_loss":0,"event_name":"MindBloom","floor":38,"gold_loss":0,"cards_upgraded":["Strike_B","Strike_B","Defend_B","Defend_B","Defend_B","Defend_B","Dualcast","Storm","Sweeping Beam","Go for the Eyes","Scrape","Electrodynamics","All For One","Leap","Defragment","Biased Cognition","Tempest","Echo Form","Stack","Core Surge","Self Repair"]},{"damage_healed":0,"gold_gain":0,"player_choice":"Memory 1","damage_taken":0,"max_hp_gain":0,"max_hp_loss":0,"event_name":"SensoryStone","floor":39,"gold_loss":0},{"damage_healed":0,"gold_gain":222,"player_choice":"Wore Mask","damage_taken":0,"max_hp_gain":0,"max_hp_loss":0,"event_name":"Tomb of Lord Red Mask","floor":44,"gold_loss":0},{"damage_healed":0,"gold_gain":0,"player_choice":"Ignored","damage_taken":0,"max_hp_gain":0,"max_hp_loss":0,"event_name":"Mysterious Sphere","floor":48,"gold_loss":0}],"is_beta":false,"boss_relics":[{"not_picked":["Astrolabe","Velvet Choker"],"picked":"Coffee Dripper"},{"not_picked":["Tiny House","Busted Crown"],"picked":"Philosopher\u0027s Stone"}],"items_purged_floors":[27],"is_endless":false,"potions_floor_spawned":[3,4,14,16,20,21,22,29,30,33,40,45,47],"ascension_level":9}