{"path_per_floor":["M","?","$","M","M","R","$","?","T","M","M","R","E","?","R","B",null,"M","?","$","M","?","R","E","M","T","R","M","R","?","M","R","B",null,"M","?","M","?","$","E","?","R","T","R","M","$","M","M","R","B"],"character_chosen":"THE_SILENT","items_purchased":["Prepared","Apotheosis","Peace Pipe","Adrenaline"],"gold_per_floor":[119,119,44,55,73,73,23,78,149,163,178,178,209,459,459,561,561,572,572,83,93,8,8,35,52,106,106,120,120,120,140,140,241,241,261,312,332,332,232,264,264,264,264,264,283,3,22,40,40,40],"floor_reached":51,"campfire_rested":2,"playtime":3729,"current_hp_per_floor":[63,38,38,38,35,35,35,28,28,28,27,51,51,51,51,40,70,70,55,55,51,51,51,48,40,40,40,40,40,40,40,40,40,74,50,42,50,39,39,43,43,43,43,43,40,40,29,27,67,25],"items_purged":["Defend_G","Writhe","Defend_G"],"gold":40,"score":759,"play_id":"8278d70b-cf77-4e28-8a52-e8495e922512","is_prod":false,"is_daily":false,"is_ascension_mode":true,"campfire_upgraded":3,"path_taken":["M","?","$","?","M","R","$","?","T","?","M","R","E","?","R","BOSS","M","?","$","M","?","R","E","?","T","R","M","R","?","?","R","BOSS","M","?","M","?","$","E","?","R","T","R","M","$","M","M","R","BOSS"],"build_version":"2018-02-12-PROD1","purchased_purges":3,"victory":true,"master_deck":["Defend_G","Defend_G","Defend_G","Survivor","Neutralize","Terror+1","Footwork+1","Underhanded Strike+1","Quick Slash+1","PiercingWail","Backflip","Prepared","Well Laid Plans","Tools of the Trade+1","Blur","Tools of the Trade","Apotheosis+1","Outmaneuver+1","Dagger Spray+1","Prepared","Wraith Form","Acrobatics","Burst","Underhanded Strike+1","Madness","Madness","Calculated Gamble+1","Adrenaline","Backflip+1"],"max_hp_per_floor":[70,70,70,70,70,70,70,80,80,80,80,80,80,80,80,80,80,80,85,85,85,85,85,85,85,85,85,85,85,85,85,85,85,85,85,85,85,85,85,85,85,85,85,85,85,85,85,85,85,85],"relics":["Astrolabe","Paper Crane","Pear","Letter Opener","Bag of Preparation","White Beast Statue","Peace Pipe","Molten Egg 2","Lantern","Snake Skull","Calling Bell","Regal Pillow","Calipers","Shovel","Bird Faced Urn","Oddly Smooth Stone","Torii"],"card_choices":[{"not_picked":["Acrobatics","Outmaneuver"],"picked":"Quick Slash"},{"not_picked":["Concentrate","Acrobatics"],"picked":"PiercingWail"},{"not_picked":["Backstab","All Out Attack"],"picked":"Backflip"},{"not_picked":["Flying Knee","Heel Hook"],"picked":"Well Laid Plans"},{"not_picked":["Sucker Punch","Leg Sweep"],"picked":"Tools of the Trade"},{"not_picked":["Deadly Poison","Flechettes"],"picked":"Blur"},{"not_picked":["Corpse Explosion","Unload"],"picked":"Tools of the Trade"},{"not_picked":["Deadly Poison","Bane"],"picked":"Outmaneuver"},{"not_picked":["Dagger Throw","Acrobatics"],"picked":"Dagger Spray"},{"not_picked":["Bane","Flying Knee"],"picked":"Prepared"},{"not_picked":["Catalyst","PiercingWail"],"picked":"Wraith Form"},{"not_picked":["Accuracy","Riddle With Holes"],"picked":"Acrobatics"},{"not_picked":["Unload","Doppelganger"],"picked":"Burst"},{"not_picked":["Bane","Expertise"],"picked":"Underhanded Strike"},{"not_picked":["Bane","Phantasmal Killer"],"picked":"Calculated Gamble"},{"not_picked":["Poisoned Stab","Dagger Throw"],"picked":"Backflip"}],"player_experience":159552,"potions_floor_usage":[13,16,24,24,31,33,33,36,37,40,40,47,47,50,50,50],"damage_taken":[{"damage":0,"enemies":"Cultist","floor":1,"turns":5},{"damage":0,"enemies":"Small Slimes","floor":4,"turns":3},{"damage":3,"enemies":"Blue Slaver","floor":5,"turns":4},{"damage":17,"enemies":"3 Sentries","floor":8,"turns":17},{"damage":0,"enemies":"2 Fungi Beasts","floor":10,"turns":4},{"damage":1,"enemies":"3 Louse","floor":11,"turns":4},{"damage":9,"enemies":"Lagavulin","floor":13,"turns":5},{"damage":11,"enemies":"Hexaghost","floor":16,"turns":12},{"damage":0,"enemies":"Shell Parasite","floor":18,"turns":6},{"damage":4,"enemies":"Chosen","floor":21,"turns":6},{"damage":3,"enemies":"Slavers","floor":24,"turns":8},{"damage":8,"enemies":"Centurion and Healer","floor":25,"turns":7},{"damage":0,"enemies":"Snake Plant","floor":28,"turns":4},{"damage":0,"enemies":"3 Cultists","floor":31,"turns":4},{"damage":0,"enemies":"Champ","floor":33,"turns":7},{"damage":24,"enemies":"3 Darklings","floor":35,"turns":5},{"damage":8,"enemies":"Mysterious Sphere","floor":36,"turns":7},{"damage":0,"enemies":"Orb Walker","floor":37,"turns":5},{"damage":6,"enemies":"2 Orb Walkers","floor":40,"turns":6},{"damage":11,"enemies":"3 Darklings","floor":45,"turns":4},{"damage":19,"enemies":"Sphere and 2 Shapes","floor":47,"turns":4},{"damage":12,"enemies":"4 Shapes","floor":48,"turns":5},{"damage":52,"enemies":"Donu and Deca","floor":50,"turns":10}],"event_choices":[{"event_name":"Scrap Ooze","player_choice":"success","floor":2,"damage_taken":25},{"event_name":"Dead Adventurer","player_choice":"Searched \u00272\u0027 times","floor":8,"damage_taken":0},{"event_name":"Golden Shrine","player_choice":"Desecrate","floor":14,"damage_taken":0},{"event_name":"Forgotten Altar","player_choice":"Shed Blood","floor":19,"damage_taken":0},{"event_name":"Addict","player_choice":"Obtained Relic","floor":22,"damage_taken":0},{"event_name":"Drug Dealer","player_choice":"Ignored","floor":30,"damage_taken":0},{"event_name":"Mysterious Sphere","player_choice":"Fight","floor":36,"damage_taken":0},{"event_name":"Winding Halls","player_choice":"Embrace Madness","floor":38,"damage_taken":0},{"event_name":"Tomb of Lord Red Mask","player_choice":"Ignored","floor":41,"damage_taken":0}],"boss_relics":[{"not_picked":["Question Card","Velvet Choker"],"picked":"White Beast Statue"},{"not_picked":["Runic Pyramid","The Specimen"],"picked":"Calling Bell"}],"potions_floor_spawned":[5,8,10,11,16,18,21,24,25,28,31,33,35,36,37,40,45,47,48],"seed_played":"5536675447019982825","ascension_level":6,"is_trial":false}