{"gold_per_floor":[110,110,129,129,229,229,241,260,284,300,300,7,37,37,37,140,140,122,122,47,64,64,64,64,64,64,82,94,113,78,90,90,194,194,208,208,222,222,241,45,45,62,62,96,46,46,46],"floor_reached":47,"playtime":1576,"items_purged":["Strike_B","Blizzard+1","Pain"],"score":480,"play_id":"65c9e05e-4774-44b4-b1be-fe5cb2939d50","local_time":"20190128073717","is_ascension_mode":false,"campfire_choices":[{"data":"Redo","floor":6,"key":"SMITH"},{"data":"Redo","floor":15,"key":"SMITH"},{"data":"Storm","floor":23,"key":"SMITH"},{"data":"Static Discharge","floor":25,"key":"SMITH"},{"floor":32,"key":"REST"},{"data":"Defragment","floor":41,"key":"SMITH"},{"floor":46,"key":"REST"}],"neow_cost":"NONE","seed_source_timestamp":184139130821800,"circlet_count":0,"master_deck":["Defend_B","Defend_B","Dualcast","Rip and Tear","Redo+1","Capacitor","Storm+1","Redo+1","Echo Form","Static Discharge+1","Defragment+1","Amplify","White Noise","Loop","Thunder Strike","Storm+1","Meteor Strike+1","BootSequence+1","Tempest"],"relics":["Cracked Core","Vajra","Smiling Mask","Runic Capacitor","Thread and Needle","Omamori","Cursed Key","Kunai","Astrolabe","PreservedInsect","Darkstone Periapt","Happy Flower"],"potions_floor_usage":[13,27,47,47],"damage_taken":[{"damage":1,"enemies":"Jaw Worm","floor":1,"turns":3},{"damage":0,"enemies":"2 Louse","floor":3,"turns":1},{"damage":0,"enemies":"Cultist","floor":7,"turns":2},{"damage":7,"enemies":"Blue Slaver","floor":8,"turns":2},{"damage":0,"enemies":"Large Slime","floor":10,"turns":4},{"damage":26,"enemies":"Lagavulin","floor":13,"turns":5},{"damage":18,"enemies":"Hexaghost","floor":16,"turns":9},{"damage":18,"enemies":"2 Thieves","floor":18,"turns":4},{"damage":18,"enemies":"3 Byrds","floor":21,"turns":3},{"damage":30,"enemies":"Snake Plant","floor":27,"turns":2},{"damage":14,"enemies":"3 Cultists","floor":28,"turns":4},{"damage":4,"enemies":"Centurion and Healer","floor":29,"turns":4},{"damage":0,"enemies":"Snake Plant","floor":31,"turns":2},{"damage":23,"enemies":"Automaton","floor":33,"turns":6},{"damage":16,"enemies":"Orb Walker","floor":35,"turns":2},{"damage":40,"enemies":"3 Darklings","floor":37,"turns":4},{"damage":17,"enemies":"Spire Growth","floor":39,"turns":3},{"damage":0,"enemies":"Transient","floor":42,"turns":5},{"damage":21,"enemies":"Nemesis","floor":44,"turns":3},{"damage":36,"enemies":"2 Orb Walkers","floor":47,"turns":3}],"seed_played":"-6188392808871220336","potions_obtained":[{"floor":1,"key":"Poison Potion"},{"floor":3,"key":"Explosive Potion"},{"floor":7,"key":"Explosive Potion"},{"floor":16,"key":"Regen Potion"},{"floor":21,"key":"Dexterity Potion"},{"floor":29,"key":"Fire Potion"},{"floor":37,"key":"EssenceOfSteel"}],"is_trial":false,"path_per_floor":["M","?","M","?","?","R","M","M","T","M","?","$","E","T","R","B",null,"M","?","?","M","?","R","?","R","T","M","M","M","$","M","R","B",null,"M","?","M","?","M","$","R","M","T","E","$","R","?"],"character_chosen":"DEFECT","items_purchased":["Runic Capacitor","Storm","White Noise","PreservedInsect"],"campfire_rested":2,"item_purchase_floors":[12,12,30,40],"current_hp_per_floor":[74,67,67,72,72,72,72,65,65,65,62,62,36,36,36,18,80,62,62,62,44,44,44,44,44,44,23,9,5,5,5,29,6,80,64,64,24,44,27,27,27,27,27,6,6,30,0],"gold":46,"neow_bonus":"TRANSFORM_CARD","is_prod":false,"is_daily":false,"chose_seed":false,"campfire_upgraded":5,"win_rate":0.0,"timestamp":1548679037,"path_taken":["M","?","M","?","?","R","?","M","T","M","?","$","E","?","R","BOSS","M","?","?","M","?","R","?","R","T","M","M","?","?","?","R","BOSS","M","?","M","?","M","$","R","M","T","E","$","R","?"],"build_version":"2019-01-23","purchased_purges":3,"victory":false,"max_hp_per_floor":[75,75,75,80,80,80,80,80,80,80,80,80,80,80,80,80,80,80,80,80,80,80,80,80,80,80,80,80,80,80,80,80,80,80,80,80,80,80,80,80,80,80,80,80,80,80,80],"card_choices":[{"not_picked":["Undo","Compile Driver","Reinforced Body"],"picked":"SKIP","floor":1},{"not_picked":["Tempest","Conserve Battery"],"picked":"Redo","floor":3},{"not_picked":["Fission","Glacier","Rebound"],"picked":"SKIP","floor":7},{"not_picked":["Glacier","Sweeping Beam"],"picked":"Capacitor","floor":8},{"not_picked":["Conserve Battery","Barrage","Undo"],"picked":"SKIP","floor":10},{"not_picked":["Compile Driver","Go for the Eyes"],"picked":"Redo","floor":13},{"not_picked":["Hyperbeam","Meteor Strike"],"picked":"Echo Form","floor":16},{"not_picked":["Capacitor","Beam Cell","Stack"],"picked":"SKIP","floor":18},{"not_picked":["Undo+1","Gash"],"picked":"Defragment","floor":21},{"not_picked":["Redo","Compile Driver","Ball Lightning"],"picked":"SKIP","floor":27},{"not_picked":["Steam+1","Darkness","Recycle"],"picked":"SKIP","floor":28},{"not_picked":["Cold Snap","Skim","Melter+1"],"picked":"SKIP","floor":29},{"not_picked":["Melter+1","Gash+1"],"picked":"Loop","floor":31},{"not_picked":["Seek","Rainbow"],"picked":"Thunder Strike","floor":33},{"not_picked":["Stack","Turbo+1"],"picked":"Redo+1","floor":35},{"not_picked":["Heatsinks+1","Stack"],"picked":"BootSequence+1","floor":37},{"not_picked":["Hologram","Static Discharge","Steam Power+1"],"picked":"SKIP","floor":39},{"not_picked":["Gash+1","Hologram"],"picked":"Tempest","floor":42},{"not_picked":["Coolheaded","Barrage","Redo"],"picked":"SKIP","floor":44}],"player_experience":202629,"relics_obtained":[{"floor":9,"key":"Vajra"},{"floor":13,"key":"Thread and Needle"},{"floor":14,"key":"Omamori"},{"floor":26,"key":"Kunai"},{"floor":43,"key":"Darkstone Periapt"},{"floor":44,"key":"Happy Flower"}],"event_choices":[{"cards_removed":["Strike_B"],"damage_healed":0,"gold_gain":0,"player_choice":"Card Removal","damage_taken":7,"max_hp_gain":0,"max_hp_loss":0,"event_name":"Golden Wing","floor":2,"gold_loss":0},{"damage_healed":0,"gold_gain":0,"player_choice":"Donut","damage_taken":0,"max_hp_gain":5,"max_hp_loss":0,"event_name":"Big Fish","floor":4,"gold_loss":0},{"damage_healed":0,"gold_gain":100,"player_choice":"Pray","damage_taken":0,"max_hp_gain":0,"max_hp_loss":0,"event_name":"Golden Shrine","floor":5,"gold_loss":0},{"damage_healed":0,"gold_gain":0,"player_choice":"Success","damage_taken":3,"relics_obtained":["Smiling Mask"],"max_hp_gain":0,"max_hp_loss":0,"event_name":"Scrap Ooze","floor":11,"gold_loss":0},{"damage_healed":0,"gold_gain":0,"player_choice":"Read","damage_taken":0,"max_hp_gain":0,"max_hp_loss":0,"event_name":"The Library","floor":19,"gold_loss":0,"cards_obtained":["Static Discharge"]},{"cards_removed":["Strike_B"],"damage_healed":0,"gold_gain":0,"player_choice":"Gave Gold","damage_taken":0,"max_hp_gain":0,"max_hp_loss":0,"event_name":"Beggar","floor":20,"gold_loss":75},{"damage_healed":0,"gold_gain":0,"player_choice":"Ignored","damage_taken":0,"max_hp_gain":0,"max_hp_loss":0,"event_name":"Cursed Tome","floor":22,"gold_loss":0},{"damage_healed":0,"gold_gain":0,"player_choice":"1 cards matched","damage_taken":0,"max_hp_gain":0,"max_hp_loss":0,"event_name":"Match and Keep!","floor":24,"gold_loss":0,"cards_obtained":["Amplify"]},{"cards_removed":["Redo"],"damage_healed":0,"gold_gain":0,"player_choice":"Removed Skill","damage_taken":0,"max_hp_gain":0,"max_hp_loss":0,"event_name":"Falling","floor":36,"gold_loss":0},{"damage_healed":20,"gold_gain":0,"player_choice":"Writhe","damage_taken":0,"max_hp_gain":0,"max_hp_loss":0,"event_name":"Winding Halls","floor":38,"gold_loss":0,"cards_obtained":["Writhe"]},{"damage_healed":0,"gold_gain":0,"player_choice":"Fight","damage_taken":0,"max_hp_gain":0,"max_hp_loss":0,"event_name":"Mysterious Sphere","floor":47,"gold_loss":0}],"is_beta":false,"boss_relics":[{"not_picked":["Tiny House","Philosopher\u0027s Stone"],"picked":"Cursed Key"},{"not_picked":["Velvet Choker","Pandora\u0027s Box"],"picked":"Astrolabe"}],"items_purged_floors":[12,40,45],"is_endless":false,"potions_floor_spawned":[1,3,7,16,18,21,29,37],"killed_by":"2 Orb Walkers","ascension_level":0}