{"gold_per_floor":[212,102,102,114,189,215,215,228,228,253,253,264,277,311,311,407,407,420,420,386,386,54,83,83,83],"floor_reached":25,"playtime":1891,"items_purged":[],"score":252,"play_id":"a4eabc16-fb5c-413b-8f96-9a545d6993ca","local_time":"20191006101808","is_ascension_mode":true,"campfire_choices":[{"floor":7,"key":"REST"},{"data":"Footwork","floor":11,"key":"SMITH"},{"floor":15,"key":"REST"},{"floor":24,"key":"REST"}],"neow_cost":"NONE","seed_source_timestamp":87253578193900,"circlet_count":0,"master_deck":["Strike_G","Strike_G","Strike_G","Strike_G","Strike_G","Defend_G","Defend_G","Defend_G","Defend_G","Defend_G","Survivor","Neutralize","Catalyst","Footwork+1","Dash","Choke","Blur","Backflip","Poisoned Stab","Bane","Noxious Fumes","Deadly Poison","Burst","Poisoned Stab","Accuracy","Blade Dance","Leg Sweep","Outmaneuver+1","Deadly Poison+1","Infinite Blades"],"relics":["Ring of the Snake","Gremlin Horn","Potion Belt","Odd Mushroom","Bronze Scales","Orrery","Shuriken","Singing Bowl","Darkstone Periapt"],"potions_floor_usage":[6,14,16,20,20],"damage_taken":[{"damage":8,"enemies":"Small Slimes","floor":1,"turns":5},{"damage":5,"enemies":"Jaw Worm","floor":4,"turns":5},{"damage":27,"enemies":"Lagavulin","floor":6,"turns":10},{"damage":0,"enemies":"2 Louse","floor":8,"turns":2},{"damage":20,"enemies":"The Mushroom Lair","floor":10,"turns":6},{"damage":3,"enemies":"Looter","floor":12,"turns":4},{"damage":1,"enemies":"Red Slaver","floor":13,"turns":6},{"damage":12,"enemies":"3 Sentries","floor":14,"turns":9},{"damage":22,"enemies":"Slime Boss","floor":16,"turns":12},{"damage":13,"enemies":"Spheric Guardian","floor":18,"turns":8},{"damage":32,"enemies":"2 Thieves","floor":20,"turns":5},{"damage":47,"enemies":"Gremlin Leader","floor":23,"turns":8},{"damage":24,"enemies":"Slavers","floor":25,"turns":2}],"seed_played":"-2562040693746531887","potions_obtained":[{"floor":1,"key":"EssenceOfSteel"},{"floor":6,"key":"Block Potion"},{"floor":10,"key":"FairyPotion"},{"floor":12,"key":"GhostInAJar"},{"floor":16,"key":"EssenceOfSteel"},{"floor":18,"key":"FairyPotion"},{"floor":19,"key":"Energy Potion"},{"floor":19,"key":"Fruit Juice"}],"is_trial":false,"path_per_floor":["M","$","?","M","?","E","R","M","T","?","R","M","M","E","R","B",null,"M","?","M","T","$","E","R","E"],"character_chosen":"THE_SILENT","items_purchased":["Footwork","Dash","Singing Bowl","Infinite Blades"],"campfire_rested":3,"item_purchase_floors":[2,2,22,22],"current_hp_per_floor":[62,62,67,62,51,24,46,46,46,26,26,23,22,10,32,10,75,62,62,35,35,35,10,34,10],"gold":83,"neow_bonus":"HUNDRED_GOLD","is_prod":false,"is_daily":false,"chose_seed":false,"campfire_upgraded":1,"win_rate":0,"timestamp":1570349888,"path_taken":["M","$","?","M","?","E","R","M","T","?","R","M","M","E","R","BOSS","M","?","?","?","$","E","R","E"],"build_version":"2019-07-17","purchased_purges":0,"victory":false,"max_hp_per_floor":[70,70,75,75,75,75,75,75,75,75,75,75,75,75,75,75,75,75,75,80,80,80,82,82,82],"card_choices":[{"not_picked":["Poisoned Stab","Riddle With Holes"],"picked":"Catalyst","floor":1},{"not_picked":["Quick Slash","Deadly Poison"],"picked":"Choke","floor":4},{"not_picked":["Flying Knee","Unload"],"picked":"Blur","floor":6},{"not_picked":["Underhanded Strike","Choke"],"picked":"Backflip","floor":8},{"not_picked":["Slice","Dodge and Roll"],"picked":"Poisoned Stab","floor":10},{"not_picked":["Dagger Spray","Outmaneuver"],"picked":"Bane","floor":12},{"not_picked":["Infinite Blades","Dagger Throw"],"picked":"Noxious Fumes","floor":13},{"not_picked":["All Out Attack","Caltrops"],"picked":"Deadly Poison","floor":14},{"not_picked":["Venomology","Tools of the Trade"],"picked":"Burst","floor":16},{"not_picked":["Malaise","Slice"],"picked":"Poisoned Stab","floor":17},{"not_picked":["PiercingWail","Choke"],"picked":"Accuracy","floor":17},{"not_picked":["Outmaneuver","Acrobatics"],"picked":"Blade Dance","floor":17},{"not_picked":["Concentrate","Acrobatics"],"picked":"Leg Sweep","floor":17},{"not_picked":["Tactician","Skewer"],"picked":"Outmaneuver+1","floor":18},{"not_picked":["Quick Slash","PiercingWail"],"picked":"Deadly Poison+1","floor":20},{"not_picked":["Prepared","Flying Knee","Tactician"],"picked":"Singing Bowl","floor":23}],"player_experience":209706,"relics_obtained":[{"floor":6,"key":"Gremlin Horn"},{"floor":9,"key":"Potion Belt"},{"floor":10,"key":"Odd Mushroom"},{"floor":14,"key":"Bronze Scales"},{"floor":21,"key":"Shuriken"},{"floor":23,"key":"Darkstone Periapt"}],"event_choices":[{"damage_healed":0,"gold_gain":0,"player_choice":"Donut","damage_taken":0,"max_hp_gain":5,"max_hp_loss":0,"event_name":"Big Fish","floor":3,"gold_loss":0},{"damage_healed":0,"gold_gain":75,"player_choice":"Gather Gold","damage_taken":11,"max_hp_gain":0,"max_hp_loss":0,"event_name":"World of Goop","floor":5,"gold_loss":0},{"damage_healed":0,"gold_gain":0,"player_choice":"Fought Mushrooms","damage_taken":0,"max_hp_gain":0,"max_hp_loss":0,"event_name":"Mushrooms","floor":10,"gold_loss":0},{"damage_healed":0,"gold_gain":0,"player_choice":"Got Potions","damage_taken":0,"max_hp_gain":0,"max_hp_loss":0,"event_name":"Lab","floor":19,"gold_loss":0}],"is_beta":false,"boss_relics":[{"not_picked":["Fusion Hammer","Cursed Key"],"picked":"Orrery"}],"items_purged_floors":[],"is_endless":false,"potions_floor_spawned":[1,6,10,12,16,18],"killed_by":"Slavers","ascension_level":2}