{"gold_per_floor":[114,114,124,143,68,100,117,144,144,44,44,54,71,103,103,207,207,224,28,28,45,63,95,109,109,109,71,83,83,108,162,162,162],"floor_reached":33,"playtime":1514,"items_purged":["Strike_B","Strike_B","Strike_B"],"score":428,"play_id":"f8f996c3-3aee-46f5-b856-7c0c684e9b4a","local_time":"20190915132812","is_ascension_mode":true,"campfire_choices":[{"data":"Defragment","floor":11,"key":"SMITH"},{"data":"Redo","floor":15,"key":"SMITH"},{"data":"Rainbow","floor":29,"key":"SMITH"},{"data":"Buffer","floor":32,"key":"SMITH"}],"neow_cost":"PERCENT_DAMAGE","seed_source_timestamp":311226500263200,"circlet_count":0,"master_deck":["Defend_B","Defend_B","Defend_B","Defend_B","Zap","Dualcast","Rainbow+1","Beam Cell","Redo+1","Cold Snap","Defragment+1","Melter","FTL","Core Surge","Buffer+1","Sunder+1","Consume"],"relics":["Cracked Core","Lantern","Cables","Gremlin Horn","Blue Candle","Sozu","Mummified Hand","Bottled Tornado","Unceasing Top","Pen Nib"],"potions_floor_usage":[16,16],"damage_taken":[{"damage":5,"enemies":"Jaw Worm","floor":1,"turns":4},{"damage":0,"enemies":"Cultist","floor":3,"turns":3},{"damage":0,"enemies":"2 Louse","floor":4,"turns":2},{"damage":17,"enemies":"Gremlin Nob","floor":6,"turns":4},{"damage":14,"enemies":"Lots of Slimes","floor":7,"turns":4},{"damage":4,"enemies":"3 Sentries","floor":8,"turns":7},{"damage":0,"enemies":"Exordium Thugs","floor":12,"turns":3},{"damage":0,"enemies":"Looter","floor":13,"turns":2},{"damage":5,"enemies":"Lagavulin","floor":14,"turns":4},{"damage":0,"enemies":"The Guardian","floor":16,"turns":6},{"damage":3,"enemies":"Chosen","floor":18,"turns":4},{"damage":0,"enemies":"Spheric Guardian","floor":21,"turns":2},{"damage":0,"enemies":"Centurion and Healer","floor":22,"turns":5},{"damage":17,"enemies":"Book of Stabbing","floor":23,"turns":5},{"damage":0,"enemies":"Sentry and Sphere","floor":24,"turns":2},{"damage":15,"enemies":"Snake Plant","floor":28,"turns":3},{"damage":10,"enemies":"Gremlin Leader","floor":30,"turns":6},{"damage":45,"enemies":"Champ","floor":33,"turns":8}],"seed_played":"351131262606703617","potions_obtained":[{"floor":3,"key":"Poison Potion"},{"floor":6,"key":"Swift Potion"},{"floor":12,"key":"Poison Potion"},{"floor":16,"key":"Ancient Potion"}],"is_trial":false,"path_per_floor":["M","?","M","M","$","E","M","E","T","$","R","M","M","E","R","B",null,"M","$","?","M","M","E","M","$","T","$","M","R","E","T","R","B"],"character_chosen":"DEFECT","items_purchased":["Buffer","Consume"],"campfire_rested":0,"item_purchase_floors":[19,27],"current_hp_per_floor":[49,49,49,49,49,32,18,14,14,14,14,14,14,9,9,9,75,72,72,85,85,85,68,68,68,68,68,53,53,43,43,43,0],"gold":162,"neow_bonus":"THREE_RARE_CARDS","is_prod":false,"is_daily":false,"chose_seed":false,"campfire_upgraded":4,"win_rate":0,"timestamp":1568546892,"path_taken":["M","?","M","M","$","E","M","E","T","$","R","M","?","E","R","BOSS","M","$","?","M","M","E","?","$","T","$","M","R","E","?","R","BOSS"],"build_version":"2019-07-17","purchased_purges":3,"victory":false,"max_hp_per_floor":[75,75,75,75,75,75,75,75,75,75,75,75,75,75,75,75,75,75,75,85,85,85,85,85,85,85,85,85,85,85,85,85,85],"card_choices":[{"not_picked":["Thunder Strike","Seek"],"picked":"Rainbow","floor":0},{"not_picked":["Compile Driver","Ball Lightning"],"picked":"Beam Cell","floor":1},{"not_picked":["Streamline","Hologram"],"picked":"Redo","floor":3},{"not_picked":["Barrage","Undo"],"picked":"Cold Snap","floor":4},{"not_picked":["Ball Lightning","Beam Cell"],"picked":"Rainbow","floor":6},{"not_picked":["Conserve Battery","Compile Driver","Go for the Eyes"],"picked":"SKIP","floor":7},{"not_picked":["Heatsinks","Lockon"],"picked":"Defragment","floor":8},{"not_picked":["Darkness","Streamline"],"picked":"Melter","floor":12},{"not_picked":["Barrage","Cold Snap"],"picked":"FTL","floor":13},{"not_picked":["Beam Cell","Turbo","Undo"],"picked":"SKIP","floor":14},{"not_picked":["Machine Learning","Thunder Strike"],"picked":"Core Surge","floor":16},{"not_picked":["Compile Driver","Melter","Ball Lightning"],"picked":"SKIP","floor":18},{"not_picked":["Blizzard","Hologram","Turbo"],"picked":"SKIP","floor":21},{"not_picked":["Recycle+1","Genetic Algorithm","Beam Cell+1"],"picked":"SKIP","floor":22},{"not_picked":["Reinforced Body+1","Ball Lightning"],"picked":"Sunder+1","floor":23},{"not_picked":["Darkness","FTL","Beam Cell"],"picked":"SKIP","floor":24},{"not_picked":["Thunder Strike","Genetic Algorithm","Steam+1"],"picked":"SKIP","floor":28},{"not_picked":["FTL","Compile Driver+1","Double Energy+1"],"picked":"SKIP","floor":30}],"player_experience":304029,"relics_obtained":[{"floor":6,"key":"Lantern"},{"floor":8,"key":"Cables"},{"floor":9,"key":"Gremlin Horn"},{"floor":14,"key":"Blue Candle"},{"floor":23,"key":"Mummified Hand"},{"floor":26,"key":"Bottled Tornado"},{"floor":30,"key":"Unceasing Top"},{"floor":31,"key":"Pen Nib"}],"event_choices":[{"cards_removed":["Strike_B"],"damage_healed":0,"gold_gain":0,"player_choice":"Purged","damage_taken":0,"max_hp_gain":0,"max_hp_loss":0,"event_name":"Purifier","floor":2,"gold_loss":0},{"cards_removed":["Rainbow"],"damage_healed":3,"gold_gain":0,"player_choice":"Offered Rare","damage_taken":0,"max_hp_gain":10,"max_hp_loss":0,"event_name":"Bonfire Elementals","floor":20,"gold_loss":0}],"is_beta":false,"boss_relics":[{"not_picked":["Snecko Eye","Runic Dome"],"picked":"Sozu"}],"items_purged_floors":[5,10,19],"is_endless":false,"potions_floor_spawned":[3,6,12,14,16,21,23,30],"killed_by":"Champ","ascension_level":4}