{"gold_per_floor":[119,119,133,133,146,146,166,166,193,223,235,266,156,183,183,285,285,300,300,266,255,274,274],"floor_reached":23,"playtime":1297,"items_purged":[],"score":231,"play_id":"ba4761dd-ac26-46b1-a21c-f2d223f34f4a","local_time":"20191019103536","is_ascension_mode":true,"campfire_choices":[{"data":"Blade Dance","floor":6,"key":"SMITH"},{"floor":8,"key":"REST"},{"floor":11,"key":"REST"},{"floor":15,"key":"REST"}],"neow_cost":"NONE","seed_source_timestamp":700776644706200,"circlet_count":0,"master_deck":["Strike_G","Strike_G","Strike_G","Strike_G","Strike_G","Defend_G+1","Defend_G","Defend_G","Defend_G+1","Defend_G","Survivor","Neutralize","Acrobatics","Blade Dance","Blade Dance+1","Blade Dance","Backstab","Bullet Time","Cloak And Dagger","Cloak And Dagger","Tools of the Trade","Cloak And Dagger","Infinite Blades","Footwork","Setup+1","Infinite Blades"],"relics":["Ring of the Snake","Vajra","Omamori","MawBank","Bag of Preparation","Lizard Tail"],"potions_floor_usage":[14,16,16],"damage_taken":[{"damage":1,"enemies":"Cultist","floor":1,"turns":3},{"damage":7,"enemies":"Small Slimes","floor":3,"turns":3},{"damage":0,"enemies":"Jaw Worm","floor":5,"turns":3},{"damage":0,"enemies":"Looter","floor":7,"turns":4},{"damage":47,"enemies":"Gremlin Nob","floor":10,"turns":4},{"damage":7,"enemies":"2 Fungi Beasts","floor":12,"turns":3},{"damage":11,"enemies":"Lagavulin","floor":14,"turns":6},{"damage":33,"enemies":"The Guardian","floor":16,"turns":16},{"damage":14,"enemies":"Shell Parasite","floor":18,"turns":9},{"damage":0,"enemies":"2 Thieves","floor":21,"turns":4},{"damage":71,"enemies":"Centurion and Healer","floor":22,"turns":13},{"damage":30,"enemies":"Book of Stabbing","floor":23,"turns":5}],"seed_played":"6992356229312575489","potions_obtained":[{"floor":3,"key":"Energy Potion"},{"floor":7,"key":"Poison Potion"},{"floor":14,"key":"GhostInAJar"},{"floor":21,"key":"SmokeBomb"},{"floor":22,"key":"SkillPotion"}],"is_trial":false,"path_per_floor":["M","?","M","?","M","R","M","R","T","E","R","M","$","E","R","B",null,"M","?","$","M","M","E"],"character_chosen":"THE_SILENT","items_purchased":["Bullet Time","Cloak And Dagger","Footwork"],"campfire_rested":3,"item_purchase_floors":[13,13,20],"current_hp_per_floor":[69,69,62,48,48,48,48,69,69,22,43,36,36,25,46,13,70,56,56,56,56,30,0],"gold":274,"neow_bonus":"RANDOM_COMMON_RELIC","is_prod":false,"is_daily":false,"chose_seed":false,"campfire_upgraded":1,"win_rate":0,"timestamp":1571474136,"path_taken":["M","?","M","?","?","R","M","R","T","E","R","M","$","E","R","BOSS","M","?","$","M","M","E"],"build_version":"2019-07-17","purchased_purges":0,"victory":false,"max_hp_per_floor":[70,70,70,70,70,70,70,70,70,70,70,70,70,70,70,70,70,70,70,70,70,70,70],"card_choices":[{"not_picked":["Outmaneuver","Dodge and Roll"],"picked":"Acrobatics","floor":1},{"not_picked":["Endless Agony","Eviscerate"],"picked":"Blade Dance","floor":3},{"not_picked":["Reflex","Poisoned Stab"],"picked":"Blade Dance","floor":5},{"not_picked":["Prepared","Dagger Spray"],"picked":"Blade Dance","floor":7},{"not_picked":["Underhanded Strike","Sucker Punch","Tactician"],"picked":"SKIP","floor":10},{"not_picked":["Quick Slash","Skewer"],"picked":"Backstab","floor":12},{"not_picked":["Bane","Dodge and Roll"],"picked":"Cloak And Dagger","floor":14},{"not_picked":["Wraith Form v2","Night Terror"],"picked":"Tools of the Trade","floor":16},{"not_picked":["Masterful Stab","Slice"],"picked":"Cloak And Dagger","floor":18},{"not_picked":["Slice+1","PiercingWail+1"],"picked":"Setup+1","floor":21},{"not_picked":["Predator","Dagger Spray"],"picked":"Infinite Blades","floor":22}],"player_experience":385584,"relics_obtained":[{"floor":9,"key":"Omamori"},{"floor":10,"key":"MawBank"},{"floor":14,"key":"Bag of Preparation"}],"event_choices":[{"damage_healed":0,"gold_gain":0,"player_choice":"Leave","damage_taken":0,"max_hp_gain":0,"max_hp_loss":0,"event_name":"The Cleric","floor":2,"gold_loss":0},{"damage_healed":0,"gold_gain":0,"player_choice":"Entered Light","damage_taken":14,"max_hp_gain":0,"max_hp_loss":0,"event_name":"Shining Light","floor":4,"gold_loss":0,"cards_upgraded":["Defend_G","Defend_G"]},{"damage_healed":0,"gold_gain":0,"player_choice":"Read","damage_taken":0,"max_hp_gain":0,"max_hp_loss":0,"event_name":"The Library","floor":19,"gold_loss":0,"cards_obtained":["Infinite Blades"]}],"is_beta":false,"boss_relics":[{"not_picked":["Fusion Hammer","Sozu"],"picked":"Lizard Tail"}],"items_purged_floors":[],"is_endless":false,"potions_floor_spawned":[3,7,14,21,22],"killed_by":"Book of Stabbing","ascension_level":3}