{"gold_per_floor":[109,126,85,97,97,97,117,117,143,243,259,279,295,4,4,104,104,115,115],"floor_reached":19,"playtime":882,"items_purged":[],"score":161,"play_id":"3a92e1f8-3c5f-4348-9fd6-78e4f2e7f6bb","local_time":"20190929203319","is_ascension_mode":false,"campfire_choices":[{"data":"Noxious Fumes","floor":6,"key":"SMITH"},{"floor":8,"key":"REST"},{"floor":15,"key":"REST"}],"neow_cost":"PERCENT_DAMAGE","seed_source_timestamp":253265656664400,"circlet_count":0,"master_deck":["Strike_G","Strike_G","Strike_G","Strike_G","Strike_G","Defend_G","Defend_G","Defend_G","Defend_G","Defend_G","Survivor","Neutralize","Flying Knee","Poisoned Stab","Bane","Crippling Poison","Adrenaline","Footwork"],"relics":["Ring of the Snake","Bird Faced Urn","Pen Nib","Anchor","The Specimen","Velvet Choker"],"potions_floor_usage":[16],"damage_taken":[{"damage":2,"enemies":"2 Louse","floor":1,"turns":3},{"damage":2,"enemies":"Small Slimes","floor":2,"turns":4},{"damage":6,"enemies":"Cultist","floor":4,"turns":4},{"damage":6,"enemies":"Lots of Slimes","floor":7,"turns":4},{"damage":0,"enemies":"Large Slime","floor":11,"turns":5},{"damage":0,"enemies":"Looter","floor":12,"turns":2},{"damage":0,"enemies":"Exordium Wildlife","floor":13,"turns":3},{"damage":26,"enemies":"Hexaghost","floor":16,"turns":9},{"damage":0,"enemies":"Chosen","floor":18,"turns":4}],"seed_played":"6996932590113903672","potions_obtained":[{"floor":1,"key":"Weak Potion"},{"floor":4,"key":"SpeedPotion"},{"floor":12,"key":"Ancient Potion"},{"floor":13,"key":"SpeedPotion"}],"is_trial":false,"path_per_floor":["M","M","?","M","?","R","M","R","T","?","M","M","M","$","R","B",null,"M","?"],"character_chosen":"THE_SILENT","items_purchased":["The Specimen"],"campfire_rested":2,"item_purchase_floors":[14],"current_hp_per_floor":[47,45,45,41,16,16,12,33,33,33,35,35,37,37,58,34,70,70,70],"gold":115,"neow_bonus":"ONE_RARE_RELIC","is_prod":false,"is_daily":false,"chose_seed":false,"campfire_upgraded":1,"win_rate":0.0,"timestamp":1569781999,"path_taken":["M","M","?","M","?","R","M","R","T","?","M","?","?","$","R","BOSS","M","?"],"build_version":"2019-07-17","purchased_purges":0,"victory":false,"max_hp_per_floor":[70,70,70,70,70,70,70,70,70,70,70,70,70,70,70,70,70,70,70],"card_choices":[{"not_picked":["Calculated Gamble","Slice"],"picked":"Flying Knee","floor":1},{"not_picked":["Terror","Expertise"],"picked":"Noxious Fumes","floor":2},{"not_picked":["Dagger Throw","Caltrops","Sucker Punch"],"picked":"SKIP","floor":4},{"not_picked":["Infinite Blades","Well Laid Plans"],"picked":"Poisoned Stab","floor":7},{"not_picked":["Reflex","Choke"],"picked":"Bane","floor":11},{"not_picked":["Bane","Dodge and Roll"],"picked":"Crippling Poison","floor":12},{"not_picked":["Quick Slash","Flechettes","Eviscerate"],"picked":"SKIP","floor":13},{"not_picked":["Phantasmal Killer","Malaise"],"picked":"Adrenaline","floor":16},{"not_picked":["Blade Dance","Tactician"],"picked":"Footwork","floor":18}],"player_experience":72234,"relics_obtained":[{"floor":9,"key":"Anchor"}],"event_choices":[{"damage_healed":0,"gold_gain":0,"player_choice":"Left Gold","damage_taken":0,"max_hp_gain":0,"max_hp_loss":0,"event_name":"World of Goop","floor":3,"gold_loss":41},{"damage_healed":0,"gold_gain":0,"player_choice":"Success","damage_taken":25,"relics_obtained":["Pen Nib"],"max_hp_gain":0,"max_hp_loss":0,"event_name":"Scrap Ooze","floor":5,"gold_loss":0},{"damage_healed":0,"gold_gain":100,"player_choice":"Gold","damage_taken":0,"max_hp_gain":0,"max_hp_loss":0,"event_name":"Wheel of Change","floor":10,"gold_loss":0},{"cards_removed":["Noxious Fumes"],"damage_healed":0,"gold_gain":0,"player_choice":"Elegance","damage_taken":0,"max_hp_gain":0,"max_hp_loss":0,"event_name":"Back to Basics","floor":19,"gold_loss":0}],"is_beta":false,"boss_relics":[{"not_picked":["Snecko Eye","Calling Bell"],"picked":"Velvet Choker"}],"items_purged_floors":[],"is_endless":false,"potions_floor_spawned":[1,4,12,13],"ascension_level":0}