{"gold_per_floor":[111,129,129,19,37,37,66,84,84,84,103,132,142,42,42,139,139,64,76,76,92,92,92,111,143,143,173,173,200,200,29,29,134,134,152,168,168,20,35,35,35,35,35,35,135,135,135,168,168,168],"floor_reached":51,"playtime":4399,"items_purged":["Strike_G","Strike_G"],"score":868,"play_id":"27851468-d876-4eab-9ead-5fe27a499fd5","local_time":"20190921140516","is_ascension_mode":true,"campfire_choices":[{"data":"Neutralize","floor":6,"key":"SMITH"},{"data":"Noxious Fumes","floor":10,"key":"SMITH"},{"data":"Footwork","floor":15,"key":"SMITH"},{"floor":23,"key":"REST"},{"data":"Corpse Explosion","floor":28,"key":"SMITH"},{"data":"Deflect","floor":30,"key":"SMITH"},{"floor":32,"key":"REST"},{"data":"Tools of the Trade","floor":40,"key":"SMITH"},{"data":"Madness","floor":41,"key":"SMITH"},{"data":"Noxious Fumes","floor":42,"key":"SMITH"},{"data":"Blur","floor":44,"key":"SMITH"},{"data":"Deflect","floor":49,"key":"SMITH"}],"neow_cost":"NONE","seed_source_timestamp":597115803569000,"circlet_count":0,"master_deck":["Strike_G+1","Defend_G","Defend_G","Defend_G","Defend_G","Survivor","Neutralize+1","Noxious Fumes+1","Footwork+1","Backflip","Flying Knee+1","Corpse Explosion+1","Dagger Spray+1","Deflect+1","Deadly Poison","Blur+1","Deflect+1","Flying Knee","Madness+1","Tools of the Trade+1","Noxious Fumes+1","Adrenaline"],"relics":["Ring of the Snake","Bag of Preparation","Bottled Tornado","Thread and Needle","Ginger","Astrolabe","Torii","Whetstone","Snake Skull","WingedGreaves","Cursed Key","Strawberry","Girya","PreservedInsect","Mummified Hand"],"potions_floor_usage":[11,16,18,25,25,29,39,48,50,50,50,50],"damage_taken":[{"damage":0,"enemies":"Cultist","floor":1,"turns":4},{"damage":0,"enemies":"2 Louse","floor":2,"turns":3},{"damage":0,"enemies":"Jaw Worm","floor":5,"turns":7},{"damage":2,"enemies":"Lagavulin","floor":7,"turns":10},{"damage":0,"enemies":"Exordium Wildlife","floor":8,"turns":5},{"damage":0,"enemies":"Gremlin Gang","floor":11,"turns":4},{"damage":5,"enemies":"3 Sentries","floor":12,"turns":8},{"damage":0,"enemies":"Looter","floor":13,"turns":4},{"damage":8,"enemies":"Hexaghost","floor":16,"turns":12},{"damage":0,"enemies":"2 Thieves","floor":18,"turns":5},{"damage":3,"enemies":"Shell Parasite","floor":19,"turns":6},{"damage":6,"enemies":"Chosen and Byrds","floor":21,"turns":6},{"damage":0,"enemies":"Cultist and Chosen","floor":24,"turns":5},{"damage":16,"enemies":"Slavers","floor":25,"turns":4},{"damage":0,"enemies":"Book of Stabbing","floor":27,"turns":5},{"damage":12,"enemies":"Slavers","floor":29,"turns":3},{"damage":15,"enemies":"Automaton","floor":33,"turns":10},{"damage":0,"enemies":"3 Shapes","floor":35,"turns":4},{"damage":19,"enemies":"3 Darklings","floor":36,"turns":3},{"damage":6,"enemies":"Sphere and 2 Shapes","floor":39,"turns":6},{"damage":0,"enemies":"Mind Bloom Boss Battle","floor":45,"turns":7},{"damage":0,"enemies":"Reptomancer","floor":48,"turns":5},{"damage":0,"enemies":"Awakened One","floor":50,"turns":14}],"seed_played":"-4694537575854368167","potions_obtained":[{"floor":5,"key":"GhostInAJar"},{"floor":7,"key":"AttackPotion"},{"floor":12,"key":"Block Potion"},{"floor":13,"key":"PowerPotion"},{"floor":19,"key":"Weak Potion"},{"floor":21,"key":"Swift Potion"},{"floor":25,"key":"AttackPotion"},{"floor":35,"key":"Regen Potion"},{"floor":37,"key":"EntropicBrew"},{"floor":39,"key":"Fire Potion"},{"floor":45,"key":"Strength Potion"}],"is_trial":false,"path_per_floor":["M","M","?","$","M","R","E","M","T","R","M","E","M","$","R","B",null,"M","M","?","M","?","R","M","E","T","E","R","E","R","$","R","B",null,"M","M","?","$","M","R","R","R","T","R","?","?","?","E","R","B",null],"character_chosen":"THE_SILENT","items_purchased":["Footwork","Deflect","Flying Knee","Madness","Strawberry"],"campfire_rested":2,"item_purchase_floors":[4,31,31,31,38],"current_hp_per_floor":[70,70,70,70,70,70,68,68,68,68,68,63,63,63,63,55,70,70,67,51,45,32,54,54,38,38,38,38,26,26,26,48,33,75,75,56,56,63,72,72,72,72,72,72,72,72,72,72,72,72],"gold":168,"neow_bonus":"RANDOM_COMMON_RELIC","is_prod":false,"is_daily":false,"chose_seed":false,"campfire_upgraded":10,"win_rate":1,"timestamp":1569096316,"path_taken":["M","?","?","$","M","R","E","?","T","R","M","E","?","?","R","BOSS","M","M","?","M","?","R","M","E","T","E","R","E","R","$","R","BOSS","M","M","?","$","?","R","R","R","T","R","?","?","?","E","R","BOSS"],"build_version":"2019-07-17","purchased_purges":2,"victory":true,"max_hp_per_floor":[70,70,70,70,70,70,70,70,70,70,70,70,70,70,70,70,70,70,70,70,70,75,75,75,75,75,75,75,75,75,75,75,75,75,75,75,75,82,82,82,82,82,82,82,82,82,82,82,82,82],"card_choices":[{"not_picked":["Dodge and Roll","Calculated Gamble"],"picked":"Noxious Fumes","floor":1},{"not_picked":["Underhanded Strike","Outmaneuver","Eviscerate"],"picked":"SKIP","floor":2},{"not_picked":["Blade Dance","Bane"],"picked":"Backflip","floor":5},{"not_picked":["Bouncing Flask","Skewer","Glass Knife"],"picked":"SKIP","floor":7},{"not_picked":["Terror","Eviscerate","Quick Slash"],"picked":"SKIP","floor":8},{"not_picked":["Finisher","Dagger Spray"],"picked":"Flying Knee","floor":11},{"not_picked":["Distraction","Bouncing Flask","Riddle With Holes"],"picked":"SKIP","floor":12},{"not_picked":["PiercingWail","Slice","Die Die Die"],"picked":"SKIP","floor":13},{"not_picked":["Doppelganger","Wraith Form v2"],"picked":"Corpse Explosion","floor":16},{"not_picked":["Dagger Spray","Quick Slash"],"picked":"Deflect","floor":18},{"not_picked":["Distraction","Terror","Dagger Spray"],"picked":"SKIP","floor":19},{"not_picked":["Reflex","Sucker Punch","Slice"],"picked":"SKIP","floor":21},{"not_picked":["All Out Attack","Prepared+1","Escape Plan+1"],"picked":"SKIP","floor":24},{"not_picked":["Dagger Spray","Flechettes"],"picked":"Deadly Poison","floor":25},{"not_picked":["Distraction+1","Crippling Poison"],"picked":"Blur","floor":27},{"not_picked":["Eviscerate","Wraith Form v2","Terror"],"picked":"SKIP","floor":29},{"not_picked":["Night Terror","Corpse Explosion"],"picked":"Tools of the Trade","floor":33},{"not_picked":["Acrobatics+1","Infinite Blades"],"picked":"Noxious Fumes","floor":35},{"not_picked":["Poisoned Stab+1","Dodge and Roll","Blade Dance+1"],"picked":"SKIP","floor":36},{"not_picked":["Endless Agony+1","Blade Dance","Dodge and Roll"],"picked":"SKIP","floor":39},{"not_picked":["Terror+1","Riddle With Holes"],"picked":"Adrenaline","floor":48}],"player_experience":28558,"relics_obtained":[{"floor":7,"key":"Bottled Tornado"},{"floor":9,"key":"Thread and Needle"},{"floor":12,"key":"Ginger"},{"floor":25,"key":"Torii"},{"floor":26,"key":"Whetstone"},{"floor":27,"key":"Snake Skull"},{"floor":29,"key":"WingedGreaves"},{"floor":45,"key":"Girya"},{"floor":48,"key":"Mummified Hand"}],"event_choices":[{"damage_healed":0,"gold_gain":0,"player_choice":"Bought 0 Potions","damage_taken":0,"max_hp_gain":0,"max_hp_loss":0,"event_name":"The Woman in Blue","floor":3,"gold_loss":0},{"damage_healed":0,"gold_gain":0,"player_choice":"Obtained Book","damage_taken":16,"max_hp_gain":0,"max_hp_loss":0,"event_name":"Cursed Tome","floor":20,"gold_loss":0},{"damage_healed":0,"gold_gain":0,"player_choice":"Shed Blood","damage_taken":18,"max_hp_gain":5,"max_hp_loss":0,"event_name":"Forgotten Altar","floor":22,"gold_loss":0},{"damage_healed":0,"gold_gain":0,"player_choice":"Got Potions","damage_taken":0,"max_hp_gain":0,"max_hp_loss":0,"event_name":"Lab","floor":37,"gold_loss":0},{"damage_healed":0,"gold_gain":0,"player_choice":"Fight","damage_taken":0,"max_hp_gain":0,"max_hp_loss":0,"event_name":"MindBloom","floor":45,"gold_loss":0},{"cards_removed":["Sucker Punch"],"damage_healed":0,"gold_gain":0,"player_choice":"Removed Attack","damage_taken":0,"max_hp_gain":0,"max_hp_loss":0,"event_name":"Falling","floor":46,"gold_loss":0},{"cards_removed":["Caltrops"],"damage_healed":0,"gold_gain":0,"player_choice":"Gave Card","damage_taken":0,"relics_obtained":["PreservedInsect"],"max_hp_gain":0,"max_hp_loss":0,"event_name":"WeMeetAgain","floor":47,"gold_loss":0}],"is_beta":false,"boss_relics":[{"not_picked":["Eternal Feather","HoveringKite"],"picked":"Astrolabe"},{"not_picked":["Runic Pyramid","White Beast Statue"],"picked":"Cursed Key"}],"items_purged_floors":[4,14],"is_endless":false,"potions_floor_spawned":[5,7,12,13,19,21,24,25,35,39,45],"ascension_level":2}