{"gold_per_floor":[113,126,145,320,340,340,56,69,96,2,15,28,28,41,41,138,138,155,14,14,28,28],"floor_reached":22,"playtime":5313,"items_purged":[],"score":205,"play_id":"a0fb6683-cae0-4668-8dc4-931ad0b0dd9d","local_time":"20180629171659","is_ascension_mode":false,"campfire_choices":[{"floor":6,"key":"REST"},{"data":"Outmaneuver","floor":13,"key":"SMITH"},{"floor":15,"key":"REST"}],"neow_cost":"","seed_source_timestamp":1276989525840124,"circlet_count":0,"master_deck":["Defend_G","Defend_G","Defend_G","Defend_G","Defend_G","Strike_G","Strike_G","Strike_G","Strike_G","Strike_G","Survivor","Neutralize","Deadly Poison","Distraction","Slice","Doubt","Deadly Poison","Underhanded Strike","Choke","Backstab","Deadly Poison","Outmaneuver+1","Dagger Spray","Poisoned Stab","Venomology","Deadly Poison","Footwork","Heel Hook","Terror"],"relics":["Ring of the Snake","Pear","Boot","Philosopher\u0027s Stone","Vajra"],"potions_floor_usage":[16,16,16,22],"damage_taken":[{"damage":4,"enemies":"2 Louse","floor":1,"turns":3},{"damage":10,"enemies":"Small Slimes","floor":2,"turns":3},{"damage":1,"enemies":"Cultist","floor":3,"turns":3},{"damage":14,"enemies":"Gremlin Gang","floor":5,"turns":9},{"damage":14,"enemies":"Lots of Slimes","floor":8,"turns":7},{"damage":11,"enemies":"Exordium Thugs","floor":11,"turns":4},{"damage":6,"enemies":"3 Louse","floor":12,"turns":3},{"damage":16,"enemies":"Lots of Slimes","floor":14,"turns":3},{"damage":39,"enemies":"Hexaghost","floor":16,"turns":9},{"damage":0,"enemies":"Chosen","floor":18,"turns":3},{"damage":62,"enemies":"3 Byrds","floor":21,"turns":4},{"damage":23,"enemies":"Slaver and Parasite","floor":22,"turns":1}],"seed_played":"8583617889128815942","potions_obtained":[{"floor":2,"key":"SneckoOil"},{"floor":3,"key":"SkillPotion"},{"floor":5,"key":"PowerPotion"},{"floor":12,"key":"GhostInAJar"},{"floor":14,"key":"FearPotion"},{"floor":21,"key":"Ancient Potion"}],"is_trial":false,"path_per_floor":["M","M","M","?","M","R","$","M","T","$","M","M","R","M","R","B",null,"M","$","?","M"],"character_chosen":"THE_SILENT","items_purchased":["Underhanded Strike","Pear","Backstab","Deadly Poison","Footwork","Heel Hook"],"campfire_rested":2,"item_purchase_floors":[7,7,10,10,19,19],"current_hp_per_floor":[66,56,55,55,41,62,72,58,58,58,47,41,41,25,49,10,80,80,80,80,18,0],"gold":28,"neow_bonus":"","is_prod":false,"is_daily":false,"chose_seed":false,"campfire_upgraded":1,"win_rate":0.0,"timestamp":1530281819,"path_taken":["M","M","M","?","?","R","$","?","T","?","M","M","R","M","R","BOSS","M","?","?","M","M"],"build_version":"2018-06-28","purchased_purges":0,"victory":false,"max_hp_per_floor":[70,70,70,70,70,70,80,80,80,80,80,80,80,80,80,80,80,80,80,80,80,80],"card_choices":[{"not_picked":["Dagger Throw","Poisoned Stab"],"picked":"Deadly Poison","floor":1},{"not_picked":["Well Laid Plans","Envenom"],"picked":"Distraction","floor":2},{"not_picked":["Predator","Underhanded Strike"],"picked":"Slice","floor":3},{"not_picked":["Skewer","Blur"],"picked":"Deadly Poison","floor":5},{"not_picked":["Slice","Predator"],"picked":"Choke","floor":8},{"not_picked":["PiercingWail","Escape Plan"],"picked":"Outmaneuver","floor":11},{"not_picked":["Riddle With Holes","Outmaneuver"],"picked":"Dagger Spray","floor":12},{"not_picked":["Flechettes","Eviscerate"],"picked":"Poisoned Stab","floor":14},{"not_picked":["A Thousand Cuts","Phantasmal Killer"],"picked":"Venomology","floor":16},{"not_picked":["Outmaneuver+1","Poisoned Stab"],"picked":"Deadly Poison","floor":18},{"not_picked":["Prepared","PiercingWail+1"],"picked":"Terror","floor":21}],"player_experience":3611,"relics_obtained":[{"floor":9,"key":"Boot"}],"event_choices":[{"event_name":"Liars Game","player_choice":"agreed","floor":4,"damage_taken":0},{"event_name":"Wheel of Change","player_choice":"Relic","floor":20,"damage_taken":0}],"boss_relics":[{"not_picked":["Ectoplasm","Snecko Eye"],"picked":"Philosopher\u0027s Stone"}],"items_purged_floors":[],"is_endless":false,"potions_floor_spawned":[2,3,5,12,14,21],"killed_by":"Slaver and Parasite","ascension_level":0}