{"gold_per_floor":[119,9,9,9,28,62,77,77,77,109,125,135,156,183,183,285,335,317,262,32,32,32,57,57,7,79,79,93,21,36,46,46,147,147,157,157,173,188,203,203,213,213,213,213,225,225,235,41,41,41],"floor_reached":50,"playtime":2835,"items_purged":["Strike_G"],"score":580,"play_id":"ade92e2f-6b1c-44ed-b6f7-0b97391e4d62","local_time":"20191012154258","is_ascension_mode":true,"campfire_choices":[{"data":"Caltrops","floor":8,"key":"SMITH"},{"floor":15,"key":"REST"},{"data":"Noxious Fumes","floor":24,"key":"SMITH"},{"data":"1","floor":27,"key":"LIFT"},{"floor":32,"key":"REST"},{"data":"Footwork","floor":40,"key":"SMITH"},{"data":"Blur","floor":42,"key":"SMITH"},{"data":"Footwork","floor":44,"key":"SMITH"},{"data":"Caltrops","floor":46,"key":"SMITH"},{"floor":49,"key":"REST"}],"neow_cost":"NONE","seed_source_timestamp":112873348989100,"circlet_count":0,"master_deck":["Strike_G","Strike_G","Strike_G","Defend_G","Defend_G","Defend_G","Defend_G","Defend_G","Survivor","Neutralize","Poisoned Stab","Footwork","Escape Plan","Caltrops+1","Heel Hook+1","Deflect","Deflect","Quick Slash","After Image","Adrenaline","Backstab","Cloak And Dagger+1","Bouncing Flask","Noxious Fumes+1","Dagger Throw+1","Footwork+1","Caltrops+1","Sucker Punch+1","Footwork+1","After Image","Backstab","Heel Hook+1","Dodge and Roll+1","Blur+1","Quick Slash+1","Bouncing Flask"],"relics":["Ring of the Snake","Girya","Ginger","Darkstone Periapt","Odd Mushroom","The Specimen","Tiny House","Tiny Chest","Meat on the Bone","Mercury Hourglass","Frozen Egg 2","Bronze Scales"],"potions_floor_usage":[1,10,10,16,17,23,33,37,41,41,50],"damage_taken":[{"damage":0,"enemies":"Cultist","floor":1,"turns":5},{"damage":3,"enemies":"Small Slimes","floor":5,"turns":5},{"damage":11,"enemies":"Lagavulin","floor":6,"turns":10},{"damage":0,"enemies":"Jaw Worm","floor":7,"turns":5},{"damage":6,"enemies":"Gremlin Nob","floor":10,"turns":5},{"damage":1,"enemies":"Blue Slaver","floor":11,"turns":4},{"damage":1,"enemies":"3 Louse","floor":12,"turns":3},{"damage":30,"enemies":"The Mushroom Lair","floor":13,"turns":4},{"damage":7,"enemies":"Lagavulin","floor":14,"turns":9},{"damage":33,"enemies":"Slime Boss","floor":16,"turns":14},{"damage":16,"enemies":"2 Thieves","floor":18,"turns":4},{"damage":8,"enemies":"Book of Stabbing","floor":23,"turns":5},{"damage":0,"enemies":"3 Byrds","floor":28,"turns":2},{"damage":22,"enemies":"Centurion and Healer","floor":30,"turns":5},{"damage":9,"enemies":"Snake Plant","floor":31,"turns":4},{"damage":44,"enemies":"Champ","floor":33,"turns":14},{"damage":1,"enemies":"Orb Walker","floor":35,"turns":5},{"damage":6,"enemies":"3 Shapes","floor":37,"turns":4},{"damage":35,"enemies":"Jaw Worm Horde","floor":38,"turns":6},{"damage":10,"enemies":"4 Shapes","floor":39,"turns":6},{"damage":19,"enemies":"Transient","floor":41,"turns":5},{"damage":0,"enemies":"Maw","floor":45,"turns":8},{"damage":39,"enemies":"Spire Growth","floor":47,"turns":7},{"damage":75,"enemies":"Awakened One","floor":50,"turns":6}],"seed_played":"7605408094151681053","potions_obtained":[{"floor":0,"key":"Block Potion"},{"floor":0,"key":"Fruit Juice"},{"floor":0,"key":"Dexterity Potion"},{"floor":6,"key":"Poison Potion"},{"floor":11,"key":"Energy Potion"},{"floor":16,"key":"Explosive Potion"},{"floor":17,"key":"Fruit Juice"},{"floor":23,"key":"FearPotion"},{"floor":28,"key":"FearPotion"},{"floor":30,"key":"Fire Potion"},{"floor":35,"key":"Energy Potion"},{"floor":36,"key":"FairyPotion"},{"floor":36,"key":"PowerPotion"},{"floor":37,"key":"Poison Potion"},{"floor":41,"key":"SpeedPotion"}],"is_trial":false,"path_per_floor":["M","$","?","?","M","E","M","R","T","E","M","M","?","E","R","B",null,"M","?","$","?","?","E","R","?","T","R","M","$","M","M","R","B",null,"M","?","M","M","M","R","M","R","T","R","M","R","M","$","R","B"],"character_chosen":"THE_SILENT","items_purchased":["Footwork","Escape Plan","Bouncing Flask","Noxious Fumes","Caltrops","Bronze Scales","Bouncing Flask"],"campfire_rested":3,"item_purchase_floors":[2,2,20,20,29,48,48],"current_hp_per_floor":[75,75,68,75,72,61,61,61,61,55,54,53,23,16,38,5,85,69,69,69,69,53,45,45,45,45,45,57,57,47,50,77,45,90,89,89,83,48,50,50,43,43,43,43,55,55,28,28,55,0],"gold":41,"neow_bonus":"THREE_SMALL_POTIONS","is_prod":false,"is_daily":false,"chose_seed":false,"campfire_upgraded":6,"win_rate":0,"timestamp":1570887778,"path_taken":["M","$","?","?","M","E","M","R","T","E","M","?","?","E","R","BOSS","M","?","$","?","?","E","R","?","T","R","M","$","?","M","R","BOSS","M","?","M","M","M","R","M","R","T","R","M","R","?","$","R","BOSS"],"build_version":"2019-07-17","purchased_purges":1,"victory":false,"max_hp_per_floor":[75,75,75,75,75,75,75,75,75,75,75,75,75,75,75,75,85,85,85,85,85,90,90,90,90,90,90,90,90,90,90,90,90,90,90,90,90,90,90,90,90,90,90,90,90,90,90,90,90,90],"card_choices":[{"not_picked":["Sucker Punch","Cloak And Dagger"],"picked":"Poisoned Stab","floor":1},{"not_picked":["Dagger Spray","Slice"],"picked":"Caltrops","floor":5},{"not_picked":["Corpse Explosion","Crippling Poison"],"picked":"Heel Hook","floor":6},{"not_picked":["Tactician","PiercingWail"],"picked":"Deflect","floor":7},{"not_picked":["Cloak And Dagger","Reflex"],"picked":"Deflect","floor":10},{"not_picked":["Deflect","Tactician"],"picked":"Quick Slash","floor":11},{"not_picked":["All Out Attack","Outmaneuver","Dagger Spray"],"picked":"SKIP","floor":12},{"not_picked":["Cloak And Dagger","Quick Slash"],"picked":"After Image","floor":13},{"not_picked":["Masterful Stab","Dodge and Roll","Dagger Spray"],"picked":"SKIP","floor":14},{"not_picked":["Night Terror","Die Die Die"],"picked":"Adrenaline","floor":16},{"not_picked":["Backflip","Slice"],"picked":"Backstab","floor":17},{"not_picked":["Underhanded Strike","Escape Plan"],"picked":"Cloak And Dagger+1","floor":18},{"not_picked":["Underhanded Strike+1","Predator"],"picked":"Dagger Throw+1","floor":23},{"not_picked":["Underhanded Strike+1","Deflect+1"],"picked":"Footwork","floor":28},{"not_picked":["Cloak And Dagger","Outmaneuver"],"picked":"Sucker Punch+1","floor":30},{"not_picked":["Infinite Blades","Slice"],"picked":"Footwork","floor":31},{"not_picked":["Grand Finale","Envenom"],"picked":"After Image","floor":33},{"not_picked":["PiercingWail+1","Calculated Gamble","Dagger Spray+1"],"picked":"SKIP","floor":35},{"not_picked":["Dagger Spray","Slice"],"picked":"Backstab","floor":37},{"not_picked":["Flying Knee","Sucker Punch+1"],"picked":"Heel Hook+1","floor":38},{"not_picked":["Deflect+1","Backflip"],"picked":"Dodge and Roll+1","floor":39},{"not_picked":["Dodge and Roll+1","Terror"],"picked":"Blur","floor":41},{"not_picked":["Dagger Spray+1","Leg Sweep","Concentrate"],"picked":"SKIP","floor":45},{"not_picked":["Flechettes","Slice+1"],"picked":"Quick Slash+1","floor":47}],"player_experience":307872,"relics_obtained":[{"floor":6,"key":"Girya"},{"floor":9,"key":"Ginger"},{"floor":10,"key":"Darkstone Periapt"},{"floor":13,"key":"Odd Mushroom"},{"floor":14,"key":"The Specimen"},{"floor":23,"key":"Meat on the Bone"},{"floor":26,"key":"Mercury Hourglass"},{"floor":43,"key":"Frozen Egg 2"}],"event_choices":[{"cards_removed":["Strike_G"],"damage_healed":0,"gold_gain":0,"player_choice":"Card Removal","damage_taken":7,"max_hp_gain":0,"max_hp_loss":0,"event_name":"Golden Wing","floor":3,"gold_loss":0},{"damage_healed":7,"gold_gain":0,"player_choice":"Full Heal","damage_taken":0,"max_hp_gain":0,"max_hp_loss":0,"event_name":"Wheel of Change","floor":4,"gold_loss":0},{"damage_healed":0,"gold_gain":0,"player_choice":"Fought Mushrooms","damage_taken":0,"max_hp_gain":0,"max_hp_loss":0,"event_name":"Mushrooms","floor":13,"gold_loss":0},{"damage_healed":0,"gold_gain":0,"player_choice":"Obtained Relic","damage_taken":0,"relics_obtained":["Tiny Chest"],"max_hp_gain":0,"max_hp_loss":0,"event_name":"Addict","floor":19,"gold_loss":85},{"damage_healed":0,"gold_gain":0,"player_choice":"Ignored","damage_taken":0,"max_hp_gain":0,"max_hp_loss":0,"event_name":"The Mausoleum","floor":21,"gold_loss":0},{"damage_healed":0,"gold_gain":0,"player_choice":"Shed Blood","damage_taken":21,"max_hp_gain":5,"max_hp_loss":0,"event_name":"Forgotten Altar","floor":22,"gold_loss":0},{"damage_healed":0,"gold_gain":0,"player_choice":"Bet on Owner","damage_taken":0,"max_hp_gain":0,"max_hp_loss":0,"event_name":"The Joust","floor":25,"gold_loss":50},{"damage_healed":0,"gold_gain":0,"player_choice":"Got Potions","damage_taken":0,"max_hp_gain":0,"max_hp_loss":0,"event_name":"Lab","floor":36,"gold_loss":0}],"is_beta":false,"boss_relics":[{"not_picked":["Coffee Dripper","Ectoplasm"],"picked":"Tiny House"},{"not_picked":["Ring of the Serpent","HoveringKite","Philosopher\u0027s Stone"]}],"items_purged_floors":[20],"is_endless":false,"potions_floor_spawned":[6,7,11,16,23,28,30,35,37,39,41],"killed_by":"Awakened One","ascension_level":2}