{"gold_per_floor":[113,113,113,113,73,113,113,152,152,152,70,90,90,109,109,109],"floor_reached":16,"playtime":449,"items_purged":[],"score":122,"play_id":"11ba4aeb-76a0-4e9f-892d-faf1847b37d4","local_time":"20191017082950","is_ascension_mode":true,"campfire_choices":[{"floor":10,"key":"REST"},{"floor":15,"key":"REST"}],"neow_cost":"NONE","seed_source_timestamp":521278504871900,"circlet_count":0,"master_deck":["Strike_B","Strike_B","Strike_B","Strike_B","Defend_B","Defend_B","Defend_B","Defend_B","Zap","Dualcast+1","Force Field","Echo Form+1","Heatsinks","Capacitor","Auto Shields"],"relics":["Cracked Core","Question Card","Golden Idol","Juzu Bracelet","Gremlin Horn","Kunai","Frozen Egg 2"],"potions_floor_usage":[],"damage_taken":[{"damage":7,"enemies":"Small Slimes","floor":1,"turns":2},{"damage":35,"enemies":"3 Sentries","floor":6,"turns":7},{"damage":19,"enemies":"Lagavulin","floor":8,"turns":6},{"damage":7,"enemies":"2 Louse","floor":12,"turns":4},{"damage":15,"enemies":"Cultist","floor":14,"turns":5},{"damage":38,"enemies":"Slime Boss","floor":16,"turns":7}],"seed_played":"-5810706114284574515","potions_obtained":[{"floor":12,"key":"Dexterity Potion"},{"floor":14,"key":"Energy Potion"}],"is_trial":false,"path_per_floor":["M","?","?","?","$","E","?","E","T","R","$","M","?","M","R","B"],"character_chosen":"DEFECT","items_purchased":["Force Field","Capacitor"],"campfire_rested":2,"item_purchase_floors":[5,11],"current_hp_per_floor":[68,73,66,66,66,31,31,12,12,34,34,27,27,12,34,0],"gold":109,"neow_bonus":"UPGRADE_CARD","is_prod":false,"is_daily":false,"chose_seed":false,"campfire_upgraded":0,"win_rate":0,"timestamp":1571293790,"path_taken":["M","?","?","?","$","E","?","E","T","R","?","M","?","M","R","BOSS"],"build_version":"2019-07-17","purchased_purges":0,"victory":false,"max_hp_per_floor":[75,80,80,74,74,74,74,74,74,74,74,74,74,74,74,74],"card_choices":[{"not_picked":["Stack","Go for the Eyes","Redo"],"picked":"SKIP","floor":1},{"not_picked":["Rebound","Turbo","Meteor Strike"],"picked":"Echo Form","floor":6},{"not_picked":["Redo","Aggregate","Melter"],"picked":"Heatsinks","floor":8},{"not_picked":["Redo","Cold Snap","Rip and Tear","Steam"],"picked":"SKIP","floor":12},{"not_picked":["Beam Cell","Sweeping Beam","Turbo"],"picked":"Auto Shields","floor":14}],"player_experience":368971,"relics_obtained":[{"floor":6,"key":"Juzu Bracelet"},{"floor":8,"key":"Gremlin Horn"},{"floor":9,"key":"Kunai"}],"event_choices":[{"damage_healed":0,"gold_gain":0,"player_choice":"Donut","damage_taken":0,"max_hp_gain":5,"max_hp_loss":0,"event_name":"Big Fish","floor":2,"gold_loss":0},{"damage_healed":0,"gold_gain":0,"player_choice":"Success","damage_taken":7,"relics_obtained":["Question Card"],"max_hp_gain":0,"max_hp_loss":0,"event_name":"Scrap Ooze","floor":3,"gold_loss":0},{"damage_healed":0,"gold_gain":0,"player_choice":"Lose Max HP","damage_taken":0,"relics_obtained":["Golden Idol"],"max_hp_gain":0,"max_hp_loss":6,"event_name":"Golden Idol","floor":4,"gold_loss":0},{"damage_healed":0,"gold_gain":0,"player_choice":"Grow","damage_taken":0,"max_hp_gain":0,"max_hp_loss":0,"event_name":"Living Wall","floor":7,"gold_loss":0,"cards_upgraded":["Echo Form"]},{"damage_healed":0,"gold_gain":0,"player_choice":"Gave Potion","damage_taken":0,"relics_obtained":["Frozen Egg 2"],"max_hp_gain":0,"max_hp_loss":0,"event_name":"WeMeetAgain","floor":13,"gold_loss":0}],"is_beta":false,"boss_relics":[],"items_purged_floors":[],"is_endless":false,"potions_floor_spawned":[12,14],"killed_by":"Slime Boss","ascension_level":3}