{"gold_per_floor":[117,117,49,69,69,69,87,87,87,49,65,65,82,101,101,206,206,225,324,341,367,243,263,263,279,279,290,290,138,152,27,27,122,122,136,153,153,82,82,93,109,109,109,122,24,35,35,35,35,35],"floor_reached":50,"playtime":1466,"items_purged":["Strike_R","Strike_R","Strike_R"],"score":461,"play_id":"dd702dcc-151a-4de1-8b90-fea490b9c658","local_time":"20190926020000","is_ascension_mode":false,"campfire_choices":[{"data":"Whirlwind","floor":6.0,"key":"SMITH"},{"data":"Corruption","floor":8.0,"key":"SMITH"},{"data":"Second Wind","floor":15.0,"key":"SMITH"},{"data":"Flex","floor":24.0,"key":"SMITH"},{"data":"Offering","floor":28.0,"key":"SMITH"},{"floor":32.0,"key":"REST"},{"floor":49.0,"key":"REST"}],"neow_cost":"NONE","seed_source_timestamp":292224106667969,"circlet_count":0,"master_deck":["Strike_R","Defend_R","Defend_R","Defend_R","Defend_R","Bash","Shrug It Off","Corruption+1","Whirlwind+1","Power Through","Second Wind+1","Offering+1","Offering","Flex+1","Thunderclap","Body Slam+1","Pommel Strike+1","Evolve","Deep Breath","Entrench+1"],"special_seed":0,"relics":["Burning Blood","Art of War"],"potions_floor_usage":[50],"damage_taken":[{"damage":7.0,"enemies":"Small Slimes","floor":1.0,"turns":4.0},{"damage":0.0,"enemies":"2 Louse","floor":4.0,"turns":4.0},{"damage":1.0,"enemies":"Jaw Worm","floor":7.0,"turns":3.0},{"damage":0.0,"enemies":"3 Louse","floor":11.0,"turns":1.0},{"damage":8.0,"enemies":"Lots of Slimes","floor":13.0,"turns":3.0},{"damage":7.0,"enemies":"Large Slime","floor":14.0,"turns":7.0},{"damage":73.0,"enemies":"The Guardian","floor":16.0,"turns":19.0},{"damage":22.0,"enemies":"Shell Parasite","floor":18.0,"turns":6.0},{"damage":12.0,"enemies":"2 Thieves","floor":20.0,"turns":1.0},{"damage":14.0,"enemies":"Chosen and Byrds","floor":23.0,"turns":4.0},{"damage":23.0,"enemies":"Cultist and Chosen","floor":25.0,"turns":5.0},{"damage":12.0,"enemies":"Snake Plant","floor":27.0,"turns":3.0},{"damage":9.0,"enemies":"Sentry and Sphere","floor":30.0,"turns":4.0},{"damage":57.0,"enemies":"Collector","floor":33.0,"turns":11.0},{"damage":12.0,"enemies":"3 Darklings","floor":35.0,"turns":1.0},{"damage":6.0,"enemies":"Orb Walker","floor":36.0,"turns":3.0},{"damage":12.0,"enemies":"4 Shapes","floor":40.0,"turns":1.0},{"damage":45.0,"enemies":"Writhing Mass","floor":41.0,"turns":8.0},{"damage":12.0,"enemies":"Transient","floor":44.0,"turns":5.0},{"damage":28.0,"enemies":"Sphere and 2 Shapes","floor":46.0,"turns":4.0},{"damage":22,"enemies":"Awakened One","floor":50,"turns":6}],"seed_played":"-3629274498298209295","potions_obtained":[{"floor":4.0,"key":"Swift Potion"},{"floor":14.0,"key":"SpeedPotion"},{"floor":18.0,"key":"GamblersBrew"},{"floor":20.0,"key":"Energy Potion"},{"floor":23.0,"key":"Weak Potion"},{"floor":33.0,"key":"Swift Potion"},{"floor":40.0,"key":"Energy Potion"}],"is_trial":false,"path_per_floor":["M","?","$","M","?","R","M","R","T","$","M","?","M","M","R","B",null,"M","?","M","T","$","M","R","M","T","M","R","$","M","$","R","B",null,"M","M","?","$","?","M","M","?","T","M","$","M","?","$","R","B"],"character_chosen":"IRONCLAD","items_purchased":["Corruption","Power Through","FearPotion","Body Slam","Evolve","SteroidPotion","Energy Potion"],"campfire_rested":2,"item_purchase_floors":[3,10,22,29,38,45,45],"current_hp_per_floor":[87,87,87,88,81,81,86,86,86,86,88,88,86,85,85,18,88,72,72,66,66,66,58,58,41,41,35,35,35,32,32,58,7,88,82,82,82,82,82,76,37,37,37,31,31,9,9,9,35,13],"gold":35,"neow_bonus":"TEN_PERCENT_HP_BONUS","is_prod":false,"is_daily":false,"chose_seed":false,"campfire_upgraded":5,"win_rate":0,"timestamp":1569434400,"path_taken":["M","?","$","M","?","R","M","R","T","?","M","?","M","?","R","BOSS","M","?","M","?","?","M","R","M","T","?","R","?","M","$","R","BOSS","M","M","?","$","?","M","M","?","T","?","$","M","?","?","R","BOSS"],"build_version":"2019-09-24","purchased_purges":3,"victory":false,"max_hp_per_floor":[88,88,88,88,88,88,88,88,88,88,88,88,88,88,88,88,88,88,88,88,88,88,88,88,88,88,88,88,88,88,88,88,88,88,88,88,88,88,88,88,88,88,88,88,88,88,88,88,88,88],"card_choices":[{"not_picked":["Anger","Headbutt"],"picked":"Shrug It Off","floor":1.0},{"not_picked":["Flame Barrier","Iron Wave"],"picked":"Whirlwind","floor":4.0},{"not_picked":["Wild Strike","Heavy Blade","Headbutt"],"picked":"SKIP","floor":7.0},{"not_picked":["Uppercut","Sword Boomerang","Rage"],"picked":"SKIP","floor":11.0},{"not_picked":["Armaments","Twin Strike"],"picked":"Second Wind","floor":13.0},{"not_picked":["Clothesline","Second Wind"],"picked":"Offering","floor":14.0},{"not_picked":["Immolate","Fiend Fire"],"picked":"Offering","floor":16.0},{"not_picked":["Iron Wave","Warcry","Whirlwind+1"],"picked":"SKIP","floor":18.0},{"not_picked":["Entrench","Rupture","Wild Strike+1"],"picked":"SKIP","floor":20.0},{"not_picked":["Feel No Pain","Clothesline"],"picked":"Flex","floor":23.0},{"not_picked":["Disarm","Sword Boomerang"],"picked":"Thunderclap","floor":25.0},{"not_picked":["Fire Breathing","Heavy Blade+1","Wild Strike+1"],"picked":"SKIP","floor":27.0},{"not_picked":["Spot Weakness","Entrench","Heavy Blade+1"],"picked":"SKIP","floor":30.0},{"not_picked":["Clothesline","Havoc+1"],"picked":"Pommel Strike+1","floor":35.0},{"not_picked":["Infernal Blade","Searing Blow+1","Power Through+1"],"picked":"SKIP","floor":36.0},{"not_picked":["PanicButton","Flash of Steel"],"picked":"Deep Breath","floor":39.0},{"not_picked":["Combust+1","Flex","Warcry"],"picked":"SKIP","floor":40.0},{"not_picked":["Iron Wave","Wild Strike","Havoc+1"],"picked":"SKIP","floor":41.0},{"not_picked":["Power Through+1","Headbutt+1","Iron Wave"],"picked":"SKIP","floor":44.0},{"not_picked":["Power Through","Body Slam"],"picked":"Entrench+1","floor":46.0}],"player_experience":999490,"relics_obtained":[{"floor":21.0,"key":"Art of War"}],"event_choices":[{"damage_healed":0.0,"max_hp_gain":0.0,"max_hp_loss":0.0,"gold_gain":0.0,"event_name":"Scrap Ooze","player_choice":"Fled","floor":2.0,"gold_loss":0.0,"damage_taken":0.0},{"cards_removed":["Strike_R"],"damage_healed":0.0,"max_hp_gain":0.0,"max_hp_loss":0.0,"gold_gain":0.0,"event_name":"Golden Wing","player_choice":"Card Removal","floor":5.0,"gold_loss":0.0,"damage_taken":7.0},{"damage_healed":0.0,"max_hp_gain":0.0,"max_hp_loss":0.0,"gold_gain":0.0,"event_name":"Wheel of Change","player_choice":"Relic","floor":12.0,"gold_loss":0.0,"damage_taken":0.0},{"damage_healed":0.0,"max_hp_gain":0.0,"max_hp_loss":0.0,"gold_gain":99.0,"event_name":"Nest","player_choice":"Stole From Cult","floor":19.0,"gold_loss":0.0,"damage_taken":0.0},{"damage_healed":0.0,"max_hp_gain":0.0,"max_hp_loss":0.0,"gold_gain":0.0,"event_name":"Tomb of Lord Red Mask","player_choice":"Ignored","floor":37.0,"gold_loss":0.0,"damage_taken":0.0},{"damage_healed":0.0,"max_hp_gain":0.0,"max_hp_loss":0.0,"gold_gain":0.0,"event_name":"SensoryStone","player_choice":"Memory 1","floor":39.0,"gold_loss":0.0,"damage_taken":0.0},{"damage_healed":0.0,"max_hp_gain":0.0,"max_hp_loss":0.0,"gold_gain":0.0,"event_name":"Upgrade Shrine","player_choice":"Upgraded","floor":42.0,"gold_loss":0.0,"damage_taken":0.0,"cards_upgraded":["Body Slam"]},{"damage_healed":0.0,"max_hp_gain":0.0,"max_hp_loss":0.0,"gold_gain":0.0,"event_name":"FaceTrader","player_choice":"Leave","floor":47.0,"gold_loss":0.0,"damage_taken":0.0}],"is_beta":true,"boss_relics":[{"not_picked":["SlaversCollar","Mark of Pain","Runic Pyramid"]},{"not_picked":[]}],"items_purged_floors":[22,29,31],"is_endless":false,"potions_floor_spawned":[4,14,18,20,23,33,40],"killed_by":"Awakened One","ascension_level":0}