{"gold_per_floor":[114,114,127,141,91,91,16,31,87,87,87,104,133,97,97,194,194,194,194,194,194,194,194,194,194,194,194,194,194],"floor_reached":29,"playtime":984,"items_purged":["Strike_B"],"score":217,"play_id":"095bc3e6-7b76-4572-b933-f77b6ab670a5","local_time":"20190128022538","is_ascension_mode":false,"campfire_choices":[{"data":"Loop","floor":6,"key":"SMITH"},{"data":"Genetic Algorithm","floor":11,"key":"SMITH"},{"floor":15,"key":"REST"},{"data":"Redo","floor":23,"key":"SMITH"},{"floor":27,"key":"REST"}],"neow_cost":"NONE","seed_source_timestamp":166030738657300,"circlet_count":0,"master_deck":["Strike_B","Strike_B","Defend_B","Defend_B","Defend_B+1","Defend_B","Zap+1","Dualcast","Core Surge","Gash","Loop+1","Genetic Algorithm+1","Redo+1","Loop","Creative AI","Seek","Redo","Gash","Gash"],"relics":["Cracked Core","Tiny Chest","Odd Mushroom","Ectoplasm","Nloth\u0027s Gift","Bottled Lightning"],"potions_floor_usage":[13,16,20,25],"damage_taken":[{"damage":0,"enemies":"Small Slimes","floor":1,"turns":2},{"damage":0,"enemies":"2 Louse","floor":3,"turns":1},{"damage":3,"enemies":"Jaw Worm","floor":4,"turns":3},{"damage":5,"enemies":"Looter","floor":8,"turns":3},{"damage":11,"enemies":"Large Slime","floor":12,"turns":5},{"damage":16,"enemies":"The Mushroom Lair","floor":13,"turns":4},{"damage":26,"enemies":"The Guardian","floor":16,"turns":10},{"damage":11,"enemies":"Chosen","floor":18,"turns":4},{"damage":6,"enemies":"3 Byrds","floor":20,"turns":4},{"damage":14,"enemies":"Centurion and Healer","floor":22,"turns":5},{"damage":21,"enemies":"Snake Plant","floor":24,"turns":4},{"damage":15,"enemies":"Snecko","floor":25,"turns":5},{"damage":10,"enemies":"Centurion and Healer","floor":28,"turns":6},{"damage":21,"enemies":"Snake Plant","floor":29,"turns":1}],"seed_played":"-4830943208161554742","potions_obtained":[{"floor":8,"key":"SkillPotion"},{"floor":12,"key":"SteroidPotion"},{"floor":16,"key":"Fire Potion"},{"floor":18,"key":"PowerPotion"}],"is_trial":false,"path_per_floor":["M","?","M","M","?","R","$","M","T","?","R","M","?","$","R","B",null,"M","?","M","?","M","R","M","M","T","R","M","M"],"character_chosen":"DEFECT","items_purchased":["Loop"],"campfire_rested":2,"item_purchase_floors":[14],"current_hp_per_floor":[75,60,60,57,57,57,57,52,52,52,52,41,25,25,47,21,75,64,64,58,58,44,44,23,8,8,30,20,0],"gold":194,"neow_bonus":"ONE_RANDOM_RARE_CARD","is_prod":false,"is_daily":false,"chose_seed":false,"campfire_upgraded":3,"win_rate":0.0,"timestamp":1548660338,"path_taken":["M","?","M","M","?","R","$","?","T","?","R","M","?","?","R","BOSS","M","?","?","?","?","R","M","M","T","R","M","M"],"build_version":"2019-01-23","purchased_purges":1,"victory":false,"max_hp_per_floor":[75,75,75,75,75,75,75,75,75,75,75,75,75,75,75,75,75,75,75,75,75,75,75,75,75,75,75,75,75],"card_choices":[{"not_picked":["Hologram","Steam","Blizzard"],"picked":"SKIP","floor":1},{"not_picked":["Sweeping Beam","Conserve Battery"],"picked":"Gash","floor":3},{"not_picked":["Streamline","Heatsinks"],"picked":"Loop","floor":4},{"not_picked":["Hyperbeam","Glacier"],"picked":"Genetic Algorithm","floor":8},{"not_picked":["Turbo","Go for the Eyes","Hologram"],"picked":"SKIP","floor":12},{"not_picked":["Coolheaded","Cold Snap"],"picked":"Redo","floor":13},{"not_picked":["Machine Learning","Amplify"],"picked":"Creative AI","floor":16},{"not_picked":["Turbo","Lockon","Force Field"],"picked":"SKIP","floor":18},{"not_picked":["Turbo","Go for the Eyes"],"picked":"Seek","floor":20},{"not_picked":["Coolheaded+1","Doom and Gloom"],"picked":"Redo","floor":22},{"not_picked":["Go for the Eyes","Barrage"],"picked":"Gash","floor":24},{"not_picked":["Coolheaded","Hologram+1","Recycle"],"picked":"SKIP","floor":25},{"not_picked":["All For One","Reinforced Body"],"picked":"Gash","floor":28}],"player_experience":198072,"relics_obtained":[{"floor":9,"key":"Tiny Chest"},{"floor":13,"key":"Odd Mushroom"},{"floor":26,"key":"Bottled Lightning"}],"event_choices":[{"damage_healed":0,"gold_gain":0,"player_choice":"Entered Light","damage_taken":15,"max_hp_gain":0,"max_hp_loss":0,"event_name":"Shining Light","floor":2,"gold_loss":0,"cards_upgraded":["Zap","Defend_B"]},{"cards_removed":["Strike_B"],"damage_healed":0,"gold_gain":0,"player_choice":"Card Removal","damage_taken":0,"max_hp_gain":0,"max_hp_loss":0,"event_name":"The Cleric","floor":5,"gold_loss":50},{"damage_healed":0,"gold_gain":0,"player_choice":"Box","damage_taken":0,"relics_obtained":["Bag of Preparation"],"max_hp_gain":0,"max_hp_loss":0,"event_name":"Big Fish","floor":10,"gold_loss":0,"cards_obtained":["Regret"]},{"damage_healed":0,"gold_gain":0,"player_choice":"Fought Mushrooms","damage_taken":0,"max_hp_gain":0,"max_hp_loss":0,"event_name":"Mushrooms","floor":13,"gold_loss":0},{"damage_healed":0,"gold_gain":0,"player_choice":"Traded Relic","damage_taken":0,"relics_obtained":["Nloth\u0027s Gift"],"max_hp_gain":0,"max_hp_loss":0,"event_name":"N\u0027loth","floor":19,"relics_lost":["Bag of Preparation"],"gold_loss":0},{"cards_removed":["Regret"],"damage_healed":0,"gold_gain":0,"player_choice":"Removed Curses","damage_taken":0,"max_hp_gain":0,"max_hp_loss":0,"event_name":"Fountain of Cleansing","floor":21,"gold_loss":0}],"is_beta":false,"boss_relics":[{"not_picked":["Eternal Feather","Busted Crown"],"picked":"Ectoplasm"}],"items_purged_floors":[7],"is_endless":false,"potions_floor_spawned":[8,12,16,18],"killed_by":"Snake Plant","ascension_level":0}