{"gold_per_floor":[113,113,113,126,126,138,183,195,207,236,263,300,312,53,53,158,158,176,194,49,49,62,62,82,82,106,71,81,81,81,94,94,199,199,209,137,148,158,158,158,192,192,192,192,67,67,97,114,114,114],"floor_reached":51,"playtime":5184,"items_purged":["Defend_G","Strike_G","Doubt"],"score":791,"play_id":"501ef2f8-5dfd-4750-b546-75ffb0174e71","local_time":"20191006185954","is_ascension_mode":true,"campfire_choices":[{"data":"Neutralize","floor":6,"key":"SMITH"},{"floor":13,"key":"REST"},{"data":"Backflip","floor":15,"key":"SMITH"},{"data":"Cloak And Dagger","floor":23,"key":"SMITH"},{"data":"Terror","floor":25,"key":"SMITH"},{"data":"Deflect","floor":30,"key":"SMITH"},{"data":"Noxious Fumes","floor":32,"key":"SMITH"},{"data":"Accuracy","floor":40,"key":"SMITH"},{"data":"Tools of the Trade","floor":44,"key":"SMITH"},{"floor":46,"key":"REST"},{"floor":49,"key":"REST"}],"neow_cost":"NONE","seed_source_timestamp":88912335294800,"circlet_count":0,"master_deck":["Strike_G","Strike_G","Strike_G","Defend_G","Defend_G","Defend_G","Survivor","Neutralize+1","Finisher","Deflect+1","Terror+1","Endless Agony","Backflip+1","Deflect","Envenom+1","Cloak And Dagger+1","Dodge and Roll+1","Infinite Blades","Well Laid Plans","Noxious Fumes+1","Corpse Explosion","Accuracy+1","Finisher","Tools of the Trade+1","Writhe","Caltrops+1"],"relics":["Empty Cage","MawBank","StoneCalendar","Ornamental Fan","Ninja Scroll","Pen Nib","White Beast Statue","Snake Skull","Cursed Key","Bag of Preparation","Oddly Smooth Stone","Omamori"],"potions_floor_usage":[7,12,16,28,28,31,31,33,38,41,50,50,50],"damage_taken":[{"damage":0,"enemies":"2 Louse","floor":1,"turns":4},{"damage":7,"enemies":"Small Slimes","floor":4,"turns":3},{"damage":47,"enemies":"3 Sentries","floor":7,"turns":16},{"damage":0,"enemies":"Cultist","floor":10,"turns":3},{"damage":3,"enemies":"Blue Slaver","floor":11,"turns":4},{"damage":16,"enemies":"Gremlin Nob","floor":12,"turns":5},{"damage":13,"enemies":"Slime Boss","floor":16,"turns":7},{"damage":0,"enemies":"Chosen","floor":18,"turns":4},{"damage":17,"enemies":"Spheric Guardian","floor":19,"turns":5},{"damage":18,"enemies":"Snecko","floor":22,"turns":7},{"damage":0,"enemies":"Centurion and Healer","floor":24,"turns":5},{"damage":0,"enemies":"3 Cultists","floor":28,"turns":4},{"damage":15,"enemies":"Shelled Parasite and Fungi","floor":31,"turns":5},{"damage":36,"enemies":"Collector","floor":33,"turns":9},{"damage":0,"enemies":"3 Shapes","floor":35,"turns":5},{"damage":10,"enemies":"3 Darklings","floor":37,"turns":5},{"damage":15,"enemies":"Spire Growth","floor":38,"turns":5},{"damage":15,"enemies":"Reptomancer","floor":41,"turns":6},{"damage":9,"enemies":"Giant Head","floor":47,"turns":7},{"damage":9,"enemies":"4 Shapes","floor":48,"turns":7},{"damage":49,"enemies":"Donu and Deca","floor":50,"turns":7}],"seed_played":"2738885040962810717","potions_obtained":[{"floor":1,"key":"Regen Potion"},{"floor":7,"key":"GhostInAJar"},{"floor":10,"key":"Weak Potion"},{"floor":18,"key":"AttackPotion"},{"floor":19,"key":"PowerPotion"},{"floor":22,"key":"SkillPotion"},{"floor":24,"key":"Regen Potion"},{"floor":28,"key":"EssenceOfSteel"},{"floor":31,"key":"Weak Potion"},{"floor":33,"key":"Ancient Potion"},{"floor":35,"key":"Strength Potion"},{"floor":37,"key":"LiquidBronze"},{"floor":38,"key":"SkillPotion"},{"floor":41,"key":"PowerPotion"},{"floor":47,"key":"PowerPotion"}],"is_trial":false,"path_per_floor":["M","?","?","M","?","R","E","$","T","M","M","E","R","$","R","B",null,"M","M","$","?","M","R","M","R","T","$","M","$","R","M","R","B",null,"M","$","M","M","?","R","E","?","T","R","$","R","E","M","R","B",null],"character_chosen":"THE_SILENT","items_purchased":["Pen Nib","Deflect","Cloak And Dagger","Well Laid Plans","Accuracy"],"campfire_rested":3,"item_purchase_floors":[14,14,20,27,36],"current_hp_per_floor":[70,70,75,68,65,65,33,33,33,33,30,14,36,36,36,23,75,75,58,58,58,40,40,40,40,40,40,54,54,54,39,39,3,75,75,75,65,50,50,50,35,54,54,54,54,75,66,57,75,26],"gold":114,"neow_bonus":"BOSS_RELIC","is_prod":false,"is_daily":false,"chose_seed":false,"campfire_upgraded":8,"win_rate":1,"timestamp":1570409994,"path_taken":["M","?","?","M","?","R","E","?","T","M","M","E","R","$","R","BOSS","M","M","$","?","M","R","M","R","T","$","M","?","R","M","R","BOSS","M","$","M","M","?","R","E","?","T","R","$","R","E","M","R","BOSS"],"build_version":"2019-07-17","purchased_purges":3,"victory":true,"max_hp_per_floor":[70,70,75,75,75,75,75,75,75,75,75,75,75,75,75,75,75,75,75,75,75,75,75,75,75,75,75,75,75,75,75,75,75,75,75,75,75,75,75,75,75,75,75,75,75,75,75,75,75,75],"card_choices":[{"not_picked":["Masterful Stab","Bane"],"picked":"Finisher","floor":1},{"not_picked":["Quick Slash","Caltrops"],"picked":"Deflect","floor":4},{"not_picked":["Dagger Spray","Distraction","Bane"],"picked":"SKIP","floor":7},{"not_picked":["Expertise","Heel Hook"],"picked":"Terror","floor":10},{"not_picked":["Expertise","Bouncing Flask"],"picked":"Endless Agony","floor":11},{"not_picked":["Bane","Underhanded Strike"],"picked":"Backflip","floor":12},{"not_picked":["Wraith Form v2","Unload"],"picked":"Envenom","floor":16},{"not_picked":["Flying Knee","Endless Agony+1","Prepared"],"picked":"SKIP","floor":18},{"not_picked":["Terror","Choke","Dagger Throw"],"picked":"SKIP","floor":19},{"not_picked":["Sucker Punch","Dagger Spray+1"],"picked":"Dodge and Roll+1","floor":22},{"not_picked":["Quick Slash+1","Riddle With Holes+1"],"picked":"Infinite Blades","floor":24},{"not_picked":["Deflect+1","Dash+1","Flying Knee"],"picked":"SKIP","floor":28},{"not_picked":["Slice+1","Venomology"],"picked":"Noxious Fumes","floor":31},{"not_picked":["Bullet Time","Storm of Steel"],"picked":"Corpse Explosion","floor":33},{"not_picked":["Slice+1","Outmaneuver","PiercingWail"],"picked":"SKIP","floor":35},{"not_picked":["Acrobatics","Noxious Fumes+1"],"picked":"Finisher","floor":37},{"not_picked":["Leg Sweep+1","PiercingWail+1"],"picked":"Tools of the Trade","floor":38},{"not_picked":["Acrobatics","Bane","Poisoned Stab"],"picked":"SKIP","floor":41},{"not_picked":["Dodge and Roll","Quick Slash"],"picked":"Caltrops+1","floor":47},{"not_picked":["Bane+1","Dagger Spray","Deadly Poison"],"picked":"SKIP","floor":48}],"player_experience":41667,"relics_obtained":[{"floor":7,"key":"StoneCalendar"},{"floor":9,"key":"Ornamental Fan"},{"floor":12,"key":"Ninja Scroll"},{"floor":26,"key":"Snake Skull"},{"floor":41,"key":"Bag of Preparation"},{"floor":43,"key":"Oddly Smooth Stone"},{"floor":47,"key":"Omamori"}],"event_choices":[{"damage_healed":0,"gold_gain":0,"player_choice":"Ignored","damage_taken":0,"max_hp_gain":0,"max_hp_loss":0,"event_name":"Shining Light","floor":2,"gold_loss":0},{"damage_healed":0,"gold_gain":0,"player_choice":"Donut","damage_taken":0,"max_hp_gain":5,"max_hp_loss":0,"event_name":"Big Fish","floor":3,"gold_loss":0},{"damage_healed":0,"gold_gain":0,"player_choice":"Success","damage_taken":3,"relics_obtained":["MawBank"],"max_hp_gain":0,"max_hp_loss":0,"event_name":"Scrap Ooze","floor":5,"gold_loss":0},{"damage_healed":0,"gold_gain":0,"player_choice":"Forge","damage_taken":0,"max_hp_gain":0,"max_hp_loss":0,"event_name":"Accursed Blacksmith","floor":21,"gold_loss":0,"cards_upgraded":["Envenom"]},{"damage_healed":0,"gold_gain":0,"player_choice":"Ignored","damage_taken":0,"max_hp_gain":0,"max_hp_loss":0,"event_name":"Tomb of Lord Red Mask","floor":39,"gold_loss":0},{"damage_healed":19,"gold_gain":0,"player_choice":"Writhe","damage_taken":0,"max_hp_gain":0,"max_hp_loss":0,"event_name":"Winding Halls","floor":42,"gold_loss":0,"cards_obtained":["Writhe"]}],"is_beta":false,"boss_relics":[{"not_picked":["Fusion Hammer","Busted Crown"],"picked":"White Beast Statue"},{"not_picked":["Snecko Eye","Velvet Choker"],"picked":"Cursed Key"}],"items_purged_floors":[14,20,45],"is_endless":false,"potions_floor_spawned":[1,7,10,18,19,22,24,28,31,33,35,37,38,41,47,48],"ascension_level":3}