{"gold_per_floor":[213,223,239,314,0,0,35,35,35,67,81,96,124,124,124,225,225,241,241,241,251,72,99,113,113,138,154,182,182,197,215,215,317,317,337,337,353,369,80,80,80,98,123,139,14,14,24,44,44,44],"floor_reached":50,"playtime":2265,"items_purged":["Strike_B","Strike_B","Decay"],"score":695,"play_id":"66394ffa-edd6-4282-ac1a-250346235725","local_time":"20190929185101","is_ascension_mode":true,"campfire_choices":[{"data":"Zap","floor":6,"key":"SMITH"},{"data":"Electrodynamics","floor":8,"key":"SMITH"},{"data":"Capacitor","floor":15,"key":"SMITH"},{"floor":25,"key":"REST"},{"floor":32,"key":"REST"},{"data":"Loop","floor":40,"key":"SMITH"},{"floor":49,"key":"REST"}],"neow_cost":"NONE","seed_source_timestamp":431041257946500,"circlet_count":0,"master_deck":["Strike_B","Strike_B+1","Defend_B","Defend_B","Defend_B","Defend_B","Zap+1","Dualcast","Leap","Sweeping Beam+1","Capacitor+1","Glacier","Electrodynamics+1","Hello World+1","Heatsinks","Redo","Sunder","Creative AI","Melter","Necronomicurse","Capacitor","Storm","Shame","Static Discharge","Glacier","Darkness","Loop+1","Biased Cognition","Fusion+1","Auto Shields+1","Lockon","Normality","Skim","Consume+1"],"relics":["Cracked Core","Lee\u0027s Waffle","Vajra","Mercury Hourglass","Mummified Hand","Bag of Preparation","Cursed Key","Necronomicon","MutagenicStrength","Incense Burner","Whetstone","Bronze Scales","Sozu","Emotion Chip","Pen Nib","Shuriken"],"potions_floor_usage":[33,37,50],"damage_taken":[{"damage":1,"enemies":"Cultist","floor":1,"turns":3},{"damage":2,"enemies":"2 Louse","floor":2,"turns":2},{"damage":2,"enemies":"Jaw Worm","floor":3,"turns":5},{"damage":11,"enemies":"3 Sentries","floor":7,"turns":7},{"damage":13,"enemies":"Lagavulin","floor":10,"turns":6},{"damage":4,"enemies":"2 Fungi Beasts","floor":11,"turns":3},{"damage":0,"enemies":"3 Louse","floor":12,"turns":2},{"damage":0,"enemies":"3 Sentries","floor":13,"turns":4},{"damage":19,"enemies":"The Guardian","floor":16,"turns":10},{"damage":19,"enemies":"Shell Parasite","floor":18,"turns":4},{"damage":0,"enemies":"2 Thieves","floor":21,"turns":2},{"damage":0,"enemies":"Gremlin Leader","floor":23,"turns":5},{"damage":12,"enemies":"Snake Plant","floor":24,"turns":3},{"damage":0,"enemies":"Centurion and Healer","floor":27,"turns":4},{"damage":14,"enemies":"Slavers","floor":28,"turns":3},{"damage":0,"enemies":"Snecko","floor":30,"turns":2},{"damage":0,"enemies":"Cultist and Chosen","floor":31,"turns":2},{"damage":8,"enemies":"Automaton","floor":33,"turns":6},{"damage":10,"enemies":"3 Shapes","floor":35,"turns":2},{"damage":0,"enemies":"Orb Walker","floor":37,"turns":2},{"damage":3,"enemies":"Writhing Mass","floor":38,"turns":3},{"damage":12,"enemies":"Jaw Worm Horde","floor":42,"turns":3},{"damage":0,"enemies":"3 Darklings","floor":44,"turns":2},{"damage":0,"enemies":"Sphere and 2 Shapes","floor":47,"turns":2},{"damage":22,"enemies":"Jaw Worm Horde","floor":48,"turns":2},{"damage":63,"enemies":"Awakened One","floor":50,"turns":2}],"seed_played":"7978143020996446469","potions_obtained":[{"floor":3,"key":"PowerPotion"},{"floor":10,"key":"Ancient Potion"},{"floor":12,"key":"Block Potion"}],"is_trial":false,"path_per_floor":["M","M","M","?","$","R","E","R","T","E","M","M","E","?","R","B",null,"M","?","?","M","$","E","M","R","T","M","E","?","M","M","R","B",null,"M","?","M","M","$","R","?","M","T","M","$","T","M","M","R","B"],"character_chosen":"DEFECT","items_purchased":["Glacier","Lee\u0027s Waffle","Storm","Emotion Chip"],"campfire_rested":3,"item_purchase_floors":[5,5,22,39],"current_hp_per_floor":[74,72,70,59,82,82,71,71,71,58,54,54,54,54,54,35,70,51,35,35,35,35,35,23,47,47,47,33,17,17,17,43,35,74,64,64,64,61,61,61,61,49,49,49,49,49,49,27,53,0],"gold":44,"neow_bonus":"HUNDRED_GOLD","is_prod":false,"is_daily":false,"chose_seed":false,"campfire_upgraded":4,"win_rate":0,"timestamp":1569775861,"path_taken":["M","M","M","?","$","R","E","R","T","E","M","M","E","?","R","BOSS","M","?","?","M","?","E","M","R","T","M","E","?","M","M","R","BOSS","M","?","?","M","$","R","?","?","T","M","$","?","M","M","R","BOSS"],"build_version":"2019-07-17","purchased_purges":3,"victory":false,"max_hp_per_floor":[75,75,75,75,82,82,82,82,82,82,82,82,82,82,82,82,82,82,82,82,82,82,82,82,82,82,82,82,87,87,87,87,87,87,87,87,87,87,87,87,87,87,87,87,87,87,87,87,87,87],"card_choices":[{"not_picked":["Compile Driver","Turbo"],"picked":"Leap","floor":1},{"not_picked":["Force Field","Streamline"],"picked":"Sweeping Beam","floor":2},{"not_picked":["Stack","Aggregate"],"picked":"Capacitor","floor":3},{"not_picked":["Glacier","Consume"],"picked":"Electrodynamics","floor":7},{"not_picked":["Lockon","Sweeping Beam"],"picked":"Hello World","floor":10},{"not_picked":["Chaos","Cold Snap"],"picked":"Heatsinks","floor":11},{"not_picked":["Genetic Algorithm","Rebound"],"picked":"Redo","floor":12},{"not_picked":["Genetic Algorithm","Stack"],"picked":"Sunder","floor":13},{"not_picked":["Fission","Core Surge"],"picked":"Creative AI","floor":16},{"not_picked":["Beam Cell","Cold Snap+1"],"picked":"Melter","floor":18},{"not_picked":["Reinforced Body+1","Hologram"],"picked":"Capacitor","floor":21},{"not_picked":["Sunder+1","Sweeping Beam","Stack"],"picked":"SKIP","floor":23},{"not_picked":["Melter","Streamline","Chill"],"picked":"SKIP","floor":24},{"not_picked":["Steam+1","Electrodynamics"],"picked":"Static Discharge","floor":27},{"not_picked":["Gash","Reboot"],"picked":"Glacier","floor":28},{"not_picked":["Hologram","Beam Cell+1","Darkness"],"picked":"SKIP","floor":30},{"not_picked":["Hologram","Beam Cell+1"],"picked":"Darkness","floor":30},{"not_picked":["Ball Lightning","White Noise+1"],"picked":"Loop","floor":31},{"not_picked":["Reboot","Meteor Strike"],"picked":"Biased Cognition","floor":33},{"not_picked":["Redo","Steam Power"],"picked":"Fusion+1","floor":35},{"not_picked":["Leap","Streamline"],"picked":"Auto Shields+1","floor":37},{"not_picked":["Leap","Aggregate","Steam"],"picked":"SKIP","floor":38},{"not_picked":["Steam","Cold Snap","Reboot"],"picked":"SKIP","floor":42},{"not_picked":["Recycle+1","Coolheaded"],"picked":"Lockon","floor":44},{"not_picked":["Redo","Auto Shields+1"],"picked":"Skim","floor":47},{"not_picked":["Rebound","Melter"],"picked":"Consume+1","floor":48}],"player_experience":336086,"relics_obtained":[{"floor":7,"key":"Vajra"},{"floor":9,"key":"Mercury Hourglass"},{"floor":10,"key":"Mummified Hand"},{"floor":13,"key":"Bag of Preparation"},{"floor":19,"key":"Necronomicon"},{"floor":23,"key":"Incense Burner"},{"floor":26,"key":"Whetstone"},{"floor":28,"key":"Bronze Scales"},{"floor":43,"key":"Pen Nib"},{"floor":46,"key":"Shuriken"}],"event_choices":[{"damage_healed":0,"gold_gain":75,"player_choice":"Gather Gold","damage_taken":11,"max_hp_gain":0,"max_hp_loss":0,"event_name":"World of Goop","floor":4,"gold_loss":0},{"damage_healed":0,"gold_gain":0,"player_choice":"Upgraded","damage_taken":0,"max_hp_gain":0,"max_hp_loss":0,"event_name":"Upgrade Shrine","floor":14,"gold_loss":0,"cards_upgraded":["Hello World"]},{"damage_healed":0,"gold_gain":0,"player_choice":"Obtained Book","damage_taken":16,"max_hp_gain":0,"max_hp_loss":0,"event_name":"Cursed Tome","floor":19,"gold_loss":0},{"damage_healed":0,"gold_gain":0,"player_choice":"Inject Mutagens","damage_taken":0,"relics_obtained":["MutagenicStrength"],"max_hp_gain":0,"max_hp_loss":0,"event_name":"Drug Dealer","floor":20,"gold_loss":0},{"damage_healed":0,"gold_gain":0,"player_choice":"Shed Blood","damage_taken":21,"max_hp_gain":5,"max_hp_loss":0,"event_name":"Forgotten Altar","floor":29,"gold_loss":0},{"damage_healed":0,"gold_gain":0,"player_choice":"0 cards matched","damage_taken":0,"max_hp_gain":0,"max_hp_loss":0,"event_name":"Match and Keep!","floor":36,"gold_loss":0,"cards_obtained":[]},{"damage_healed":0,"gold_gain":0,"player_choice":"Got Potions","damage_taken":0,"max_hp_gain":0,"max_hp_loss":0,"event_name":"Lab","floor":41,"gold_loss":0}],"is_beta":false,"boss_relics":[{"not_picked":["Eternal Feather","White Beast Statue"],"picked":"Cursed Key"},{"not_picked":["Nuclear Battery","Snecko Eye"],"picked":"Sozu"}],"items_purged_floors":[5,22,45],"is_endless":false,"potions_floor_spawned":[3,10,12,13,18,27,31,35,37,47,48],"killed_by":"Awakened One","ascension_level":5}