{"gold_per_floor":[113,33,33,51,21,21,46,46,121,121,134,167,217,235,235,314,314,328,375,375,351,6,6,6,16,39,39,50,70,70,89,89,165,165,182,82,82,82,82,109,123,149,149,162,196,96,96,109,109,109,109,109,109,41,71,71],"floor_reached":57,"playtime":1936,"items_purged":["Strike_R","Bash","Strike_R"],"score":3246,"play_id":"616b7ad5-859a-45cc-8dda-7683cc79521f","local_time":"20190927181200","is_ascension_mode":true,"campfire_choices":[{"data":"Carnage","floor":6.0,"key":"SMITH"},{"data":"Second Wind","floor":8.0,"key":"SMITH"},{"data":"Evolve","floor":10.0,"key":"SMITH"},{"data":"Body Slam","floor":15.0,"key":"SMITH"},{"data":"True Grit","floor":23.0,"key":"SMITH"},{"data":"Shrug It Off","floor":30.0,"key":"SMITH"},{"data":"Warcry","floor":32.0,"key":"SMITH"},{"floor":49.0,"key":"RECALL"},{"data":"Shockwave","floor":53.0,"key":"SMITH"}],"neow_cost":"TEN_PERCENT_HP_LOSS","seed_source_timestamp":437699872850145,"circlet_count":0,"master_deck":["AscendersBane","Defend_R","Defend_R","Defend_R","Defend_R","Warcry+1","Second Wind+1","Carnage+1","Evolve+1","Impervious","Shockwave+1","Body Slam+1","True Grit+1","Shrug It Off+1","Shrug It Off+1","Power Through+1","Barricade+1","CurseOfTheBell","Seeing Red+1","Burning Pact+1","Entrench+1"],"special_seed":0,"relics":["Burning Blood","Singing Bowl","Mummified Hand","Regal Pillow","Coffee Dripper","Red Skull","Toxic Egg 2","Calling Bell","Art of War","Pear","Thread and Needle","HornCleat","Prayer Wheel","Bag of Marbles","The Courier","Pantograph"],"potions_floor_usage":[56,56],"damage_taken":[{"damage":22.0,"enemies":"Small Slimes","floor":1.0,"turns":6.0},{"damage":14.0,"enemies":"Jaw Worm","floor":4.0,"turns":4.0},{"damage":21.0,"enemies":"Gremlin Nob","floor":7.0,"turns":4.0},{"damage":11.0,"enemies":"Cultist","floor":11.0,"turns":4.0},{"damage":8.0,"enemies":"3 Sentries","floor":12.0,"turns":8.0},{"damage":4.0,"enemies":"Blue Slaver","floor":14.0,"turns":2.0},{"damage":16.0,"enemies":"Hexaghost","floor":16.0,"turns":6.0},{"damage":17.0,"enemies":"3 Byrds","floor":18.0,"turns":6.0},{"damage":0.0,"enemies":"2 Thieves","floor":21.0,"turns":4.0},{"damage":24.0,"enemies":"Snake Plant","floor":25.0,"turns":4.0},{"damage":22.0,"enemies":"Centurion and Healer","floor":28.0,"turns":6.0},{"damage":11.0,"enemies":"Shelled Parasite and Fungi","floor":29.0,"turns":6.0},{"damage":8.0,"enemies":"3 Cultists","floor":31.0,"turns":5.0},{"damage":0.0,"enemies":"Champ","floor":33.0,"turns":9.0},{"damage":0.0,"enemies":"3 Darklings","floor":35.0,"turns":7.0},{"damage":0.0,"enemies":"Giant Head","floor":40.0,"turns":7.0},{"damage":0.0,"enemies":"3 Shapes","floor":41.0,"turns":5.0},{"damage":17.0,"enemies":"Nemesis","floor":42.0,"turns":7.0},{"damage":0.0,"enemies":"Transient","floor":44.0,"turns":6.0},{"damage":0.0,"enemies":"Reptomancer","floor":45.0,"turns":5.0},{"damage":0.0,"enemies":"Writhing Mass","floor":48.0,"turns":4.0},{"damage":0.0,"enemies":"Time Eater","floor":50.0,"turns":5.0},{"damage":0.0,"enemies":"Awakened One","floor":51.0,"turns":5.0},{"damage":37.0,"enemies":"Shield and Spear","floor":55.0,"turns":6.0},{"damage":27,"enemies":"The Heart","floor":56,"turns":8}],"seed_played":"3437474068562353710","potions_obtained":[{"floor":5.0,"key":"Fruit Juice"},{"floor":5.0,"key":"PowerPotion"},{"floor":7.0,"key":"AttackPotion"},{"floor":12.0,"key":"Swift Potion"},{"floor":29.0,"key":"Energy Potion"},{"floor":33.0,"key":"Dexterity Potion"},{"floor":41.0,"key":"Swift Potion"}],"is_trial":false,"path_per_floor":["M","$","?","M","?","R","E","R","T","R","M","E","?","M","R","B",null,"M","T","?","M","$","R","?","M","T","?","M","M","R","M","R","B",null,"M","$","?","?","?","E","M","E","T","M","E","$","?","M","R","B","B",null,"R","$","E","B",null],"character_chosen":"IRONCLAD","items_purchased":["Carnage","Toxic Egg 2","EssenceOfSteel"],"campfire_rested":0,"item_purchase_floors":[2,22,54],"current_hp_per_floor":[52,52,52,44,44,44,34,34,34,34,29,27,27,31,31,23,64,53,53,53,61,61,61,61,45,45,45,29,26,26,24,24,30,80,88,88,88,84,84,92,98,87,87,97,104,104,104,106,106,106,106,106,106,106,77,81],"gold":71,"neow_bonus":"TRANSFORM_TWO_CARDS","is_prod":false,"is_daily":false,"chose_seed":false,"campfire_upgraded":8,"win_rate":0,"timestamp":1569579120,"path_taken":["M","$","?","M","?","R","E","R","T","R","?","E","?","M","R","BOSS","M","?","?","M","$","R","?","M","T","?","M","M","R","M","R","BOSS","M","$","?","?","?","E","M","E","T","?","E","?","?","?","R","BOSS","BOSS","R","$","E","BOSS"],"build_version":"2019-09-26","purchased_purges":3,"victory":true,"max_hp_per_floor":[68,68,68,68,68,68,73,73,73,73,73,73,73,75,75,77,77,77,77,77,79,79,79,79,81,81,81,81,83,83,83,83,83,93,95,95,95,101,96,98,98,98,98,102,104,104,104,106,106,106,106,106,106,106,108,108],"card_choices":[{"not_picked":["Shrug It Off","Headbutt"],"picked":"Second Wind","floor":1.0},{"not_picked":["Armaments","Ghostly Armor"],"picked":"Evolve","floor":4.0},{"not_picked":["Havoc","Anger"],"picked":"Impervious","floor":7.0},{"not_picked":["Armaments","Entrench"],"picked":"Shockwave","floor":11.0},{"not_picked":["Perfected Strike","Evolve"],"picked":"Body Slam","floor":12.0},{"not_picked":["Sword Boomerang","Bloodletting","Dropkick"],"picked":"Singing Bowl","floor":14.0},{"not_picked":["Brutality","Feed","Reaper"],"picked":"Singing Bowl","floor":16.0},{"not_picked":["Reckless Charge","Armaments"],"picked":"True Grit","floor":18.0},{"not_picked":["Iron Wave","Sword Boomerang","Hemokinesis"],"picked":"Singing Bowl","floor":21.0},{"not_picked":["Headbutt","Clothesline","Body Slam"],"picked":"Singing Bowl","floor":25.0},{"not_picked":["Flex+1","Corruption"],"picked":"Shrug It Off+1","floor":28.0},{"not_picked":["Blood for Blood","Clothesline","Carnage"],"picked":"Singing Bowl","floor":29.0},{"not_picked":["Headbutt","Spot Weakness+1"],"picked":"Power Through+1","floor":31.0},{"not_picked":["Juggernaut","Feed"],"picked":"Barricade","floor":33.0},{"not_picked":["Cleave","Clash","Iron Wave"],"picked":"Singing Bowl","floor":35.0},{"not_picked":["Transmutation+1","HandOfGreed","Discovery+1"],"picked":"Singing Bowl","floor":38.0},{"not_picked":["Purity+1","Apotheosis+1","Forethought+1"],"picked":"Singing Bowl","floor":38.0},{"not_picked":["Trip+1","Enlightenment+1","Blind+1"],"picked":"Singing Bowl","floor":38.0},{"not_picked":["Twin Strike+1","True Grit+1","Whirlwind+1"],"picked":"Singing Bowl","floor":40.0},{"not_picked":["Anger+1","Clash"],"picked":"Seeing Red+1","floor":41.0},{"not_picked":["Heavy Blade","Rupture"],"picked":"Burning Pact+1","floor":42.0},{"not_picked":["Clothesline","Anger+1","Cleave"],"picked":"Singing Bowl","floor":44.0},{"not_picked":["Seeing Red+1","Warcry+1","Wild Strike+1"],"picked":"Singing Bowl","floor":44.0},{"not_picked":["Heavy Blade","Uppercut","Armaments+1"],"picked":"Singing Bowl","floor":45.0},{"not_picked":["Havoc+1","Metallicize+1"],"picked":"Entrench+1","floor":48.0},{"not_picked":["Clothesline","Shrug It Off+1","Berserk"],"picked":"Singing Bowl","floor":48.0},{"not_picked":["Bludgeon","Shockwave+1","Cleave"],"picked":"Singing Bowl","floor":55.0}],"player_experience":1034636,"relics_obtained":[{"floor":7.0,"key":"Singing Bowl"},{"floor":9.0,"key":"Mummified Hand"},{"floor":12.0,"key":"Regal Pillow"},{"floor":19.0,"key":"Red Skull"},{"floor":34.0,"key":"Art of War"},{"floor":34.0,"key":"Pear"},{"floor":34.0,"key":"Thread and Needle"},{"floor":40.0,"key":"HornCleat"},{"floor":42.0,"key":"Prayer Wheel"},{"floor":43.0,"key":"Bag of Marbles"},{"floor":45.0,"key":"The Courier"},{"floor":55.0,"key":"Pantograph"}],"event_choices":[{"damage_healed":0.0,"max_hp_gain":0.0,"max_hp_loss":0.0,"gold_gain":0.0,"event_name":"Liars Game","player_choice":"Ignored","floor":3.0,"gold_loss":0.0,"damage_taken":0.0},{"damage_healed":0.0,"max_hp_gain":0.0,"max_hp_loss":0.0,"gold_gain":0.0,"event_name":"The Woman in Blue","player_choice":"Bought 2 Potions","floor":5.0,"gold_loss":0.0,"damage_taken":0.0},{"damage_healed":0.0,"max_hp_gain":0.0,"max_hp_loss":0.0,"gold_gain":50.0,"event_name":"Golden Shrine","player_choice":"Pray","floor":13.0,"gold_loss":0.0,"damage_taken":0.0},{"damage_healed":0.0,"max_hp_gain":0.0,"max_hp_loss":0.0,"gold_gain":0.0,"event_name":"The Library","player_choice":"Read","floor":20.0,"gold_loss":0.0,"damage_taken":0.0,"cards_obtained":["Shrug It Off"]},{"damage_healed":0.0,"max_hp_gain":0.0,"max_hp_loss":0.0,"gold_gain":0.0,"event_name":"The Mausoleum","player_choice":"Ignored","floor":24.0,"gold_loss":0.0,"damage_taken":0.0},{"cards_removed":["Strike_R"],"damage_healed":0.0,"max_hp_gain":0.0,"max_hp_loss":0.0,"gold_gain":0.0,"event_name":"Back to Basics","player_choice":"Elegance","floor":27.0,"gold_loss":0.0,"damage_taken":0.0},{"cards_removed":["Rupture"],"damage_healed":0.0,"max_hp_gain":0.0,"max_hp_loss":0.0,"gold_gain":0.0,"event_name":"Falling","player_choice":"Removed Power","floor":37.0,"gold_loss":0.0,"damage_taken":0.0},{"damage_healed":0.0,"max_hp_gain":0.0,"max_hp_loss":0.0,"gold_gain":0.0,"event_name":"SensoryStone","player_choice":"Memory 3","floor":38.0,"gold_loss":0.0,"damage_taken":10.0},{"damage_healed":0.0,"max_hp_gain":0.0,"max_hp_loss":5.0,"gold_gain":0.0,"event_name":"Winding Halls","player_choice":"Max HP","floor":39.0,"gold_loss":0.0,"damage_taken":0.0},{"damage_healed":0.0,"max_hp_gain":0.0,"max_hp_loss":0.0,"gold_gain":0.0,"event_name":"Upgrade Shrine","player_choice":"Upgraded","floor":47.0,"gold_loss":0.0,"damage_taken":0.0,"cards_upgraded":["Barricade"]}],"is_beta":true,"boss_relics":[{"not_picked":["Runic Cube","SacredBark"],"picked":"Coffee Dripper"},{"not_picked":["Snecko Eye","Velvet Choker"],"picked":"Calling Bell"}],"items_purged_floors":[22,36,46],"is_endless":false,"potions_floor_spawned":[7,11,12,18,29,33,40,41,42,48],"ascension_level":20}