{"gold_per_floor":[118,118,118,132,57,57,82,97,97,97,111,111,36,54,54,54],"floor_reached":16,"playtime":308,"items_purged":["Strike_G"],"score":250,"play_id":"fc8f9085-bc80-487e-99a2-c75d9dfe228c","local_time":"20190927155703","is_ascension_mode":true,"campfire_choices":[{"data":"Neutralize","floor":6,"key":"SMITH"},{"data":"Well Laid Plans","floor":10,"key":"SMITH"},{"data":"Bane","floor":12,"key":"SMITH"},{"data":"Calculated Gamble","floor":15,"key":"SMITH"}],"neow_cost":"NONE","seed_source_timestamp":431459708477415,"circlet_count":0,"master_deck":["AscendersBane","Strike_G","Strike_G+1","Defend_G","Defend_G+1","Defend_G","Defend_G","Defend_G","Survivor","Neutralize+1","Acrobatics","Well Laid Plans+1","Bane+1","Calculated Gamble+1"],"relics":["Ring of the Snake","NeowsBlessing","Pocketwatch","WingedGreaves"],"potions_floor_usage":[11,16,16],"damage_taken":[{"damage":0,"enemies":"2 Louse","floor":1,"turns":1},{"damage":0,"enemies":"Jaw Worm","floor":4,"turns":1},{"damage":0,"enemies":"Lagavulin","floor":7,"turns":1},{"damage":0,"enemies":"Cultist","floor":8,"turns":4},{"damage":15,"enemies":"Gremlin Gang","floor":11,"turns":5},{"damage":1,"enemies":"Exordium Thugs","floor":14,"turns":5},{"damage":15,"enemies":"Slime Boss","floor":16,"turns":5}],"seed_played":"-5317851128596808014","potions_obtained":[{"floor":4,"key":"DuplicationPotion"},{"floor":8,"key":"PowerPotion"},{"floor":11,"key":"DuplicationPotion"}],"is_trial":false,"path_per_floor":["M","?","?","M","?","R","E","M","T","R","M","R","$","M","R","B"],"character_chosen":"THE_SILENT","items_purchased":[],"campfire_rested":0,"item_purchase_floors":[],"current_hp_per_floor":[59,52,32,32,32,32,32,32,32,32,17,17,17,16,16,1],"gold":54,"neow_bonus":"THREE_ENEMY_KILL","is_prod":false,"is_daily":false,"chose_seed":false,"campfire_upgraded":4,"win_rate":0,"timestamp":1569571023,"path_taken":["M","?","?","M","?","R","E","M","T","R","M","R","$","M","R","BOSS"],"build_version":"2019-09-26","purchased_purges":1,"victory":false,"max_hp_per_floor":[66,66,66,66,66,66,66,66,66,66,66,66,66,66,66,66],"card_choices":[{"not_picked":["Blade Dance","Outmaneuver"],"picked":"Acrobatics","floor":1},{"not_picked":["Dagger Spray","Crippling Poison"],"picked":"Well Laid Plans","floor":4},{"not_picked":["Leg Sweep","Outmaneuver","Bullet Time"],"picked":"SKIP","floor":7},{"not_picked":["PiercingWail","Dagger Throw"],"picked":"Bane","floor":8},{"not_picked":["Dagger Spray","Accuracy"],"picked":"Calculated Gamble","floor":11},{"not_picked":["Setup","Well Laid Plans","Blade Dance"],"picked":"SKIP","floor":14}],"player_experience":1029669,"relics_obtained":[{"floor":7,"key":"Pocketwatch"},{"floor":9,"key":"WingedGreaves"}],"event_choices":[{"cards_removed":["Strike_G"],"damage_healed":0,"gold_gain":0,"player_choice":"Card Removal","damage_taken":7,"max_hp_gain":0,"max_hp_loss":0,"event_name":"Golden Wing","floor":2,"gold_loss":0},{"damage_healed":0,"gold_gain":0,"player_choice":"Entered Light","damage_taken":20,"max_hp_gain":0,"max_hp_loss":0,"event_name":"Shining Light","floor":3,"gold_loss":0,"cards_upgraded":["Defend_G","Strike_G"]},{"cards_removed":["Strike_G"],"damage_healed":0,"gold_gain":0,"player_choice":"Card Removal","damage_taken":0,"max_hp_gain":0,"max_hp_loss":0,"event_name":"The Cleric","floor":5,"gold_loss":75}],"is_beta":true,"boss_relics":[],"items_purged_floors":[13],"is_endless":false,"potions_floor_spawned":[4,8,11],"killed_by":"Slime Boss","ascension_level":20}