{"gold_per_floor":[150,183,216,216,67,67,67,166,166,262,262],"floor_reached":11,"playtime":834,"items_purged":[],"score":316,"play_id":"fadde889-3247-440c-80e1-7e41161ae3fb","local_time":"20180729015139","daily_mods":["Draft","Diverse","Brewmaster","Heirloom","Insanity","Specialized","Allstar","Cursed Run","Midas","Time Dilation","Elite Swarm","Uncertain Future","Lethality","Binary","Night Terrors","Terminal","Vintage","Hoarder"],"is_ascension_mode":false,"campfire_choices":[{"floor":7,"key":"REST"}],"neow_cost":"","seed_source_timestamp":0,"circlet_count":0,"master_deck":["Chaos","Meteor Strike","Sunder","Meteor Strike","Seek","Tempest","Echo Form","Recycle","Reprogram","Hello World","Ball Lightning","Static Discharge","Beam Cell","Buffer","Beam Cell","Amplify","Scrape","Ball Lightning","Steam","Electrodynamics","Redo","Sunder","Undo","Aggregate","Genetic Algorithm","Turbo","Glacier","Doom and Gloom","Core Surge","Aggregate","Reboot","Compile Driver","Scrape","Echo Form","Beam Cell","Aggregate","Undo","Heatsinks","Creative AI","Hello World","Conserve Battery","Force Field","Compile Driver","Chaos","Force Field","Reprogram","Genetic Algorithm","Glacier","Sweeping Beam","Demon Form","Wraith Form v2","Echo Form","Beam Cell","Beam Cell","Beam Cell","Prepared+1","Prepared","Prepared","Prepared","Prepared","Prepared","Iron Wave","Iron Wave","Iron Wave","Redo+1","Redo","Redo","FTL","FTL","FTL","Cold Snap","Cold Snap","Cold Snap","Leap","Leap","Leap","Outmaneuver","Outmaneuver","Outmaneuver","Sunder","Sunder","Sunder","BootSequence","BootSequence","BootSequence","Spot Weakness","Spot Weakness","Spot Weakness","Gash","Gash","Gash","Gash","Gash","Gash","Beam Cell","Beam Cell","Beam Cell"],"relics":["Snecko Eye","Unceasing Top","Busted Crown","Gambling Chip","White Beast Statue","Ice Cream","Dead Branch","Torii","War Paint","Gremlin Horn","Girya","Lantern"],"potions_floor_usage":[6],"damage_taken":[{"damage":0,"enemies":"Cultist","floor":1,"turns":2},{"damage":0,"enemies":"Jaw Worm","floor":2,"turns":4},{"damage":0,"enemies":"Small Slimes","floor":3,"turns":2},{"damage":0,"enemies":"Lagavulin","floor":6,"turns":2},{"damage":0,"enemies":"Gremlin Nob","floor":8,"turns":2},{"damage":0,"enemies":"3 Sentries","floor":10,"turns":3}],"seed_played":"-5633788239396583978","potions_obtained":[{"floor":1,"key":"Regen Potion"},{"floor":2,"key":"SmokeBomb"},{"floor":3,"key":"EssenceOfSteel"},{"floor":8,"key":"Swift Potion"},{"floor":10,"key":"Weak Potion"}],"is_trial":true,"path_per_floor":["M","M","M","?","$","E","R","E","T","E"],"character_chosen":"DEFECT","items_purchased":["War Paint"],"campfire_rested":1,"item_purchase_floors":[5],"current_hp_per_floor":[1,1,1,1,1,1,1,1,1,1,0],"gold":262,"neow_bonus":"","is_prod":false,"is_daily":false,"chose_seed":false,"campfire_upgraded":0,"win_rate":0.0,"timestamp":1532854299,"path_taken":["M","M","M","?","$","E","R","E","T","E","?"],"build_version":"2018-07-26","purchased_purges":0,"victory":false,"max_hp_per_floor":[1,1,1,1,1,1,1,1,1,1,1],"card_choices":[{"not_picked":["Stack","Coolheaded"],"picked":"Beam Cell","floor":0},{"not_picked":["Thunderclap","Compile Driver"],"picked":"Prepared","floor":0},{"not_picked":["Quick Slash","Dagger Throw"],"picked":"Prepared","floor":0},{"not_picked":["Hemokinesis","Flying Knee"],"picked":"Iron Wave","floor":0},{"not_picked":["Heel Hook","Flying Knee"],"picked":"Redo","floor":0},{"not_picked":["Body Slam","Turbo"],"picked":"FTL","floor":0},{"not_picked":["Hologram","Pommel Strike"],"picked":"Cold Snap","floor":0},{"not_picked":["Outmaneuver","Flex"],"picked":"Leap","floor":0},{"not_picked":["Dual Wield","Flying Knee"],"picked":"Outmaneuver","floor":0},{"not_picked":["Terror","Flex"],"picked":"Sunder","floor":0},{"not_picked":["Steam","Fire Breathing"],"picked":"BootSequence","floor":0},{"not_picked":["Compile Driver","Twin Strike"],"picked":"Spot Weakness","floor":0},{"not_picked":["Dagger Throw","Havoc"],"picked":"Gash","floor":0},{"not_picked":["Body Slam","Dagger Throw"],"picked":"Gash","floor":0},{"not_picked":["Flame Barrier","Spot Weakness"],"picked":"Beam Cell","floor":0}],"player_experience":182127,"relics_obtained":[{"floor":1,"key":"Ice Cream"},{"floor":2,"key":"Dead Branch"},{"floor":3,"key":"Torii"},{"floor":8,"key":"Gremlin Horn"},{"floor":9,"key":"Girya"},{"floor":10,"key":"Lantern"}],"event_choices":[{"event_name":"Bonfire Elementals","player_choice":"UNCOMMON","floor":4,"damage_taken":0}],"is_beta":false,"boss_relics":[],"items_purged_floors":[],"is_endless":true,"potions_floor_spawned":[1,2,3,6,8,10],"ascension_level":0}