{"gold_per_floor":[114,131,141,156,156,190,205,232,256,289,289,60,60,13,13,117,117,137,149,149,68,85,85,120,120,199,199,124,156,156,184,184,184],"floor_reached":33,"playtime":1344,"items_purged":["Strike_B"],"score":442,"play_id":"266c1673-50b5-4b63-9a25-1d35e56252fb","local_time":"20191006190031","is_ascension_mode":true,"campfire_choices":[{"data":"Sweeping Beam","floor":11,"key":"SMITH"},{"data":"Zap","floor":13,"key":"SMITH"},{"floor":15,"key":"REST"},{"data":"Electrodynamics","floor":23,"key":"SMITH"},{"data":"Storm","floor":25,"key":"SMITH"},{"data":"Double Energy","floor":27,"key":"SMITH"},{"data":"Fusion","floor":30,"key":"SMITH"},{"data":"BootSequence","floor":32,"key":"SMITH"}],"neow_cost":"NONE","seed_source_timestamp":152298371630900,"circlet_count":0,"master_deck":["Strike_B+1","Strike_B+1","Defend_B","Defend_B","Defend_B","Defend_B","Zap+1","Dualcast","Auto Shields","Conserve Battery","Ball Lightning","Streamline+1","Sweeping Beam+1","Leap","Biased Cognition","Electrodynamics+1","FTL","BootSequence+1","Storm+1","Fusion+1","Double Energy+1","Rip and Tear","Lockon+1"],"relics":["Cracked Core","Bottled Flame","Bird Faced Urn","Art of War","Whetstone","Vajra","Eternal Feather","Orichalcum","Gremlin Horn","Pear","Bag of Marbles"],"potions_floor_usage":[10,16,22,24,31],"damage_taken":[{"damage":2,"enemies":"2 Louse","floor":1,"turns":3},{"damage":0,"enemies":"Small Slimes","floor":2,"turns":4},{"damage":2,"enemies":"Jaw Worm","floor":3,"turns":4},{"damage":3,"enemies":"Large Slime","floor":4,"turns":7},{"damage":14,"enemies":"Lagavulin","floor":6,"turns":5},{"damage":13,"enemies":"Blue Slaver","floor":7,"turns":3},{"damage":9,"enemies":"3 Sentries","floor":8,"turns":6},{"damage":6,"enemies":"Gremlin Nob","floor":10,"turns":4},{"damage":7,"enemies":"Hexaghost","floor":16,"turns":7},{"damage":3,"enemies":"Shell Parasite","floor":18,"turns":5},{"damage":3,"enemies":"Chosen","floor":19,"turns":4},{"damage":18,"enemies":"Snake Plant","floor":22,"turns":5},{"damage":8,"enemies":"Slavers","floor":24,"turns":3},{"damage":19,"enemies":"Gremlin Leader","floor":29,"turns":5},{"damage":35,"enemies":"Book of Stabbing","floor":31,"turns":6},{"damage":76,"enemies":"Champ","floor":33,"turns":7}],"seed_played":"-7248245354841485800","potions_obtained":[{"floor":3,"key":"LiquidBronze"},{"floor":6,"key":"Weak Potion"},{"floor":7,"key":"Block Potion"},{"floor":10,"key":"Explosive Potion"},{"floor":16,"key":"Block Potion"},{"floor":22,"key":"SkillPotion"},{"floor":24,"key":"GamblersBrew"}],"is_trial":false,"path_per_floor":["M","M","M","M","?","E","M","E","T","E","R","$","R","?","R","B",null,"M","M","?","$","M","R","E","R","T","R","?","E","R","E","R","B"],"character_chosen":"DEFECT","items_purchased":["Vajra","Storm"],"campfire_rested":1,"item_purchase_floors":[12,21],"current_hp_per_floor":[73,73,71,68,68,54,41,32,32,26,26,26,26,26,50,45,73,74,75,75,75,61,73,69,81,81,82,82,77,89,57,69,0],"gold":184,"neow_bonus":"TEN_PERCENT_HP_BONUS","is_prod":false,"is_daily":false,"chose_seed":false,"campfire_upgraded":7,"win_rate":0,"timestamp":1570381231,"path_taken":["M","M","M","M","?","E","M","E","T","E","R","$","R","?","R","BOSS","M","M","?","$","M","R","E","R","T","R","?","E","R","E","R","BOSS"],"build_version":"2019-07-17","purchased_purges":1,"victory":false,"max_hp_per_floor":[82,82,82,82,82,82,82,82,82,82,82,82,82,82,82,82,82,82,82,82,82,82,82,82,82,82,82,82,92,92,92,92,92],"card_choices":[{"not_picked":["Stack","Barrage"],"picked":"Auto Shields","floor":1},{"not_picked":["Steam","Rebound"],"picked":"Conserve Battery","floor":2},{"not_picked":["Conserve Battery","Cold Snap"],"picked":"Ball Lightning","floor":3},{"not_picked":["Undo","Steam"],"picked":"Streamline","floor":4},{"not_picked":["Streamline","Sunder"],"picked":"Sweeping Beam","floor":6},{"not_picked":["Sweeping Beam","Scrape"],"picked":"Leap","floor":7},{"not_picked":["Compile Driver","Steam Power","Rebound"],"picked":"SKIP","floor":8},{"not_picked":["Gash","Rebound"],"picked":"Biased Cognition","floor":10},{"not_picked":["Core Surge","Machine Learning"],"picked":"Electrodynamics","floor":16},{"not_picked":["Go for the Eyes","Recycle"],"picked":"FTL","floor":18},{"not_picked":["Beam Cell","Scrape","Steam+1"],"picked":"SKIP","floor":19},{"not_picked":["Genetic Algorithm","Stack"],"picked":"Fusion","floor":22},{"not_picked":["Barrage+1","Beam Cell"],"picked":"Double Energy","floor":24},{"not_picked":["Cold Snap","Compile Driver"],"picked":"Rip and Tear","floor":29},{"not_picked":["Compile Driver+1","Redo"],"picked":"Lockon+1","floor":31}],"player_experience":371880,"relics_obtained":[{"floor":6,"key":"Bottled Flame"},{"floor":8,"key":"Bird Faced Urn"},{"floor":9,"key":"Art of War"},{"floor":10,"key":"Whetstone"},{"floor":24,"key":"Orichalcum"},{"floor":26,"key":"Gremlin Horn"},{"floor":29,"key":"Pear"},{"floor":31,"key":"Bag of Marbles"}],"event_choices":[{"damage_healed":0,"gold_gain":0,"player_choice":"Grow","damage_taken":0,"max_hp_gain":0,"max_hp_loss":0,"event_name":"Living Wall","floor":5,"gold_loss":0,"cards_upgraded":["Streamline"]},{"damage_healed":0,"gold_gain":0,"player_choice":"Left Gold","damage_taken":0,"max_hp_gain":0,"max_hp_loss":0,"event_name":"World of Goop","floor":14,"gold_loss":47},{"damage_healed":0,"gold_gain":0,"player_choice":"Read","damage_taken":0,"max_hp_gain":0,"max_hp_loss":0,"event_name":"The Library","floor":20,"gold_loss":0,"cards_obtained":["BootSequence"]},{"cards_removed":["Strike_B"],"damage_healed":0,"gold_gain":0,"player_choice":"Gave Gold","damage_taken":0,"max_hp_gain":0,"max_hp_loss":0,"event_name":"Beggar","floor":28,"gold_loss":75}],"is_beta":false,"boss_relics":[{"not_picked":["Runic Pyramid","White Beast Statue"],"picked":"Eternal Feather"}],"items_purged_floors":[12],"is_endless":false,"potions_floor_spawned":[3,6,7,10,16,22,24],"killed_by":"Champ","ascension_level":6}