{"gold_per_floor":[119,129,144,144,157,157,183,194,194,194,213,178,204,219,219,314,314,328,328,328,343,123,123,123,123,150,185,84,84,99,124,124,221,221,231,231,24,24,43,43,43,54,54,88,106,106,206,217,217,217],"floor_reached":51,"playtime":4123,"items_purged":[],"score":848,"play_id":"6a1ad62a-0e8f-42df-9e52-83d86638bd14","local_time":"20190105195910","is_ascension_mode":true,"campfire_choices":[{"floor":6,"key":"REST"},{"floor":10,"key":"REST"},{"data":"Catalyst","floor":15,"key":"SMITH"},{"floor":23,"key":"REST"},{"data":"Glass Knife","floor":25,"key":"SMITH"},{"floor":29,"key":"REST"},{"data":"RitualDagger","floor":32,"key":"SMITH"},{"floor":40,"key":"REST"},{"floor":46,"key":"REST"},{"floor":49,"key":"REST"}],"neow_cost":"NONE","seed_source_timestamp":1300509892363852,"circlet_count":0,"master_deck":["Survivor","Neutralize","Slice","Bouncing Flask+1","Dash","Glass Knife+1","Distraction","Deflect","Backflip","Catalyst+1","Backstab","Corpse Explosion","Wraith Form v2","Flechettes","Crippling Poison","Backflip","Dash","Well Laid Plans","Footwork","Masterful Stab","Slice","RitualDagger+1","Slice+1","Backstab","Dash","Dagger Throw","Prepared","Dagger Spray+1","Backflip","Glass Knife","Bane+1","Quick Slash","Finisher","Noxious Fumes+1","Madness","Madness","Deadly Poison+1","Bouncing Flask","PiercingWail+1","Deflect+1","Poisoned Stab+1","Deadly Poison+1","Dash+1"],"relics":["Ring of the Serpent","War Paint","Ancient Tea Set","Dream Catcher","Pandora\u0027s Box","Vajra","Potion Belt","Bottled Lightning","Orichalcum","HandDrill","Mercury Hourglass","Bag of Preparation","Gambling Chip"],"potions_floor_usage":[8,14,27,27,35,39,44],"damage_taken":[{"damage":9,"enemies":"Jaw Worm","floor":1,"turns":10},{"damage":0,"enemies":"Cultist","floor":2,"turns":4},{"damage":3,"enemies":"2 Louse","floor":3,"turns":2},{"damage":3,"enemies":"Looter","floor":5,"turns":3},{"damage":26,"enemies":"Lagavulin","floor":7,"turns":7},{"damage":9,"enemies":"Large Slime","floor":8,"turns":5},{"damage":7,"enemies":"Exordium Thugs","floor":11,"turns":4},{"damage":4,"enemies":"Gremlin Nob","floor":13,"turns":4},{"damage":0,"enemies":"Blue Slaver","floor":14,"turns":2},{"damage":28,"enemies":"Hexaghost","floor":16,"turns":5},{"damage":2,"enemies":"Chosen","floor":18,"turns":5},{"damage":24,"enemies":"2 Thieves","floor":21,"turns":3},{"damage":13,"enemies":"Book of Stabbing","floor":27,"turns":7},{"damage":0,"enemies":"Centurion and Healer","floor":30,"turns":3},{"damage":0,"enemies":"Gremlin Leader","floor":31,"turns":5},{"damage":54,"enemies":"Collector","floor":33,"turns":8},{"damage":2,"enemies":"Orb Walker","floor":35,"turns":2},{"damage":13,"enemies":"3 Darklings","floor":39,"turns":2},{"damage":16,"enemies":"Sphere and 2 Shapes","floor":42,"turns":3},{"damage":41,"enemies":"Reptomancer","floor":44,"turns":6},{"damage":0,"enemies":"Transient","floor":45,"turns":5},{"damage":4,"enemies":"Mind Bloom Boss Battle","floor":47,"turns":6},{"damage":12,"enemies":"4 Shapes","floor":48,"turns":1},{"damage":44,"enemies":"Donu and Deca","floor":50,"turns":6}],"seed_played":"-3562483546254275247","potions_obtained":[{"floor":5,"key":"Fire Potion"},{"floor":7,"key":"Weak Potion"},{"floor":8,"key":"SkillPotion"},{"floor":13,"key":"Fire Potion"},{"floor":21,"key":"Fruit Juice"},{"floor":31,"key":"Weak Potion"},{"floor":42,"key":"Weak Potion"},{"floor":44,"key":"Ancient Potion"}],"is_trial":false,"path_per_floor":["M","M","M","?","M","R","E","M","T","R","M","?","E","M","R","B",null,"M","?","?","M","$","R","?","R","T","E","$","R","M","E","R","B",null,"M","?","$","$","M","R","?","M","T","E","M","R","?","M","R","B",null],"character_chosen":"THE_SILENT","items_purchased":["Backstab","Vajra","FairyPotion","HandDrill"],"campfire_rested":7,"item_purchase_floors":[22,22,28,37],"current_hp_per_floor":[68,68,65,65,62,77,51,42,42,65,58,77,73,73,73,45,77,75,69,69,45,45,68,68,68,68,60,60,82,82,82,82,28,82,80,80,80,80,67,82,72,56,56,15,15,39,35,23,47,3],"gold":217,"neow_bonus":"TEN_PERCENT_HP_BONUS","is_prod":false,"is_daily":false,"chose_seed":false,"campfire_upgraded":3,"win_rate":0,"timestamp":1546711150,"path_taken":["M","M","M","?","?","R","E","M","T","R","M","?","E","M","R","BOSS","M","?","?","M","$","R","?","R","T","E","$","R","M","E","R","BOSS","M","?","?","$","M","R","?","M","T","E","M","R","?","M","R","BOSS"],"build_version":"2019-01-03v4","purchased_purges":0,"victory":true,"max_hp_per_floor":[77,77,77,77,77,77,77,77,77,77,77,77,77,77,77,77,77,77,77,77,77,77,77,77,77,77,82,82,82,82,82,82,82,82,82,82,82,82,82,82,82,82,82,82,82,82,82,82,82,82],"card_choices":[{"not_picked":["Deflect","Dagger Spray"],"picked":"Slice","floor":1},{"not_picked":["Choke","Masterful Stab"],"picked":"Bouncing Flask","floor":2},{"not_picked":["Quick Slash","Dodge and Roll"],"picked":"Dash","floor":3},{"not_picked":["Skewer","Flying Knee"],"picked":"Glass Knife","floor":5},{"not_picked":["Underhanded Strike","Eviscerate"],"picked":"Distraction","floor":7},{"not_picked":["Cloak And Dagger","Caltrops"],"picked":"Deflect","floor":8},{"not_picked":["Blade Dance","Bane"],"picked":"Backflip","floor":11},{"not_picked":["Bane","Phantasmal Killer"],"picked":"Catalyst","floor":13},{"not_picked":["Tactician","Blade Dance"],"picked":"Backstab","floor":14},{"not_picked":["Phantasmal Killer","Tools of the Trade"],"picked":"Corpse Explosion","floor":16},{"not_picked":["Quick Slash","Dodge and Roll"],"picked":"Slice","floor":18},{"not_picked":["Acrobatics+1","Bane"],"picked":"Slice+1","floor":21},{"not_picked":["Quick Slash+1","Leg Sweep"],"picked":"Dash","floor":23},{"not_picked":["Predator","Accuracy"],"picked":"Dagger Throw","floor":27},{"not_picked":["Infinite Blades","Bane"],"picked":"Prepared","floor":29},{"not_picked":["All Out Attack+1","Riddle With Holes"],"picked":"Dagger Spray+1","floor":30},{"not_picked":["Choke+1","Reflex"],"picked":"Backflip","floor":31},{"not_picked":["A Thousand Cuts","Grand Finale"],"picked":"Glass Knife","floor":33},{"not_picked":["Sucker Punch+1","Finisher"],"picked":"Bane+1","floor":35},{"not_picked":["Skewer","Blade Dance"],"picked":"Finisher","floor":39},{"not_picked":["Poisoned Stab","Acrobatics+1"],"picked":"Noxious Fumes+1","floor":40},{"not_picked":["Outmaneuver","Footwork"],"picked":"Deadly Poison+1","floor":42},{"not_picked":["Dagger Throw","A Thousand Cuts"],"picked":"Bouncing Flask","floor":44},{"not_picked":["Underhanded Strike+1","Heel Hook"],"picked":"PiercingWail+1","floor":45},{"not_picked":["Acrobatics","Flying Knee"],"picked":"Deflect+1","floor":46},{"not_picked":["Underhanded Strike+1","Accuracy"],"picked":"Poisoned Stab+1","floor":47},{"not_picked":["Phantasmal Killer","Dagger Throw+1"],"picked":"Deadly Poison+1","floor":48},{"not_picked":["Crippling Poison+1","Concentrate+1"],"picked":"Dash+1","floor":49}],"player_experience":119393,"relics_obtained":[{"floor":7,"key":"War Paint"},{"floor":9,"key":"Ancient Tea Set"},{"floor":13,"key":"Dream Catcher"},{"floor":26,"key":"Potion Belt"},{"floor":27,"key":"Bottled Lightning"},{"floor":31,"key":"Orichalcum"},{"floor":43,"key":"Mercury Hourglass"},{"floor":44,"key":"Bag of Preparation"},{"floor":47,"key":"Gambling Chip"}],"event_choices":[{"cards_removed":["Defend_G"],"damage_healed":0,"gold_gain":0,"player_choice":"Card Removal","damage_taken":0,"max_hp_gain":0,"max_hp_loss":0,"event_name":"Wheel of Change","floor":4,"gold_loss":0},{"damage_healed":19,"gold_gain":0,"player_choice":"Healed","damage_taken":0,"max_hp_gain":0,"max_hp_loss":0,"event_name":"The Cleric","floor":12,"gold_loss":35},{"damage_healed":0,"gold_gain":0,"player_choice":"Joined the Cult","damage_taken":6,"max_hp_gain":0,"max_hp_loss":0,"event_name":"Nest","floor":19,"gold_loss":0,"cards_obtained":["RitualDagger"]},{"damage_healed":0,"gold_gain":0,"player_choice":"Ignored","damage_taken":0,"max_hp_gain":0,"max_hp_loss":0,"event_name":"Vampires","floor":20,"gold_loss":0},{"cards_removed":["Accuracy"],"damage_healed":0,"gold_gain":0,"player_choice":"Elegance","damage_taken":0,"max_hp_gain":0,"max_hp_loss":0,"event_name":"Back to Basics","floor":24,"gold_loss":0},{"damage_healed":0,"gold_gain":0,"player_choice":"1 cards matched","damage_taken":0,"max_hp_gain":0,"max_hp_loss":0,"event_name":"Match and Keep!","floor":36,"gold_loss":0,"cards_obtained":["Quick Slash"]},{"damage_healed":0,"gold_gain":0,"player_choice":"Embrace Madness","damage_taken":10,"max_hp_gain":0,"max_hp_loss":0,"event_name":"Winding Halls","floor":41,"gold_loss":0,"cards_obtained":["Madness","Madness"]},{"damage_healed":0,"gold_gain":0,"player_choice":"Fight","damage_taken":0,"max_hp_gain":0,"max_hp_loss":0,"event_name":"MindBloom","floor":47,"gold_loss":0}],"is_beta":false,"boss_relics":[{"not_picked":["Busted Crown","WristBlade"],"picked":"Pandora\u0027s Box"},{"not_picked":["Sozu","Tiny House"],"picked":"Ring of the Serpent"}],"items_purged_floors":[],"is_endless":false,"potions_floor_spawned":[5,7,8,13,21,31,42,44],"ascension_level":2}