{"gold_per_floor":[115,115,133,53,67,102,102,119,201,201],"floor_reached":10,"playtime":950,"items_purged":[],"score":75,"play_id":"f66c1214-b58c-41a1-85c1-1c00f72ea931","local_time":"20191006180932","is_ascension_mode":true,"campfire_choices":[{"floor":7,"key":"REST"}],"neow_cost":"NONE","seed_source_timestamp":116481234025200,"circlet_count":0,"master_deck":["Strike_G","Strike_G","Strike_G","Strike_G","Strike_G","Defend_G","Defend_G","Defend_G","Defend_G","Defend_G","Survivor","Neutralize","Dodge and Roll","Discovery","Tools of the Trade","Masterful Stab","Blade Dance","Well Laid Plans","Storm of Steel"],"relics":["Ring of the Snake","NeowsBlessing","Ornamental Fan","Tiny Chest"],"potions_floor_usage":[],"damage_taken":[{"damage":0,"enemies":"2 Louse","floor":1,"turns":1},{"damage":0,"enemies":"Cultist","floor":3,"turns":1},{"damage":0,"enemies":"Small Slimes","floor":5,"turns":1},{"damage":59,"enemies":"3 Sentries","floor":6,"turns":26},{"damage":11,"enemies":"3 Louse","floor":8,"turns":5},{"damage":22,"enemies":"Lagavulin","floor":10,"turns":6}],"seed_played":"6335499674179991099","potions_obtained":[{"floor":8,"key":"Energy Potion"}],"is_trial":false,"path_per_floor":["M","?","M","$","M","E","R","M","T","E"],"character_chosen":"THE_SILENT","items_purchased":["Well Laid Plans"],"campfire_rested":1,"item_purchase_floors":[4],"current_hp_per_floor":[70,70,70,70,70,11,32,21,21,0],"gold":201,"neow_bonus":"THREE_ENEMY_KILL","is_prod":false,"is_daily":false,"chose_seed":false,"campfire_upgraded":0,"win_rate":0,"timestamp":1570378172,"path_taken":["M","?","M","$","M","E","R","?","T","E"],"build_version":"2019-07-17","purchased_purges":0,"victory":false,"max_hp_per_floor":[70,70,70,70,70,70,70,70,70,70],"card_choices":[{"not_picked":["Riddle With Holes","Slice"],"picked":"Dodge and Roll","floor":1},{"not_picked":["Sucker Punch","Catalyst","Heel Hook"],"picked":"SKIP","floor":3},{"not_picked":["Quick Slash","Dagger Throw","Slice"],"picked":"SKIP","floor":5},{"not_picked":["Flechettes","Deadly Poison"],"picked":"Storm of Steel","floor":6},{"not_picked":["Flechettes","Reflex","Leg Sweep"],"picked":"SKIP","floor":8}],"player_experience":227857,"relics_obtained":[{"floor":6,"key":"Ornamental Fan"},{"floor":9,"key":"Tiny Chest"}],"event_choices":[{"damage_healed":0,"gold_gain":0,"player_choice":"4 cards matched","damage_taken":0,"max_hp_gain":0,"max_hp_loss":0,"event_name":"Match and Keep!","floor":2,"gold_loss":0,"cards_obtained":["Discovery","Tools of the Trade","Masterful Stab","Blade Dance"]}],"is_beta":false,"boss_relics":[],"items_purged_floors":[],"is_endless":false,"potions_floor_spawned":[8],"killed_by":"Lagavulin","ascension_level":2}