{"gold_per_floor":[115,61,336,57,76,103,103,130,130,305,305,305,5,28,28,148,148,167,167,167,167,185,185,223,223],"floor_reached":25,"playtime":956,"items_purged":["Regret","Doubt"],"score":225,"play_id":"68f473de-e7f7-4639-95a4-9e7bd8ce55fd","local_time":"20190301060004","is_ascension_mode":false,"campfire_choices":[{"data":"Loop","floor":7,"key":"SMITH"},{"floor":11,"key":"REST"},{"floor":15,"key":"REST"},{"floor":23,"key":"REST"}],"neow_cost":"TEN_PERCENT_HP_LOSS","seed_source_timestamp":556154181052300,"circlet_count":0,"master_deck":["Strike_B","Strike_B","Defend_B","Defend_B","Defend_B","Defend_B","Zap","Dualcast","Chaos","Barrage","Loop+1","Gash","Gash","Machine Learning","Biased Cognition+1","Static Discharge+1"],"relics":["Cracked Core","DollysMirror","Mummified Hand","Frozen Egg 2","Orichalcum","Golden Idol","ClockworkSouvenir","Inserter","MutagenicStrength","Bottled Lightning","Pen Nib"],"potions_floor_usage":[8,25,25],"damage_taken":[{"damage":0,"enemies":"Small Slimes","floor":1,"turns":3},{"damage":0,"enemies":"Cultist","floor":5,"turns":3},{"damage":39,"enemies":"3 Sentries","floor":6,"turns":7},{"damage":24,"enemies":"Gremlin Nob","floor":8,"turns":4},{"damage":1,"enemies":"Jaw Worm","floor":14,"turns":3},{"damage":37,"enemies":"Hexaghost","floor":16,"turns":11},{"damage":20,"enemies":"Shell Parasite","floor":18,"turns":5},{"damage":5,"enemies":"Spheric Guardian","floor":22,"turns":3},{"damage":43,"enemies":"Slavers","floor":24,"turns":5},{"damage":15,"enemies":"Snake Plant","floor":25,"turns":2}],"seed_played":"-3325320440738977826","potions_obtained":[{"floor":1,"key":"SteroidPotion"},{"floor":6,"key":"LiquidBronze"},{"floor":16,"key":"AttackPotion"},{"floor":18,"key":"Explosive Potion"},{"floor":21,"key":"PowerPotion"},{"floor":21,"key":"Regen Potion"}],"is_trial":false,"path_per_floor":["M","$","?","$","M","E","R","E","T","?","R","?","$","M","R","B",null,"M","?","T","?","M","R","E","M"],"character_chosen":"DEFECT","items_purchased":["Gash","DollysMirror","ClockworkSouvenir"],"campfire_rested":3,"item_purchase_floors":[2,4,13],"current_hp_per_floor":[68,68,68,68,68,29,29,5,5,5,25,25,25,24,42,5,63,43,43,43,43,38,56,13,0],"gold":223,"neow_bonus":"TRANSFORM_TWO_CARDS","is_prod":false,"is_daily":false,"chose_seed":false,"campfire_upgraded":1,"win_rate":0.0,"timestamp":1551438004,"path_taken":["M","$","?","$","?","E","R","E","T","?","R","?","$","M","R","BOSS","M","?","?","?","M","R","E","M"],"build_version":"2019-01-23","purchased_purges":2,"victory":false,"max_hp_per_floor":[68,68,68,68,68,68,68,68,68,68,68,63,63,63,63,63,63,63,63,63,63,63,63,63,63],"card_choices":[{"not_picked":["Steam","Tempest"],"picked":"Loop","floor":1},{"not_picked":["Barrage","Sweeping Beam","Recycle"],"picked":"SKIP","floor":5},{"not_picked":["White Noise","Stack"],"picked":"Machine Learning","floor":6},{"not_picked":["Force Field","Steam Power","Coolheaded"],"picked":"SKIP","floor":8},{"not_picked":["Rebound","Coolheaded","Turbo"],"picked":"SKIP","floor":14},{"not_picked":["Fission","All For One"],"picked":"Biased Cognition+1","floor":16},{"not_picked":["Chaos","Turbo"],"picked":"Static Discharge+1","floor":18},{"not_picked":["Chill","Reinforced Body+1","Go for the Eyes"],"picked":"SKIP","floor":22},{"not_picked":["Hologram","Steam Power","Go for the Eyes+1"],"picked":"SKIP","floor":24}],"player_experience":207336,"relics_obtained":[{"floor":6,"key":"Mummified Hand"},{"floor":8,"key":"Frozen Egg 2"},{"floor":9,"key":"Orichalcum"},{"floor":20,"key":"Bottled Lightning"},{"floor":24,"key":"Pen Nib"}],"event_choices":[{"damage_healed":0,"gold_gain":275,"player_choice":"Desecrate","damage_taken":0,"max_hp_gain":0,"max_hp_loss":0,"event_name":"Golden Shrine","floor":3,"gold_loss":0,"cards_obtained":["Regret"]},{"damage_healed":0,"gold_gain":175,"player_choice":"AGREE","damage_taken":0,"max_hp_gain":0,"max_hp_loss":0,"event_name":"Liars Game","floor":10,"gold_loss":0,"cards_obtained":["Doubt"]},{"damage_healed":0,"gold_gain":0,"player_choice":"Lose Max HP","damage_taken":0,"relics_obtained":["Golden Idol"],"max_hp_gain":0,"max_hp_loss":5,"event_name":"Golden Idol","floor":12,"gold_loss":0},{"damage_healed":0,"gold_gain":0,"player_choice":"Inject Mutagens","damage_taken":0,"relics_obtained":["MutagenicStrength"],"max_hp_gain":0,"max_hp_loss":0,"event_name":"Drug Dealer","floor":19,"gold_loss":0},{"damage_healed":0,"gold_gain":0,"player_choice":"Got Potions","damage_taken":0,"max_hp_gain":0,"max_hp_loss":0,"event_name":"Lab","floor":21,"gold_loss":0}],"is_beta":false,"boss_relics":[{"not_picked":["Cursed Key","Eternal Feather"],"picked":"Inserter"}],"items_purged_floors":[4,13],"is_endless":false,"potions_floor_spawned":[1,6,16,18,22],"killed_by":"Snake Plant","ascension_level":0}