{"path_per_floor":["M","M","?","M","?","R","E","R","T","E","M","M","M","M","R","B",null,"M","$","M","$","?","R","E","R","T","M","?","M","?","?","R","B",null,"M","?","?","?","M","M","M","R","T","R","$","?","M","$","R"],"character_chosen":"THE_SILENT","items_purchased":["Paper Crane","Strength Potion","Adrenaline","Pen Nib","Apotheosis"],"gold_per_floor":[116,129,129,149,149,149,176,176,176,203,216,229,240,257,257,358,358,374,48,60,9,9,9,40,40,340,350,275,295,295,295,295,397,397,411,411,462,462,476,491,502,502,502,502,4,4,18,18,18],"floor_reached":50,"campfire_rested":3,"playtime":2966,"current_hp_per_floor":[63,63,63,63,63,63,57,80,80,49,49,49,49,49,49,57,74,62,62,61,61,61,61,36,36,36,32,32,32,16,16,40,19,65,65,65,30,30,15,15,15,39,39,39,39,70,70,70,70],"items_purged":["Defend_G"],"gold":18,"score":574,"play_id":"05239b35-c897-4259-9d9e-8e2e8f322fc8","is_prod":false,"is_daily":false,"is_ascension_mode":true,"campfire_upgraded":6,"path_taken":["M","?","?","?","?","R","E","R","T","E","M","M","?","M","R","BOSS","M","$","M","$","?","R","E","R","T","M","?","M","?","?","R","BOSS","M","?","?","?","M","M","?","R","T","R","$","?","M","?","R","BOSS"],"build_version":"2018-02-12-PROD1","purchased_purges":1,"victory":false,"master_deck":["Defend_G+1","Defend_G+1","Defend_G+1","Defend_G+1","Strike_G+1","Strike_G+1","Strike_G+1","Neutralize+1","Backstab+1","Backflip","Accuracy+1","PiercingWail","Predator","Venomology","Backflip","Prepared","Blade Dance+1","Tactician+1","Concentrate+1","Infinite Blades","Heel Hook+1","Backflip","Necronomicurse","Die Die Die","Prepared+1","Burst+1","Blind","Blur","Cloak And Dagger+1","Adrenaline","Apotheosis+1","Acrobatics"],"max_hp_per_floor":[70,70,70,70,70,70,80,80,80,80,80,80,80,80,80,80,80,80,80,80,80,80,80,80,80,80,80,80,80,80,80,80,80,80,80,80,80,80,80,80,80,80,80,80,80,70,70,70,70],"relics":["Ring of the Snake","NeowsBlessing","Pear","Sundial","Bottled Tornado","Runic Dome","Paper Crane","Ninja Scroll","Old Coin","Necronomicon","Black Star","Tingsha","Peace Pipe","Pen Nib"],"card_choices":[{"not_picked":["PiercingWail","Dagger Spray"],"picked":"Backstab"},{"not_picked":["Bane","Burst"],"picked":"Backflip"},{"not_picked":["Dagger Throw","Sucker Punch"],"picked":"PiercingWail"},{"not_picked":["Accuracy","Crippling Poison"],"picked":"Predator"},{"not_picked":["Dagger Spray","Sucker Punch"],"picked":"Venomology"},{"not_picked":["Accuracy","Concentrate"],"picked":"Backflip"},{"not_picked":["Footwork","Finisher"],"picked":"Prepared"},{"not_picked":["Poisoned Stab","Corpse Explosion"],"picked":"Blade Dance"},{"not_picked":["Venomology","Night Terror"],"picked":"Tactician"},{"not_picked":["PiercingWail","Flying Knee"],"picked":"Concentrate"},{"not_picked":["Slice","Cloak And Dagger"],"picked":"Infinite Blades"},{"not_picked":["Dagger Spray","Poisoned Stab"],"picked":"Heel Hook"},{"not_picked":["Eviscerate","Endless Agony"],"picked":"Backflip"},{"not_picked":["Venomology","Grand Finale"],"picked":"Die Die Die"},{"not_picked":["Deflect","Footwork"],"picked":"Prepared"},{"not_picked":["Flying Knee","Quick Slash"],"picked":"Blur"},{"not_picked":["Distraction","Crippling Poison"],"picked":"Cloak And Dagger"},{"not_picked":["Flying Knee","Deadly Poison"],"picked":"Acrobatics"}],"player_experience":154818,"potions_floor_usage":[7,14,16,16,16,16,18,20,24,24,27,33,33,33,41,41,47,50,50,50],"damage_taken":[{"damage":0,"enemies":"Blue Slaver","floor":1,"turns":1},{"damage":0,"enemies":"Jaw Worm","floor":2,"turns":1},{"damage":0,"enemies":"Small Slimes","floor":4,"turns":1},{"damage":16,"enemies":"3 Sentries","floor":7,"turns":12},{"damage":31,"enemies":"Lagavulin","floor":10,"turns":7},{"damage":0,"enemies":"Red Slaver","floor":11,"turns":3},{"damage":0,"enemies":"Looter","floor":12,"turns":3},{"damage":0,"enemies":"3 Louse","floor":13,"turns":4},{"damage":0,"enemies":"Lots of Slimes","floor":14,"turns":5},{"damage":7,"enemies":"The Guardian","floor":16,"turns":13},{"damage":12,"enemies":"Spheric Guardian","floor":18,"turns":6},{"damage":1,"enemies":"2 Thieves","floor":20,"turns":4},{"damage":40,"enemies":"Gremlin Leader","floor":24,"turns":9},{"damage":4,"enemies":"Snake Plant","floor":27,"turns":4},{"damage":0,"enemies":"3 Cultists","floor":29,"turns":5},{"damage":36,"enemies":"Champ","floor":33,"turns":11},{"damage":0,"enemies":"Orb Walker","floor":35,"turns":2},{"damage":35,"enemies":"Mysterious Sphere","floor":37,"turns":9},{"damage":15,"enemies":"3 Darklings","floor":39,"turns":3},{"damage":0,"enemies":"Sphere and 2 Shapes","floor":40,"turns":10},{"damage":0,"enemies":"4 Shapes","floor":41,"turns":4},{"damage":0,"enemies":"Maw","floor":47,"turns":7},{"damage":90,"enemies":"Time Eater","floor":50,"turns":10}],"event_choices":[{"event_name":"Living Wall","player_choice":"Change","floor":3,"damage_taken":0},{"event_name":"Upgrade Shrine","player_choice":"Upgraded","floor":5,"damage_taken":0},{"event_name":"Back to Basics","player_choice":"Simplicity","floor":22,"damage_taken":0},{"event_name":"Beggar","player_choice":"Gave Gold","floor":28,"damage_taken":0},{"event_name":"Cursed Tome","player_choice":"Obtained Book","floor":30,"damage_taken":0},{"event_name":"Vampires","player_choice":"Ignored","floor":31,"damage_taken":0},{"event_name":"Mysterious Sphere","player_choice":"Fight","floor":37,"damage_taken":0},{"event_name":"Match and Keep!","player_choice":"2 cards matched","floor":38,"damage_taken":0},{"event_name":"The Moai Head","player_choice":"Heal","floor":46,"damage_taken":0}],"boss_relics":[{"not_picked":["Sozu","Tiny House"],"picked":"Runic Dome"},{"not_picked":["Question Card","Runic Pyramid"],"picked":"Black Star"}],"potions_floor_spawned":[4,11,12,13,18,24,29,33,40,41,47],"seed_played":"3300843772844357000","killed_by":"Time Eater","ascension_level":6,"is_trial":false}