{"gold_per_floor":[119,119,44,63,82,109,109,126,126,138,156,156,156,56,56,161,161,173,273,273,289,88,119,119,119,119,119,119,133,186,199,199,299,299,311,411,411,411,421,448,448,477,477,511,565,578,356,373,373,373],"floor_reached":51,"playtime":4011,"items_purged":["Defend_B","Defend_B","Strike_B"],"score":803,"play_id":"591cc606-dbf8-4509-8fc6-7096664b9548","local_time":"20190315211842","is_ascension_mode":false,"campfire_choices":[{"data":"Glacier","floor":7,"key":"SMITH"},{"data":"Creative AI","floor":12,"key":"SMITH"},{"data":"Zap","floor":15,"key":"SMITH"},{"data":"Dualcast","floor":24,"key":"SMITH"},{"floor":27,"key":"REST"},{"floor":28,"key":"REST"},{"data":"Conserve Battery","floor":32,"key":"SMITH"},{"floor":41,"key":"REST"},{"floor":49,"key":"DIG"}],"neow_cost":"NONE","seed_source_timestamp":178422149024900,"circlet_count":0,"master_deck":["Strike_B","Strike_B","Defend_B","Defend_B","Zap+1","Dualcast+1","Rip and Tear","Conserve Battery+1","Beam Cell","Glacier+1","Conserve Battery+1","Creative AI+1","Echo Form+1","Beam Cell+1","Leap+1","Panache","Writhe","Conserve Battery+1","Bandage Up"],"relics":["FrozenCore","Anchor","Mummified Hand","Pantograph","Thread and Needle","Symbiotic Virus","Lee\u0027s Waffle","WingedGreaves","Dodecahedron","Happy Flower","Fusion Hammer","Turnip","Bottled Tornado","Torii","Gremlin Horn","Vajra","Shovel","Unceasing Top"],"potions_floor_usage":[16,19,23,33,33,33],"damage_taken":[{"damage":0,"enemies":"2 Louse","floor":1,"turns":2},{"damage":0,"enemies":"Cultist","floor":4,"turns":3},{"damage":0,"enemies":"Small Slimes","floor":5,"turns":3},{"damage":21,"enemies":"3 Sentries","floor":6,"turns":8},{"damage":0,"enemies":"Looter","floor":8,"turns":3},{"damage":0,"enemies":"Red Slaver","floor":10,"turns":3},{"damage":15,"enemies":"Exordium Thugs","floor":11,"turns":5},{"damage":0,"enemies":"Slime Boss","floor":16,"turns":9},{"damage":9,"enemies":"Shell Parasite","floor":18,"turns":5},{"damage":14,"enemies":"Colosseum Slavers","floor":19,"turns":6},{"damage":0,"enemies":"Colosseum Nobs","floor":19,"turns":6},{"damage":5,"enemies":"3 Byrds","floor":21,"turns":6},{"damage":26,"enemies":"Slavers","floor":23,"turns":7},{"damage":0,"enemies":"Shelled Parasite and Fungi","floor":29,"turns":5},{"damage":0,"enemies":"Snecko","floor":31,"turns":5},{"damage":7,"enemies":"Collector","floor":33,"turns":8},{"damage":20,"enemies":"3 Shapes","floor":35,"turns":5},{"damage":16,"enemies":"Mind Bloom Boss Battle","floor":36,"turns":8},{"damage":16,"enemies":"3 Darklings","floor":39,"turns":5},{"damage":0,"enemies":"Giant Head","floor":40,"turns":7},{"damage":15,"enemies":"Nemesis","floor":42,"turns":9},{"damage":0,"enemies":"Giant Head","floor":44,"turns":10},{"damage":17,"enemies":"2 Orb Walkers","floor":45,"turns":5},{"damage":0,"enemies":"Jaw Worm Horde","floor":46,"turns":4},{"damage":0,"enemies":"Transient","floor":48,"turns":5},{"damage":1,"enemies":"Awakened One","floor":50,"turns":10}],"seed_played":"6313213367957432041","potions_obtained":[{"floor":6,"key":"Ancient Potion"},{"floor":10,"key":"Explosive Potion"},{"floor":11,"key":"PowerPotion"},{"floor":18,"key":"PowerPotion"},{"floor":21,"key":"PowerPotion"},{"floor":29,"key":"Strength Potion"},{"floor":36,"key":"Block Potion"},{"floor":39,"key":"Dexterity Potion"},{"floor":45,"key":"Strength Potion"},{"floor":48,"key":"Energy Potion"}],"is_trial":false,"path_per_floor":["M","?","$","M","M","E","R","M","T","M","M","R","T","$","R","B",null,"M","?","?","M","$","E","R","$","T","R","R","M","T","M","R","B",null,"M","?","?","?","M","E","R","E","T","E","?","M","$","M","R","B",null],"character_chosen":"DEFECT","items_purchased":["Lee\u0027s Waffle","Bandage Up"],"campfire_rested":3,"item_purchase_floors":[22,47],"current_hp_per_floor":[75,75,75,75,75,54,54,54,54,54,39,39,39,39,39,64,75,66,52,52,47,82,56,56,56,56,80,82,82,82,82,82,75,82,62,66,66,82,66,66,82,67,67,67,50,50,50,54,54,82],"gold":373,"neow_bonus":"TRANSFORM_CARD","is_prod":false,"is_daily":false,"chose_seed":false,"campfire_upgraded":5,"win_rate":0.0,"timestamp":1552699122,"path_taken":["M","?","$","M","M","E","R","?","T","M","M","R","?","$","R","BOSS","M","?","?","?","$","E","R","?","T","R","R","M","?","M","R","BOSS","M","?","?","?","M","E","R","E","T","E","?","M","?","M","R","BOSS"],"build_version":"2019-01-23","purchased_purges":3,"victory":true,"max_hp_per_floor":[75,75,75,75,75,75,75,75,75,75,75,75,75,75,75,75,75,75,75,75,75,82,82,82,82,82,82,82,82,82,82,82,82,82,82,82,82,82,82,82,82,82,82,82,82,82,82,82,82,82],"card_choices":[{"not_picked":["Coolheaded","Self Repair"],"picked":"Conserve Battery","floor":1},{"not_picked":["Rebound","Streamline"],"picked":"Beam Cell","floor":4},{"not_picked":["Hologram","Steam","Barrage"],"picked":"SKIP","floor":5},{"not_picked":["Barrage","Streamline"],"picked":"Glacier","floor":6},{"not_picked":["Barrage","Static Discharge"],"picked":"Conserve Battery","floor":8},{"not_picked":["Leap","FTL"],"picked":"Creative AI","floor":10},{"not_picked":["Skim","Beam Cell","Sweeping Beam"],"picked":"SKIP","floor":11},{"not_picked":["Thunder Strike","Reboot"],"picked":"Echo Form","floor":16},{"not_picked":["Go for the Eyes","Redo","Lockon+1"],"picked":"SKIP","floor":18},{"not_picked":["Defragment","FTL"],"picked":"Beam Cell+1","floor":19},{"not_picked":["Sweeping Beam","Go for the Eyes","Gash"],"picked":"SKIP","floor":21},{"not_picked":["Recycle","Sunder","Cold Snap"],"picked":"SKIP","floor":23},{"not_picked":["Defragment","Streamline+1","Leap+1"],"picked":"SKIP","floor":29},{"not_picked":["Coolheaded","Sweeping Beam+1","Hologram"],"picked":"SKIP","floor":31},{"not_picked":["Beam Cell+1","Coolheaded+1","Self Repair"],"picked":"SKIP","floor":35},{"not_picked":["Cold Snap+1","Rebound"],"picked":"Leap+1","floor":36},{"not_picked":["Metamorphosis","Violence"],"picked":"Panache","floor":37},{"not_picked":["Steam","Streamline"],"picked":"Conserve Battery+1","floor":39},{"not_picked":["Streamline+1","Steam+1","Melter"],"picked":"SKIP","floor":40},{"not_picked":["Rebound","Barrage+1","Steam"],"picked":"SKIP","floor":42},{"not_picked":["Stack+1","Go for the Eyes","Consume+1"],"picked":"SKIP","floor":44},{"not_picked":["Go for the Eyes","Loop+1","Buffer"],"picked":"SKIP","floor":46},{"not_picked":["Static Discharge","Go for the Eyes","Streamline+1"],"picked":"SKIP","floor":48}],"player_experience":208292,"relics_obtained":[{"floor":6,"key":"Anchor"},{"floor":9,"key":"Mummified Hand"},{"floor":13,"key":"Pantograph"},{"floor":19,"key":"Thread and Needle"},{"floor":19,"key":"Symbiotic Virus"},{"floor":23,"key":"WingedGreaves"},{"floor":26,"key":"Dodecahedron"},{"floor":30,"key":"Happy Flower"},{"floor":36,"key":"Turnip"},{"floor":40,"key":"Bottled Tornado"},{"floor":42,"key":"Torii"},{"floor":43,"key":"Gremlin Horn"},{"floor":44,"key":"Vajra"},{"floor":45,"key":"Shovel"},{"floor":49,"key":"Unceasing Top"}],"event_choices":[{"damage_healed":0,"gold_gain":0,"player_choice":"Upgraded","damage_taken":0,"max_hp_gain":0,"max_hp_loss":0,"event_name":"Upgrade Shrine","floor":2,"gold_loss":0,"cards_upgraded":["Conserve Battery"]},{"damage_healed":0,"gold_gain":0,"player_choice":"Fight","damage_taken":0,"max_hp_gain":0,"max_hp_loss":0,"event_name":"Colosseum","floor":19,"gold_loss":0},{"damage_healed":0,"gold_gain":0,"player_choice":"Fought Nobs","damage_taken":0,"max_hp_gain":0,"max_hp_loss":0,"event_name":"Colosseum","floor":19,"gold_loss":0},{"damage_healed":0,"gold_gain":0,"player_choice":"Forge","damage_taken":0,"max_hp_gain":0,"max_hp_loss":0,"event_name":"Accursed Blacksmith","floor":20,"gold_loss":0,"cards_upgraded":["Echo Form"]},{"damage_healed":0,"gold_gain":0,"player_choice":"Fight","damage_taken":0,"max_hp_gain":0,"max_hp_loss":0,"event_name":"MindBloom","floor":36,"gold_loss":0},{"damage_healed":0,"gold_gain":0,"player_choice":"Memory 1","damage_taken":0,"max_hp_gain":0,"max_hp_loss":0,"event_name":"SensoryStone","floor":37,"gold_loss":0},{"damage_healed":21,"gold_gain":0,"player_choice":"Writhe","damage_taken":0,"max_hp_gain":0,"max_hp_loss":0,"event_name":"Winding Halls","floor":38,"gold_loss":0,"cards_obtained":["Writhe"]},{"damage_healed":0,"gold_gain":0,"player_choice":"Fight","damage_taken":0,"max_hp_gain":0,"max_hp_loss":0,"event_name":"Mysterious Sphere","floor":45,"gold_loss":0}],"is_beta":false,"boss_relics":[{"not_picked":["Eternal Feather","Inserter"],"picked":"FrozenCore"},{"not_picked":["Snecko Eye","White Beast Statue"],"picked":"Fusion Hammer"}],"items_purged_floors":[3,14,47],"is_endless":false,"potions_floor_spawned":[6,10,11,18,21,29,31,36,39,42,45,48],"ascension_level":0}