{"gold_per_floor":[118,293,293,312,325,325,325,325,325,325,335,351,371,391,391,491,491,506,506,520,520,75,75,95,95,95,42,42,56,66,66,66,66],"floor_reached":33,"playtime":1108,"items_purged":["Defend_B"],"score":239,"play_id":"48f620eb-c7b3-456a-8f01-80d2979aead5","local_time":"20190124184101","is_ascension_mode":false,"campfire_choices":[{"data":"Redo","floor":6,"key":"SMITH"},{"data":"Zap","floor":8,"key":"SMITH"},{"data":"White Noise","floor":15,"key":"SMITH"},{"data":"Redo","floor":23,"key":"SMITH"},{"data":"Leap","floor":25,"key":"SMITH"},{"floor":32,"key":"REST"}],"neow_cost":"NONE","seed_source_timestamp":5887555143400,"circlet_count":0,"master_deck":["Defend_B","Defend_B","Zap+1","BootSequence","Ball Lightning","Redo+1","Storm","White Noise+1","Thunder Strike","Redo+1","Creative AI+1","Redo+1","Scrape","Leap+1","Defragment","Leap","BootSequence+1","Decay"],"relics":["Cracked Core","NeowsBlessing","Meat on the Bone","Astrolabe","Bottled Flame","Matryoshka","Oddly Smooth Stone","Pantograph"],"potions_floor_usage":[16,20,33],"damage_taken":[{"damage":0,"enemies":"Jaw Worm","floor":1,"turns":1},{"damage":0,"enemies":"2 Louse","floor":4,"turns":1},{"damage":0,"enemies":"Small Slimes","floor":5,"turns":1},{"damage":0,"enemies":"3 Louse","floor":11,"turns":3},{"damage":0,"enemies":"Red Slaver","floor":12,"turns":3},{"damage":9,"enemies":"Gremlin Gang","floor":13,"turns":3},{"damage":1,"enemies":"Large Slime","floor":14,"turns":4},{"damage":31,"enemies":"Slime Boss","floor":16,"turns":10},{"damage":20,"enemies":"Spheric Guardian","floor":18,"turns":4},{"damage":10,"enemies":"Shell Parasite","floor":20,"turns":4},{"damage":6,"enemies":"Cultist and Chosen","floor":24,"turns":3},{"damage":30,"enemies":"Sentry and Sphere","floor":29,"turns":4},{"damage":15,"enemies":"Snecko","floor":30,"turns":4},{"damage":71,"enemies":"Automaton","floor":33,"turns":8}],"seed_played":"9043388379545797503","potions_obtained":[{"floor":1,"key":"SkillPotion"},{"floor":5,"key":"GamblersBrew"},{"floor":12,"key":"FearPotion"},{"floor":16,"key":"Ancient Potion"},{"floor":18,"key":"EssenceOfSteel"},{"floor":29,"key":"LiquidBronze"}],"is_trial":false,"path_per_floor":["M","?","?","M","M","R","?","R","T","?","M","M","M","M","R","B",null,"M","?","M","?","$","R","M","R","T","$","T","M","M","?","R","B"],"character_chosen":"DEFECT","items_purchased":["Leap","Bottled Flame","Defragment","Leap"],"campfire_rested":1,"item_purchase_floors":[22,22,22,27],"current_hp_per_floor":[75,75,68,68,68,68,68,68,68,68,68,68,59,58,58,39,75,55,55,45,45,45,45,39,39,39,39,39,21,18,18,40,0],"gold":66,"neow_bonus":"THREE_ENEMY_KILL","is_prod":false,"is_daily":false,"chose_seed":false,"campfire_upgraded":5,"win_rate":0.0,"timestamp":1548373261,"path_taken":["M","?","?","M","M","R","?","R","T","?","?","M","?","M","R","BOSS","M","?","?","?","?","R","M","R","T","$","?","M","?","?","R","BOSS"],"build_version":"2019-01-23","purchased_purges":1,"victory":false,"max_hp_per_floor":[75,75,75,75,75,75,75,75,75,75,75,75,75,75,75,75,75,75,75,75,75,75,75,75,75,75,75,75,75,75,75,75,75],"card_choices":[{"not_picked":["Chaos","Hologram"],"picked":"BootSequence","floor":1},{"not_picked":["Sweeping Beam","Barrage"],"picked":"Ball Lightning","floor":4},{"not_picked":["Conserve Battery","Stack"],"picked":"Redo","floor":5},{"not_picked":["Beam Cell","Lockon","Sweeping Beam"],"picked":"SKIP","floor":11},{"not_picked":["Fusion","Blizzard","Streamline"],"picked":"SKIP","floor":12},{"not_picked":["Leap","Redo"],"picked":"Storm","floor":13},{"not_picked":["Go for the Eyes","Meteor Strike"],"picked":"White Noise","floor":14},{"not_picked":["Meteor Strike","Buffer"],"picked":"Thunder Strike","floor":16},{"not_picked":["Double Energy+1","Doom and Gloom"],"picked":"Redo","floor":18},{"not_picked":["Steam+1","Chaos"],"picked":"Scrape","floor":20},{"not_picked":["Barrage","Turbo","FTL"],"picked":"SKIP","floor":24},{"not_picked":["Hyperbeam","Sweeping Beam"],"picked":"BootSequence+1","floor":29},{"not_picked":["Streamline","Gash","Stack"],"picked":"SKIP","floor":30}],"player_experience":196964,"relics_obtained":[{"floor":9,"key":"Meat on the Bone"},{"floor":26,"key":"Matryoshka"},{"floor":28,"key":"Oddly Smooth Stone"},{"floor":28,"key":"Pantograph"}],"event_choices":[{"damage_healed":0,"gold_gain":175,"player_choice":"AGREE","damage_taken":0,"max_hp_gain":0,"max_hp_loss":0,"event_name":"Liars Game","floor":2,"gold_loss":0,"cards_obtained":["Doubt"]},{"cards_removed":["Doubt"],"damage_healed":0,"gold_gain":0,"player_choice":"Card Removal","damage_taken":7,"max_hp_gain":0,"max_hp_loss":0,"event_name":"Golden Wing","floor":3,"gold_loss":0},{"cards_removed":["Strike_B"],"damage_healed":0,"gold_gain":0,"player_choice":"Forget","damage_taken":0,"max_hp_gain":0,"max_hp_loss":0,"event_name":"Living Wall","floor":7,"gold_loss":0},{"cards_removed":["Strike_B"],"damage_healed":0,"gold_gain":0,"player_choice":"Purged","damage_taken":0,"max_hp_gain":0,"max_hp_loss":0,"event_name":"Purifier","floor":10,"gold_loss":0},{"cards_removed":["Streamline"],"damage_healed":0,"gold_gain":0,"player_choice":"Card Removal","damage_taken":0,"max_hp_gain":0,"max_hp_loss":0,"event_name":"Wheel of Change","floor":19,"gold_loss":0},{"cards_removed":["Dualcast"],"damage_healed":0,"gold_gain":0,"player_choice":"Elegance","damage_taken":0,"max_hp_gain":0,"max_hp_loss":0,"event_name":"Back to Basics","floor":21,"gold_loss":0},{"damage_healed":0,"gold_gain":0,"player_choice":"Smashed Altar","damage_taken":0,"max_hp_gain":0,"max_hp_loss":0,"event_name":"Forgotten Altar","floor":31,"gold_loss":0,"cards_obtained":["Decay"]}],"is_beta":false,"boss_relics":[{"not_picked":["FrozenCore","Eternal Feather"],"picked":"Astrolabe"}],"items_purged_floors":[22],"is_endless":false,"potions_floor_spawned":[1,5,12,16,18,29],"killed_by":"Automaton","ascension_level":0}