{"path_per_floor":["M","?","M","$","M","E","R","M","T","M","M","M","E","$","R","B",null,"M","?","M","M","M","R","M","M","T","?","?","?","M","M","R"],"character_chosen":"THE_SILENT","items_purchased":["Adrenaline","Lee\u0027s Waffle"],"gold_per_floor":[117,117,130,61,73,107,107,124,192,209,227,239,264,6,6,109,109,120,120,130,140,153,153,167,181,227,227,227,227,244,254,254],"floor_reached":33,"campfire_rested":1,"playtime":2902,"current_hp_per_floor":[70,52,52,52,52,27,27,21,21,15,24,17,15,77,77,61,77,74,53,44,29,27,27,10,9,9,4,4,4,8,16,46],"items_purged":["Strike_G"],"gold":254,"play_id":"89286e8d-d550-4b5f-879d-0d9370749064","is_prod":false,"is_daily":false,"is_ascension_mode":true,"campfire_upgraded":3,"path_taken":["M","?","?","$","M","E","R","M","T","M","M","M","E","$","R","BOSS","M","?","M","M","M","R","?","M","T","?","?","?","?","M","R","BOSS"],"build_version":"2018-02-01-PROD3","purchased_purges":1,"victory":false,"master_deck":["Defend_G+1","Defend_G+1","Defend_G+1","Defend_G+1","Survivor","Neutralize","Adrenaline+1","Leg Sweep","Dagger Spray","Well Laid Plans","Prepared","Bouncing Flask+1","Wraith Form","PiercingWail+1","Adrenaline+1","Tactician+1","Bite","Bite","Bite","Bite","Bite","Noxious Fumes+1","Backstab+1","A Thousand Cuts","Blur+1"],"max_hp_per_floor":[70,70,70,70,70,70,70,70,70,70,70,70,70,77,77,77,77,77,53,53,53,53,53,53,53,53,53,53,53,53,53,53],"relics":["Ring of the Snake","NeowsBlessing","Prayer Wheel","Matryoshka","Smiling Mask","Paper Crane","Shuriken","Lee\u0027s Waffle","Astrolabe","Regal Pillow","Vajra"],"card_choices":[{"not_picked":["Dagger Throw","Blade Dance"],"picked":"Leg Sweep"},{"not_picked":["Flechettes","All Out Attack"],"picked":"Dagger Spray"},{"not_picked":["Dodge and Roll","Prepared"],"picked":"Well Laid Plans"},{"not_picked":["Sucker Punch","Caltrops"],"picked":"Prepared"},{"not_picked":["Leg Sweep","Finisher"],"picked":"Bouncing Flask"},{"not_picked":["Venomology","Tactician"],"picked":"Wraith Form"},{"not_picked":["Cloak And Dagger","Slice"],"picked":"Noxious Fumes"},{"not_picked":["Poisoned Stab","Prepared"],"picked":"Backstab"},{"not_picked":["Flying Knee","Masterful Stab"],"picked":"A Thousand Cuts"},{"not_picked":["Backflip","Outmaneuver"],"picked":"Blur"}],"player_experience":87222,"potions_floor_usage":[6,10,11,18,20,21,25,31],"damage_taken":[{"damage":0,"enemies":"Small Slimes","floor":1,"turns":1},{"damage":0,"enemies":"Blue Slaver","floor":3,"turns":1},{"damage":0,"enemies":"Cultist","floor":5,"turns":1},{"damage":25,"enemies":"Gremlin Nob","floor":6,"turns":8},{"damage":6,"enemies":"2 Fungi Beasts","floor":8,"turns":5},{"damage":6,"enemies":"Gremlin Gang","floor":10,"turns":4},{"damage":0,"enemies":"Red Slaver","floor":11,"turns":4},{"damage":7,"enemies":"3 Louse","floor":12,"turns":3},{"damage":2,"enemies":"Lagavulin","floor":13,"turns":7},{"damage":16,"enemies":"Hexaghost","floor":16,"turns":10},{"damage":3,"enemies":"3 Byrds","floor":18,"turns":5},{"damage":13,"enemies":"2 Thieves","floor":20,"turns":4},{"damage":23,"enemies":"3 Cultists","floor":21,"turns":5},{"damage":14,"enemies":"Snake Plant","floor":22,"turns":6},{"damage":35,"enemies":"Slaver and Parasite","floor":24,"turns":7},{"damage":9,"enemies":"Snecko","floor":25,"turns":5},{"damage":12,"enemies":"Snake Plant","floor":30,"turns":5},{"damage":0,"enemies":"Slaver and Parasite","floor":31,"turns":5},{"damage":80,"enemies":"Collector","floor":33,"turns":7}],"event_choices":[{"event_name":"Scrap Ooze","player_choice":"success","floor":2,"damage_taken":18},{"event_name":"Vampires","player_choice":"Became a vampire","floor":19,"damage_taken":0},{"event_name":"Wheel of Change","player_choice":"Damage","floor":27,"damage_taken":0},{"event_name":"Purifier","player_choice":"One Purge","floor":28,"damage_taken":0},{"event_name":"Back to Basics","player_choice":"Simplicity","floor":29,"damage_taken":0}],"boss_relics":[{"not_picked":["Calling Bell","Philosopher\u0027s Stone"],"picked":"Astrolabe"}],"potions_floor_spawned":[3,8,10,12,18,20,24,30],"seed_played":"-2446493787668474024","killed_by":"Collector","ascension_level":2,"is_trial":false}