{"gold_per_floor":[118,138,61,1,14,14,29,29,29,47,47,59,59,80,80,151,151,167,167,199,213,573,573,587,587],"floor_reached":25,"playtime":542,"items_purged":[],"score":386,"play_id":"61d859cf-7859-49a0-9fa4-ea428fa2f4e9","local_time":"20190927173540","is_ascension_mode":true,"campfire_choices":[{"data":"Rampage","floor":6.0,"key":"SMITH"},{"floor":11.0,"key":"RECALL"},{"data":"Burning Pact","floor":13.0,"key":"SMITH"},{"data":"Bash","floor":15.0,"key":"SMITH"},{"floor":23,"key":"REST"}],"neow_cost":"NONE","seed_source_timestamp":437110920016314,"circlet_count":0,"master_deck":["AscendersBane","Strike_R","Strike_R","Strike_R","Strike_R","Strike_R","Defend_R","Defend_R","Defend_R","Defend_R","Bash+1","Rampage+1","Burning Pact+1","Fiend Fire","Pommel Strike+1","Second Wind"],"special_seed":0,"relics":["Burning Blood","NeowsBlessing","TungstenRod","WarpedTongs","Du-Vu Doll","Odd Mushroom","Runic Pyramid","Red Mask"],"potions_floor_usage":[20],"damage_taken":[{"damage":0.0,"enemies":"Small Slimes","floor":1.0,"turns":1.0},{"damage":0.0,"enemies":"Cultist","floor":2.0,"turns":1.0},{"damage":0.0,"enemies":"Jaw Worm","floor":5.0,"turns":1.0},{"damage":13.0,"enemies":"Red Slaver","floor":7.0,"turns":4.0},{"damage":8.0,"enemies":"2 Fungi Beasts","floor":10.0,"turns":3.0},{"damage":2.0,"enemies":"Exordium Thugs","floor":12.0,"turns":4.0},{"damage":12.0,"enemies":"The Mushroom Lair","floor":14.0,"turns":4.0},{"damage":25.0,"enemies":"Slime Boss","floor":16.0,"turns":10.0},{"damage":2,"enemies":"Spheric Guardian","floor":18,"turns":3},{"damage":34,"enemies":"Masked Bandits","floor":20,"turns":4},{"damage":12,"enemies":"3 Byrds","floor":21,"turns":5},{"damage":17,"enemies":"Centurion and Healer","floor":24,"turns":4},{"damage":36,"enemies":"Book of Stabbing","floor":25,"turns":3}],"seed_played":"1834850785575132295","potions_obtained":[{"floor":10.0,"key":"SpeedPotion"},{"floor":14.0,"key":"EssenceOfSteel"},{"floor":18,"key":"Swift Potion"},{"floor":21,"key":"Explosive Potion"}],"is_trial":false,"path_per_floor":["M","M","$","?","M","R","M","?","T","M","R","M","R","?","R","B",null,"M","?","?","M","?","R","M","E"],"character_chosen":"IRONCLAD","items_purchased":["Rampage"],"campfire_rested":1,"item_purchase_floors":[3],"current_hp_per_floor":[74,75,75,75,75,75,68,68,68,66,66,70,70,64,64,45,68,72,72,44,38,8,30,19,0],"gold":587,"neow_bonus":"THREE_ENEMY_KILL","is_prod":false,"is_daily":false,"chose_seed":false,"campfire_upgraded":3,"win_rate":0,"timestamp":1569576940,"path_taken":["M","M","$","?","?","R","M","?","T","M","R","?","R","?","R","BOSS","M","?","?","?","?","R","?","E"],"build_version":"2019-09-26","purchased_purges":0,"victory":false,"max_hp_per_floor":[75,75,75,75,75,75,75,75,75,75,75,75,75,75,75,75,75,75,75,75,75,75,75,75,75],"card_choices":[{"not_picked":["Headbutt","Warcry","Perfected Strike"],"picked":"SKIP","floor":1.0},{"not_picked":["Pummel","Anger","Perfected Strike"],"picked":"SKIP","floor":2.0},{"not_picked":["Uppercut","Pommel Strike","Anger"],"picked":"SKIP","floor":5.0},{"not_picked":["Flex","Warcry","Wild Strike"],"picked":"SKIP","floor":7.0},{"not_picked":["Corruption","Clothesline","Heavy Blade"],"picked":"SKIP","floor":10.0},{"not_picked":["Sword Boomerang","Clash"],"picked":"Burning Pact","floor":12.0},{"not_picked":["Berserk","Bludgeon"],"picked":"Fiend Fire","floor":16.0},{"not_picked":["Inflame","Rampage","Wild Strike"],"picked":"SKIP","floor":18},{"not_picked":["Havoc+1","Headbutt"],"picked":"Pommel Strike+1","floor":20},{"not_picked":["Dropkick","Wild Strike","Sword Boomerang"],"picked":"SKIP","floor":21},{"not_picked":["Burning Pact","Feel No Pain"],"picked":"Second Wind","floor":24}],"player_experience":1034094,"relics_obtained":[{"floor":9.0,"key":"Du-Vu Doll"},{"floor":14.0,"key":"Odd Mushroom"},{"floor":20,"key":"Red Mask"}],"event_choices":[{"damage_healed":0.0,"max_hp_gain":0.0,"max_hp_loss":0.0,"gold_gain":0.0,"event_name":"WeMeetAgain","player_choice":"Paid Gold","floor":4.0,"gold_loss":60.0,"damage_taken":0.0,"relics_obtained":["TungstenRod"]},{"damage_healed":0.0,"max_hp_gain":0.0,"max_hp_loss":0.0,"gold_gain":0.0,"event_name":"Accursed Blacksmith","player_choice":"Rummage","floor":8.0,"gold_loss":0.0,"damage_taken":0.0,"relics_obtained":["WarpedTongs"],"cards_obtained":["Pain"]},{"damage_healed":0.0,"max_hp_gain":0.0,"max_hp_loss":0.0,"gold_gain":0.0,"event_name":"Mushrooms","player_choice":"Fought Mushrooms","floor":14.0,"gold_loss":0.0,"damage_taken":0.0},{"cards_removed":["Pain"],"damage_healed":0,"gold_gain":0,"player_choice":"Elegance","damage_taken":0,"max_hp_gain":0,"max_hp_loss":0,"event_name":"Back to Basics","floor":19,"gold_loss":0},{"damage_healed":0,"gold_gain":0,"player_choice":"Fought Bandits","damage_taken":0,"max_hp_gain":0,"max_hp_loss":0,"event_name":"Masked Bandits","floor":20,"gold_loss":0},{"damage_healed":0,"gold_gain":360,"player_choice":"GOLD GOLD GOLD GOLD ","damage_taken":35,"max_hp_gain":0,"max_hp_loss":0,"event_name":"Knowing Skull","floor":22,"potions_obtained":[],"gold_loss":0,"cards_obtained":[]}],"is_beta":true,"boss_relics":[{"not_picked":["Snecko Eye","SacredBark"],"picked":"Runic Pyramid"}],"items_purged_floors":[],"is_endless":false,"potions_floor_spawned":[10,14,18,21],"killed_by":"Book of Stabbing","ascension_level":20}