{"gold_per_floor":[119,119,219,179,193,220,230,230,230,47,12,12,23,37,37,140,140,153,153,170,60,60],"floor_reached":22,"playtime":811,"items_purged":["Defend_B"],"score":212,"play_id":"34698ff5-3af0-4afb-9ee2-ea6921635475","local_time":"20191016212522","is_ascension_mode":true,"campfire_choices":[{"floor":8,"key":"REST"},{"data":"Storm","floor":12,"key":"SMITH"},{"data":"Capacitor","floor":15,"key":"SMITH"}],"neow_cost":"NONE","seed_source_timestamp":481046479811000,"circlet_count":0,"master_deck":["Strike_B","Strike_B","Strike_B","Defend_B","Defend_B","Zap+1","Dualcast","Hello World","Storm+1","Skim","Capacitor+1","Leap","Self Repair","Conserve Battery","Conserve Battery","Creative AI","Barrage+1","Genetic Algorithm+1","Self Repair"],"relics":["Cracked Core","Pantograph","Bronze Scales","Bag of Preparation","Nloth\u0027s Gift"],"potions_floor_usage":[],"damage_taken":[{"damage":0,"enemies":"Small Slimes","floor":1,"turns":3},{"damage":14,"enemies":"2 Louse","floor":5,"turns":2},{"damage":31,"enemies":"Lagavulin","floor":6,"turns":6},{"damage":5,"enemies":"Cultist","floor":7,"turns":5},{"damage":4,"enemies":"Red Slaver","floor":13,"turns":4},{"damage":4,"enemies":"3 Louse","floor":14,"turns":3},{"damage":39,"enemies":"Slime Boss","floor":16,"turns":10},{"damage":10,"enemies":"Chosen","floor":18,"turns":5},{"damage":27,"enemies":"3 Byrds","floor":20,"turns":3},{"damage":42,"enemies":"Centurion and Healer","floor":22,"turns":6}],"seed_played":"5591633228575327259","potions_obtained":[{"floor":7,"key":"Strength Potion"},{"floor":13,"key":"GamblersBrew"},{"floor":14,"key":"GamblersBrew"}],"is_trial":false,"path_per_floor":["M","?","?","$","M","E","M","R","T","$","?","R","M","M","R","B",null,"M","?","M","$","M"],"character_chosen":"DEFECT","items_purchased":["Storm","Self Repair","Bag of Preparation","Self Repair"],"campfire_rested":1,"item_purchase_floors":[4,10,10,21],"current_hp_per_floor":[75,75,75,75,61,30,25,47,47,47,65,65,68,71,71,43,75,65,65,38,38,0],"gold":60,"neow_bonus":"UPGRADE_CARD","is_prod":false,"is_daily":false,"chose_seed":false,"campfire_upgraded":2,"win_rate":0,"timestamp":1571253922,"path_taken":["M","?","?","$","?","E","M","R","T","?","?","R","M","M","R","BOSS","M","?","M","$","M"],"build_version":"2019-07-17","purchased_purges":1,"victory":false,"max_hp_per_floor":[75,75,75,75,75,75,75,75,75,75,75,75,75,75,75,75,75,75,75,75,75,75],"card_choices":[{"not_picked":["Compile Driver","Hologram"],"picked":"Hello World","floor":1},{"not_picked":["Ball Lightning","Rebound"],"picked":"Skim","floor":5},{"not_picked":["Rebound","Chill"],"picked":"Capacitor","floor":6},{"not_picked":["Streamline","Hologram"],"picked":"Leap","floor":7},{"not_picked":["Hyperbeam","Sweeping Beam"],"picked":"Conserve Battery","floor":13},{"not_picked":["Barrage","Redo"],"picked":"Conserve Battery","floor":14},{"not_picked":["Electrodynamics","Amplify"],"picked":"Creative AI","floor":16},{"not_picked":["Rebound","Hologram+1"],"picked":"Barrage+1","floor":18},{"not_picked":["Recycle","Go for the Eyes"],"picked":"Genetic Algorithm+1","floor":20}],"player_experience":366262,"relics_obtained":[{"floor":6,"key":"Pantograph"},{"floor":9,"key":"Bronze Scales"}],"event_choices":[{"damage_healed":0,"gold_gain":0,"player_choice":"Ignored","damage_taken":0,"max_hp_gain":0,"max_hp_loss":0,"event_name":"Liars Game","floor":2,"gold_loss":0},{"damage_healed":0,"gold_gain":100,"player_choice":"Pray","damage_taken":0,"max_hp_gain":0,"max_hp_loss":0,"event_name":"Golden Shrine","floor":3,"gold_loss":0},{"damage_healed":18,"gold_gain":0,"player_choice":"Healed","damage_taken":0,"max_hp_gain":0,"max_hp_loss":0,"event_name":"The Cleric","floor":11,"gold_loss":35},{"damage_healed":0,"gold_gain":0,"player_choice":"Traded Relic","damage_taken":0,"relics_obtained":["Nloth\u0027s Gift"],"max_hp_gain":0,"max_hp_loss":0,"event_name":"N\u0027loth","floor":19,"relics_lost":["Empty Cage"],"gold_loss":0}],"is_beta":false,"boss_relics":[{"not_picked":["Ectoplasm","Astrolabe"],"picked":"Empty Cage"}],"items_purged_floors":[21],"is_endless":false,"potions_floor_spawned":[7,13,14,20],"killed_by":"Centurion and Healer","ascension_level":3}