{"gold_per_floor":[145,95,95,110,110,110,141,141,141,157,157,171,183,108,108,108],"floor_reached":16,"playtime":897,"items_purged":["Pain"],"score":140,"play_id":"1be2a20f-6d96-40b8-bb2b-80f1cc945268","local_time":"20191015141600","is_ascension_mode":true,"campfire_choices":[{"data":"Terror","floor":6,"key":"SMITH"},{"floor":8,"key":"REST"},{"data":"Neutralize","floor":11,"key":"SMITH"},{"floor":15,"key":"REST"}],"neow_cost":"NONE","seed_source_timestamp":104710893701000,"circlet_count":0,"master_deck":["Strike_G","Strike_G","Strike_G","Strike_G","Defend_G","Defend_G","Defend_G","Defend_G","Defend_G","Survivor","Neutralize+1","Terror+1","Well Laid Plans","Burst","Footwork","Tactician+1"],"relics":["Ring of the Snake","Tiny Chest","Happy Flower","WarpedTongs","Orichalcum","Toxic Egg 2"],"potions_floor_usage":[16,16],"damage_taken":[{"damage":6,"enemies":"Jaw Worm","floor":1,"turns":4},{"damage":3,"enemies":"2 Louse","floor":4,"turns":4},{"damage":31,"enemies":"3 Sentries","floor":7,"turns":14},{"damage":5,"enemies":"Cultist","floor":10,"turns":3},{"damage":12,"enemies":"3 Louse","floor":12,"turns":6},{"damage":14,"enemies":"Lots of Slimes","floor":13,"turns":9},{"damage":34,"enemies":"Slime Boss","floor":16,"turns":11}],"seed_played":"8364294011442687892","potions_obtained":[{"floor":1,"key":"Explosive Potion"},{"floor":10,"key":"SteroidPotion"},{"floor":13,"key":"AttackPotion"}],"is_trial":false,"path_per_floor":["M","?","?","M","?","R","E","R","T","M","R","M","M","$","R","B"],"character_chosen":"THE_SILENT","items_purchased":[],"campfire_rested":2,"item_purchase_floors":[],"current_hp_per_floor":[57,57,57,54,54,54,23,44,44,39,39,27,13,13,34,0],"gold":108,"neow_bonus":"RANDOM_COMMON_RELIC","is_prod":false,"is_daily":false,"chose_seed":false,"campfire_upgraded":2,"win_rate":0,"timestamp":1571163360,"path_taken":["M","?","?","?","?","R","E","R","T","M","R","M","M","$","R","BOSS"],"build_version":"2019-07-17","purchased_purges":1,"victory":false,"max_hp_per_floor":[70,70,70,70,70,70,70,70,70,70,70,70,70,70,70,70],"card_choices":[{"not_picked":["Escape Plan","Deflect"],"picked":"Terror","floor":1},{"not_picked":["Blade Dance","Dagger Spray"],"picked":"Well Laid Plans","floor":4},{"not_picked":["All Out Attack","Reflex"],"picked":"Burst","floor":7},{"not_picked":["Leg Sweep+1","Underhanded Strike"],"picked":"Footwork","floor":10},{"not_picked":["Prepared+1","Underhanded Strike"],"picked":"Tactician+1","floor":12},{"not_picked":["Infinite Blades","Backstab","Bane"],"picked":"SKIP","floor":13}],"player_experience":222109,"relics_obtained":[{"floor":7,"key":"Orichalcum"},{"floor":9,"key":"Toxic Egg 2"}],"event_choices":[{"cards_removed":["Strike_G"],"damage_healed":0,"gold_gain":0,"player_choice":"Card Removal","damage_taken":0,"max_hp_gain":0,"max_hp_loss":0,"event_name":"The Cleric","floor":2,"gold_loss":50},{"damage_healed":0,"gold_gain":0,"player_choice":"Gave Potion","damage_taken":0,"relics_obtained":["Happy Flower"],"max_hp_gain":0,"max_hp_loss":0,"event_name":"WeMeetAgain","floor":3,"gold_loss":0},{"damage_healed":0,"gold_gain":0,"player_choice":"Rummage","damage_taken":0,"relics_obtained":["WarpedTongs"],"max_hp_gain":0,"max_hp_loss":0,"event_name":"Accursed Blacksmith","floor":5,"gold_loss":0,"cards_obtained":["Pain"]}],"is_beta":false,"boss_relics":[],"items_purged_floors":[14],"is_endless":false,"potions_floor_spawned":[1,10,13],"killed_by":"Slime Boss","ascension_level":8}