{"gold_per_floor":[109,128,143,154,154,154,154,174,198,198,233,250,264,284,284,284],"floor_reached":16,"playtime":1288,"items_purged":[],"score":106,"play_id":"a5abcf37-9392-4ba5-aa20-a2a56f2a5e23","local_time":"20190927135755","is_ascension_mode":false,"campfire_choices":[{"data":"Cold Snap","floor":6,"key":"SMITH"},{"data":"Compile Driver","floor":10,"key":"SMITH"},{"data":"Conserve Battery","floor":15,"key":"SMITH"}],"neow_cost":"NONE","seed_source_timestamp":56328578909400,"circlet_count":0,"master_deck":["Strike_B","Strike_B","Strike_B","Defend_B","Defend_B","Defend_B","Defend_B","Zap+1","Dualcast","Reinforced Body","Cold Snap+1","Lockon","Beam Cell","Compile Driver+1","Compile Driver","Conserve Battery","Coolheaded","Conserve Battery+1"],"relics":["Cracked Core","Pen Nib","Strawberry"],"potions_floor_usage":[],"damage_taken":[{"damage":8,"enemies":"Jaw Worm","floor":1,"turns":3},{"damage":1,"enemies":"2 Louse","floor":2,"turns":3},{"damage":0,"enemies":"Cultist","floor":3,"turns":3},{"damage":4,"enemies":"2 Fungi Beasts","floor":4,"turns":4},{"damage":9,"enemies":"Large Slime","floor":8,"turns":2},{"damage":11,"enemies":"3 Sentries","floor":11,"turns":7},{"damage":8,"enemies":"Exordium Wildlife","floor":12,"turns":3},{"damage":3,"enemies":"Lots of Slimes","floor":13,"turns":3},{"damage":5,"enemies":"Blue Slaver","floor":14,"turns":2},{"damage":33,"enemies":"The Guardian","floor":16,"turns":7}],"seed_played":"1474899174883990457","potions_obtained":[{"floor":1,"key":"Energy Potion"},{"floor":4,"key":"AttackPotion"},{"floor":8,"key":"EntropicBrew"},{"floor":13,"key":"FearPotion"}],"is_trial":false,"path_per_floor":["M","M","M","M","?","R","?","M","T","R","E","M","M","M","R","B"],"character_chosen":"DEFECT","items_purchased":[],"campfire_rested":0,"item_purchase_floors":[],"current_hp_per_floor":[74,73,73,69,62,62,62,53,53,53,49,41,38,33,33,0],"gold":284,"neow_bonus":"TEN_PERCENT_HP_BONUS","is_prod":false,"is_daily":false,"chose_seed":false,"campfire_upgraded":3,"win_rate":0.0,"timestamp":1569585475,"path_taken":["M","M","M","M","?","R","?","M","T","R","E","M","M","M","R","BOSS"],"build_version":"2019-07-17","purchased_purges":0,"victory":false,"max_hp_per_floor":[82,82,82,82,82,82,82,82,82,82,89,89,89,89,89,89],"card_choices":[{"not_picked":["Chaos","Leap"],"picked":"Reinforced Body","floor":1},{"not_picked":["Steam","Force Field"],"picked":"Cold Snap","floor":2},{"not_picked":["Static Discharge","Compile Driver"],"picked":"Lockon","floor":3},{"not_picked":["Genetic Algorithm","Coolheaded"],"picked":"Beam Cell","floor":4},{"not_picked":["Barrage","Storm"],"picked":"Compile Driver","floor":8},{"not_picked":["Ball Lightning","Heatsinks"],"picked":"Compile Driver","floor":11},{"not_picked":["Storm","Compile Driver"],"picked":"Conserve Battery","floor":12},{"not_picked":["Compile Driver","Leap"],"picked":"Coolheaded","floor":13},{"not_picked":["Consume","Blizzard"],"picked":"Conserve Battery","floor":14}],"player_experience":1629,"relics_obtained":[{"floor":9,"key":"Pen Nib"},{"floor":11,"key":"Strawberry"}],"event_choices":[{"cards_removed":["Strike_B"],"damage_healed":0,"gold_gain":0,"player_choice":"Card Removal","damage_taken":7,"max_hp_gain":0,"max_hp_loss":0,"event_name":"Golden Wing","floor":5,"gold_loss":0},{"damage_healed":0,"gold_gain":0,"player_choice":"Grow","damage_taken":0,"max_hp_gain":0,"max_hp_loss":0,"event_name":"Living Wall","floor":7,"gold_loss":0,"cards_upgraded":["Zap"]}],"is_beta":false,"boss_relics":[],"items_purged_floors":[],"is_endless":false,"potions_floor_spawned":[1,4,8,13,14],"killed_by":"The Guardian","ascension_level":0}