{"gold_per_floor":[116,116,6,6,6,32,32,50,50,50,84,84,119,137,137,242,242,256,290,273,97,97,127,127,157,157,157,157],"floor_reached":28,"playtime":1290,"items_purged":[],"score":297,"play_id":"534ed3fd-aeb9-44e5-9016-c0ccc5f55436","local_time":"20191008145708","is_ascension_mode":true,"campfire_choices":[{"data":"True Grit","floor":10,"key":"SMITH"},{"floor":12,"key":"REST"},{"floor":15,"key":"REST"},{"floor":24,"key":"REST"}],"neow_cost":"TEN_PERCENT_HP_LOSS","seed_source_timestamp":277406073807000,"circlet_count":0,"master_deck":["Strike_R","Strike_R","Strike_R","Strike_R","Strike_R","Defend_R","Defend_R","Defend_R","Defend_R","Bash","Shrug It Off+1","Rampage","Inflame","Pommel Strike","Ghostly Armor","Thunderclap","True Grit+1","Demon Form","Feel No Pain","Body Slam","Impervious","Evolve+1","Headbutt+1","Pommel Strike+1","Panache","Searing Blow+1"],"relics":["Burning Blood","Mango","Smiling Mask","Paper Frog","Potion Belt","Art of War","Sozu","Red Mask","Bag of Marbles","Bronze Scales"],"potions_floor_usage":[16,19],"damage_taken":[{"damage":0,"enemies":"2 Louse","floor":1,"turns":3},{"damage":40,"enemies":"Lagavulin","floor":6,"turns":8},{"damage":2,"enemies":"Jaw Worm","floor":8,"turns":4},{"damage":48,"enemies":"Gremlin Nob","floor":11,"turns":5},{"damage":26,"enemies":"3 Sentries","floor":13,"turns":8},{"damage":4,"enemies":"Small Slimes","floor":14,"turns":4},{"damage":10,"enemies":"Hexaghost","floor":16,"turns":9},{"damage":15,"enemies":"Shell Parasite","floor":18,"turns":8},{"damage":43,"enemies":"Masked Bandits","floor":19,"turns":5},{"damage":14,"enemies":"2 Thieves","floor":20,"turns":4},{"damage":30,"enemies":"Book of Stabbing","floor":23,"turns":6},{"damage":55,"enemies":"Gremlin Leader","floor":25,"turns":8},{"damage":12,"enemies":"Chosen and Byrds","floor":28,"turns":3}],"seed_played":"-8849687282854403948","potions_obtained":[{"floor":1,"key":"Explosive Potion"},{"floor":6,"key":"SpeedPotion"},{"floor":13,"key":"Poison Potion"}],"is_trial":false,"path_per_floor":["M","?","$","?","$","E","?","M","T","R","E","R","E","M","R","B",null,"M","?","M","$","?","E","R","E","T","?","M"],"character_chosen":"IRONCLAD","items_purchased":["Rampage","Inflame","Panache"],"campfire_rested":3,"item_purchase_floors":[3,3,21],"current_hp_per_floor":[86,86,86,86,86,52,52,56,56,56,14,39,19,21,46,42,86,77,40,32,32,60,36,61,12,12,12,0],"gold":157,"neow_bonus":"ONE_RARE_RELIC","is_prod":false,"is_daily":false,"chose_seed":false,"campfire_upgraded":1,"win_rate":0,"timestamp":1570539428,"path_taken":["M","?","$","?","$","E","?","?","T","R","E","R","E","M","R","BOSS","M","?","M","$","?","E","R","E","T","?","M"],"build_version":"2019-07-17","purchased_purges":0,"victory":false,"max_hp_per_floor":[86,86,86,86,86,86,86,86,86,86,86,86,86,86,86,86,86,86,86,86,86,86,86,86,86,86,86,86],"card_choices":[{"not_picked":["Hemokinesis","Warcry"],"picked":"Shrug It Off","floor":1},{"not_picked":["Combust","Evolve"],"picked":"Pommel Strike","floor":6},{"not_picked":["Thunderclap","Havoc"],"picked":"True Grit","floor":8},{"not_picked":["Warcry","Combust"],"picked":"Demon Form","floor":11},{"not_picked":["Dropkick","Twin Strike"],"picked":"Feel No Pain","floor":13},{"not_picked":["Flex","Carnage"],"picked":"Body Slam","floor":14},{"not_picked":["Reaper","Double Tap"],"picked":"Impervious","floor":16},{"not_picked":["Pummel","Flex"],"picked":"Evolve+1","floor":18},{"not_picked":["Warcry","Shrug It Off"],"picked":"Headbutt+1","floor":19},{"not_picked":["Rampage","Carnage"],"picked":"Pommel Strike+1","floor":20},{"not_picked":["Dropkick","Evolve"],"picked":"Searing Blow+1","floor":23},{"not_picked":["Burning Pact","Wild Strike","Havoc+1"],"picked":"SKIP","floor":25}],"player_experience":259102,"relics_obtained":[{"floor":6,"key":"Smiling Mask"},{"floor":9,"key":"Paper Frog"},{"floor":11,"key":"Potion Belt"},{"floor":13,"key":"Art of War"},{"floor":19,"key":"Red Mask"},{"floor":23,"key":"Bag of Marbles"},{"floor":25,"key":"Bronze Scales"}],"event_choices":[{"damage_healed":0,"gold_gain":0,"player_choice":"Grow","damage_taken":0,"max_hp_gain":0,"max_hp_loss":0,"event_name":"Living Wall","floor":2,"gold_loss":0,"cards_upgraded":["Shrug It Off"]},{"damage_healed":0,"gold_gain":0,"player_choice":"Ignored","damage_taken":0,"max_hp_gain":0,"max_hp_loss":0,"event_name":"Liars Game","floor":4,"gold_loss":0},{"damage_healed":0,"gold_gain":0,"player_choice":"2 cards matched","damage_taken":0,"max_hp_gain":0,"max_hp_loss":0,"event_name":"Match and Keep!","floor":7,"gold_loss":0,"cards_obtained":["Ghostly Armor","Thunderclap"]},{"damage_healed":0,"gold_gain":0,"player_choice":"Fought Bandits","damage_taken":0,"max_hp_gain":0,"max_hp_loss":0,"event_name":"Masked Bandits","floor":19,"gold_loss":0},{"damage_healed":28,"gold_gain":0,"player_choice":"Heal","damage_taken":0,"max_hp_gain":0,"max_hp_loss":0,"event_name":"The Library","floor":22,"gold_loss":0},{"damage_healed":0,"gold_gain":0,"player_choice":"Ignored","damage_taken":0,"max_hp_gain":0,"max_hp_loss":0,"event_name":"Cursed Tome","floor":27,"gold_loss":0}],"is_beta":false,"boss_relics":[{"not_picked":["Astrolabe","Fusion Hammer"],"picked":"Sozu"}],"items_purged_floors":[],"is_endless":false,"potions_floor_spawned":[1,6,13,19,25],"killed_by":"Chosen and Byrds","ascension_level":2}