{"gold_per_floor":[117,117,128,143,154,188,188,215,245,245,245,276,286,317,317,416,416,435,458,473,492,512,538,538,565,616,629,629,629,664,189,189,289,289,305,323,337,14,0,28,28,57,57,57,72,22,42,76,76,76],"floor_reached":51,"playtime":3545,"items_purged":["Strike_B","Amplify"],"score":1285,"play_id":"4fde7a34-61c9-445c-bd15-d3bad17f687e","local_time":"20191013125650","is_ascension_mode":true,"campfire_choices":[{"data":"Sunder","floor":7,"key":"SMITH"},{"data":"Buffer","floor":15,"key":"SMITH"},{"data":"Loop","floor":24,"key":"SMITH"},{"data":"Auto Shields","floor":28,"key":"SMITH"},{"data":"Apotheosis","floor":32,"key":"SMITH"},{"data":"Seek","floor":41,"key":"SMITH"},{"data":"Reboot","floor":44,"key":"SMITH"},{"data":"Echo Form","floor":49,"key":"SMITH"}],"neow_cost":"NONE","seed_source_timestamp":148095439611600,"circlet_count":0,"master_deck":["Strike_B+1","Defend_B","Defend_B","Defend_B","Defend_B","Zap","Dualcast","Sunder+1","Rip and Tear","Echo Form+1","Auto Shields+1","Cold Snap+1","Leap","FTL","Buffer+1","Loop+1","Beam Cell","Auto Shields+1","Coolheaded+1","Heatsinks+1","Seek+1","FTL","Apotheosis+1","Stack","Reboot+1","Tempest","Loop+1","Conserve Battery+1","Glacier","Conserve Battery","Streamline+1","Go for the Eyes+1"],"relics":["Cracked Core","Matryoshka","Whetstone","Anchor","Tiny Chest","Mercury Hourglass","Bird Faced Urn","Smiling Mask","Philosopher\u0027s Stone","Pen Nib","Vajra","Bag of Marbles","Happy Flower","Art of War","Ancient Tea Set","Runic Capacitor","Nuclear Battery","Cables","Red Mask","Bag of Preparation","Centennial Puzzle","StoneCalendar","Boot"],"potions_floor_usage":[8,8,22,23,30,33,50,50],"damage_taken":[{"damage":6,"enemies":"Jaw Worm","floor":1,"turns":4},{"damage":0,"enemies":"Cultist","floor":3,"turns":4},{"damage":2,"enemies":"2 Louse","floor":4,"turns":2},{"damage":0,"enemies":"Large Slime","floor":5,"turns":3},{"damage":14,"enemies":"Lagavulin","floor":6,"turns":5},{"damage":9,"enemies":"Gremlin Nob","floor":8,"turns":5},{"damage":0,"enemies":"Lagavulin","floor":12,"turns":4},{"damage":4,"enemies":"Red Slaver","floor":13,"turns":2},{"damage":0,"enemies":"Gremlin Nob","floor":14,"turns":4},{"damage":7,"enemies":"The Guardian","floor":16,"turns":11},{"damage":0,"enemies":"Chosen","floor":18,"turns":3},{"damage":0,"enemies":"Spheric Guardian","floor":20,"turns":3},{"damage":0,"enemies":"Centurion and Healer","floor":21,"turns":5},{"damage":9,"enemies":"3 Cultists","floor":22,"turns":5},{"damage":25,"enemies":"Slavers","floor":23,"turns":6},{"damage":6,"enemies":"Book of Stabbing","floor":25,"turns":5},{"damage":25,"enemies":"Snake Plant","floor":27,"turns":3},{"damage":0,"enemies":"Gremlin Leader","floor":30,"turns":6},{"damage":1,"enemies":"Champ","floor":33,"turns":10},{"damage":0,"enemies":"3 Darklings","floor":35,"turns":4},{"damage":0,"enemies":"3 Shapes","floor":36,"turns":4},{"damage":0,"enemies":"Writhing Mass","floor":37,"turns":7},{"damage":16,"enemies":"Reptomancer","floor":40,"turns":8},{"damage":0,"enemies":"Nemesis","floor":42,"turns":8},{"damage":11,"enemies":"Spire Growth","floor":45,"turns":3},{"damage":0,"enemies":"Transient","floor":47,"turns":5},{"damage":5,"enemies":"Reptomancer","floor":48,"turns":5},{"damage":26,"enemies":"Awakened One","floor":50,"turns":16}],"seed_played":"4633349100506372292","potions_obtained":[{"floor":0,"key":"SteroidPotion"},{"floor":0,"key":"SkillPotion"},{"floor":0,"key":"Block Potion"},{"floor":1,"key":"Block Potion"},{"floor":8,"key":"EssenceOfSteel"},{"floor":16,"key":"AttackPotion"},{"floor":25,"key":"Fire Potion"},{"floor":33,"key":"SteroidPotion"},{"floor":35,"key":"Weak Potion"},{"floor":45,"key":"PowerPotion"}],"is_trial":false,"path_per_floor":["M","?","M","M","M","E","R","E","T","?","?","E","M","E","R","B",null,"M","T","M","M","M","E","R","E","T","M","R","?","E","$","R","B",null,"M","M","M","$","?","E","R","E","T","R","M","$","M","E","R","B",null],"character_chosen":"DEFECT","items_purchased":["Apotheosis","Runic Capacitor","Stack","Cables","Glacier"],"campfire_rested":0,"item_purchase_floors":[31,31,31,38,38],"current_hp_per_floor":[62,62,62,60,60,46,46,37,37,25,25,25,23,33,33,34,65,71,71,71,75,71,52,52,56,56,35,35,35,47,47,47,56,70,75,75,75,75,75,65,65,75,75,75,64,64,74,70,70,57],"gold":76,"neow_bonus":"THREE_SMALL_POTIONS","is_prod":false,"is_daily":false,"chose_seed":false,"campfire_upgraded":8,"win_rate":0,"timestamp":1570964210,"path_taken":["M","?","?","M","M","E","R","E","T","?","?","E","M","E","R","BOSS","M","?","M","M","?","E","R","E","T","M","R","?","E","$","R","BOSS","M","M","M","$","?","E","R","E","T","R","M","$","M","E","R","BOSS"],"build_version":"2019-07-17","purchased_purges":2,"victory":true,"max_hp_per_floor":[75,75,75,75,75,75,75,75,75,75,75,75,75,75,75,75,75,75,75,75,75,75,75,75,75,75,75,75,75,75,75,75,75,75,75,75,75,75,75,75,75,75,75,75,75,75,75,75,75,75],"card_choices":[{"not_picked":["Coolheaded","Genetic Algorithm"],"picked":"Sunder","floor":1},{"not_picked":["Barrage","Stack"],"picked":"Rip and Tear","floor":3},{"not_picked":["Steam Power","Rebound"],"picked":"Echo Form","floor":4},{"not_picked":["Fusion","Streamline"],"picked":"Auto Shields","floor":5},{"not_picked":["Self Repair","Recycle"],"picked":"Cold Snap","floor":6},{"not_picked":["Darkness","Undo"],"picked":"Leap","floor":8},{"not_picked":["Redo","Turbo"],"picked":"Buffer","floor":12},{"not_picked":["Compile Driver","Reprogram"],"picked":"Loop","floor":13},{"not_picked":["Hologram","Undo"],"picked":"Beam Cell","floor":14},{"not_picked":["Seek","Rainbow"],"picked":"Amplify","floor":16},{"not_picked":["Cold Snap","Redo"],"picked":"Auto Shields+1","floor":18},{"not_picked":["Compile Driver","Lockon"],"picked":"Coolheaded+1","floor":20},{"not_picked":["Beam Cell","Gash"],"picked":"Heatsinks+1","floor":21},{"not_picked":["Recycle","Barrage","Steam"],"picked":"SKIP","floor":22},{"not_picked":["Heatsinks","Coolheaded","Blizzard"],"picked":"SKIP","floor":23},{"not_picked":["Barrage+1","Rebound+1"],"picked":"Seek","floor":25},{"not_picked":["Lockon","Barrage+1","Hologram"],"picked":"SKIP","floor":27},{"not_picked":["Skim","Sweeping Beam"],"picked":"FTL","floor":30},{"not_picked":["Fission","Biased Cognition"],"picked":"Reboot","floor":33},{"not_picked":["Hello World","Doom and Gloom+1"],"picked":"Tempest","floor":35},{"not_picked":["Stack+1","Scrape+1"],"picked":"Loop+1","floor":36},{"not_picked":["Redo+1","Coolheaded"],"picked":"Conserve Battery+1","floor":37},{"not_picked":["Beam Cell","Go for the Eyes"],"picked":"Conserve Battery","floor":40},{"not_picked":["Reprogram","Sweeping Beam+1"],"picked":"Streamline+1","floor":42},{"not_picked":["Coolheaded+1","Ball Lightning"],"picked":"Go for the Eyes+1","floor":45},{"not_picked":["Turbo+1","Conserve Battery+1","Leap"],"picked":"SKIP","floor":47},{"not_picked":["Turbo","Scrape+1","Steam+1"],"picked":"SKIP","floor":48}],"player_experience":400614,"relics_obtained":[{"floor":6,"key":"Matryoshka"},{"floor":8,"key":"Whetstone"},{"floor":9,"key":"Anchor"},{"floor":9,"key":"Tiny Chest"},{"floor":12,"key":"Bird Faced Urn"},{"floor":14,"key":"Smiling Mask"},{"floor":19,"key":"Pen Nib"},{"floor":19,"key":"Vajra"},{"floor":23,"key":"Bag of Marbles"},{"floor":25,"key":"Happy Flower"},{"floor":26,"key":"Art of War"},{"floor":30,"key":"Ancient Tea Set"},{"floor":40,"key":"Bag of Preparation"},{"floor":42,"key":"Centennial Puzzle"},{"floor":43,"key":"StoneCalendar"},{"floor":48,"key":"Boot"}],"event_choices":[{"cards_removed":["Strike_B"],"damage_healed":0,"gold_gain":0,"player_choice":"Offered Basic","damage_taken":0,"max_hp_gain":0,"max_hp_loss":0,"event_name":"Bonfire Elementals","floor":2,"gold_loss":0},{"damage_healed":0,"gold_gain":0,"player_choice":"Success","damage_taken":12,"relics_obtained":["Mercury Hourglass"],"max_hp_gain":0,"max_hp_loss":0,"event_name":"Scrap Ooze","floor":10,"gold_loss":0},{"damage_healed":0,"gold_gain":0,"cards_transformed":["Strike_B"],"player_choice":"Transformed","damage_taken":0,"max_hp_gain":0,"max_hp_loss":0,"event_name":"Transmorgrifier","floor":11,"gold_loss":0,"cards_obtained":["FTL"]},{"damage_healed":0,"gold_gain":0,"player_choice":"Ignored","damage_taken":0,"max_hp_gain":0,"max_hp_loss":0,"event_name":"Vampires","floor":29,"gold_loss":0},{"damage_healed":0,"gold_gain":0,"player_choice":"Paid","damage_taken":0,"relics_obtained":["Red Mask"],"max_hp_gain":0,"max_hp_loss":0,"event_name":"Tomb of Lord Red Mask","floor":39,"gold_loss":14}],"is_beta":false,"boss_relics":[{"not_picked":["Black Star","Pandora\u0027s Box"],"picked":"Philosopher\u0027s Stone"},{"not_picked":["Runic Pyramid","White Beast Statue"],"picked":"Nuclear Battery"}],"items_purged_floors":[31,46],"is_endless":false,"potions_floor_spawned":[1,3,5,8,16,18,25,33,35,45,48],"ascension_level":8}