{"gold_per_floor":[109,125,140,153,164,164,198,198,248,283,22,57,17,30,30,130,130,149,166,166,178,178,178,195,229,254,266,266,9,9,36,36,132,132,146,146,163,6,6,6,32,32,32,58,58,76,76,76,76,76],"floor_reached":51,"playtime":2489,"items_purged":["Strike_B"],"score":1066,"play_id":"2b0b8e79-d3a7-45d4-9f10-e09c44056ccc","local_time":"20191004204754","is_ascension_mode":true,"campfire_choices":[{"data":"Defragment","floor":6,"key":"SMITH"},{"data":"Zap","floor":8,"key":"SMITH"},{"data":"Chill","floor":15,"key":"SMITH"},{"data":"Loop","floor":23,"key":"SMITH"},{"data":"Dualcast","floor":28,"key":"SMITH"},{"data":"Mayhem","floor":30,"key":"SMITH"},{"floor":32,"key":"DIG"},{"floor":40,"key":"DIG"},{"data":"Buffer","floor":42,"key":"SMITH"},{"floor":45,"key":"DIG"},{"floor":47,"key":"DIG"},{"floor":49,"key":"DIG"}],"neow_cost":"NONE","seed_source_timestamp":869821083117400,"circlet_count":0,"master_deck":["Strike_B","Strike_B","Defend_B","Defend_B","Defend_B","Defend_B","Zap+1","Dualcast+1","Cold Snap+1","Chill+1","All For One+1","Sweeping Beam","Defragment+1","White Noise","BootSequence+1","Loop+1","Rainbow+1","Self Repair","Electrodynamics","Force Field+1","Force Field+1","Streamline+1","Defragment+1","Glacier+1","Conserve Battery+1","Force Field+1","Mayhem+1","Buffer+1","Ball Lightning+1","Redo+1","Parasite"],"relics":["Cracked Core","Bottled Tornado","PreservedInsect","Toxic Egg 2","Lee\u0027s Waffle","Dream Catcher","Nuclear Battery","Bag of Preparation","Potion Belt","Shovel","Meat on the Bone","Busted Crown","Turnip","DataDisk","Whetstone","Centennial Puzzle","The Courier","Blood Vial","Oddly Smooth Stone","Smiling Mask","Pantograph"],"potions_floor_usage":[10,25,41,44,50,50,50],"damage_taken":[{"damage":0,"enemies":"Small Slimes","floor":1,"turns":3},{"damage":0,"enemies":"Cultist","floor":2,"turns":4},{"damage":0,"enemies":"2 Louse","floor":3,"turns":2},{"damage":14,"enemies":"Red Slaver","floor":4,"turns":4},{"damage":0,"enemies":"Gremlin Gang","floor":5,"turns":4},{"damage":16,"enemies":"Lagavulin","floor":7,"turns":7},{"damage":13,"enemies":"3 Sentries","floor":10,"turns":3},{"damage":1,"enemies":"Gremlin Nob","floor":12,"turns":3},{"damage":1,"enemies":"Large Slime","floor":14,"turns":4},{"damage":12,"enemies":"The Guardian","floor":16,"turns":9},{"damage":0,"enemies":"Chosen","floor":18,"turns":4},{"damage":0,"enemies":"3 Byrds","floor":19,"turns":2},{"damage":10,"enemies":"Centurion and Healer","floor":21,"turns":7},{"damage":9,"enemies":"Snecko","floor":24,"turns":3},{"damage":21,"enemies":"Book of Stabbing","floor":25,"turns":5},{"damage":0,"enemies":"Snake Plant","floor":27,"turns":4},{"damage":0,"enemies":"Gremlin Leader","floor":31,"turns":5},{"damage":11,"enemies":"Collector","floor":33,"turns":7},{"damage":10,"enemies":"3 Shapes","floor":35,"turns":5},{"damage":0,"enemies":"Orb Walker","floor":37,"turns":3},{"damage":5,"enemies":"Nemesis","floor":41,"turns":5},{"damage":0,"enemies":"Reptomancer","floor":44,"turns":5},{"damage":0,"enemies":"Writhing Mass","floor":46,"turns":6},{"damage":0,"enemies":"Donu and Deca","floor":50,"turns":12}],"seed_played":"3738763704911635620","potions_obtained":[{"floor":4,"key":"Block Potion"},{"floor":5,"key":"SmokeBomb"},{"floor":7,"key":"Regen Potion"},{"floor":12,"key":"Poison Potion"},{"floor":14,"key":"SteroidPotion"},{"floor":18,"key":"SkillPotion"},{"floor":24,"key":"FocusPotion"},{"floor":31,"key":"SmokeBomb"},{"floor":35,"key":"AttackPotion"},{"floor":41,"key":"SkillPotion"},{"floor":44,"key":"Ancient Potion"}],"is_trial":false,"path_per_floor":["M","M","M","M","M","R","E","R","T","E","$","E","$","M","R","B",null,"M","M","?","M","?","R","M","E","T","M","R","$","R","E","R","B",null,"M","T","M","$","?","R","E","R","T","E","R","M","R","?","R","B",null],"character_chosen":"DEFECT","items_purchased":["Loop","Lee\u0027s Waffle","Self Repair","Mayhem","DataDisk"],"campfire_rested":0,"item_purchase_floors":[11,11,13,29,38],"current_hp_per_floor":[82,82,82,68,68,68,52,52,52,39,89,88,88,89,89,84,88,89,89,89,86,86,86,77,63,63,63,63,63,63,63,63,59,82,79,79,86,86,85,85,85,85,85,85,85,85,85,85,85,85],"gold":76,"neow_bonus":"TEN_PERCENT_HP_BONUS","is_prod":false,"is_daily":false,"chose_seed":false,"campfire_upgraded":7,"win_rate":0,"timestamp":1570214874,"path_taken":["M","M","M","M","M","R","E","R","T","E","$","E","$","M","R","BOSS","M","M","?","?","?","R","M","E","T","M","R","$","R","E","R","BOSS","M","?","?","$","?","R","E","R","T","E","R","M","R","?","R","BOSS"],"build_version":"2019-07-17","purchased_purges":1,"victory":true,"max_hp_per_floor":[82,82,82,82,82,82,82,82,82,82,89,89,89,89,89,89,89,89,89,89,89,89,89,89,89,89,89,89,89,89,89,89,89,89,89,89,89,89,85,85,85,85,85,85,85,85,85,85,85,85],"card_choices":[{"not_picked":["Rebound","Tempest"],"picked":"Cold Snap","floor":1},{"not_picked":["Go for the Eyes","Hello World"],"picked":"Chill","floor":2},{"not_picked":["Double Energy","Beam Cell"],"picked":"All For One","floor":3},{"not_picked":["Rebound","Hologram"],"picked":"Sweeping Beam","floor":4},{"not_picked":["Turbo","Recycle"],"picked":"Defragment","floor":5},{"not_picked":["Conserve Battery","Double Energy"],"picked":"White Noise","floor":7},{"not_picked":["Heatsinks","Steam"],"picked":"BootSequence","floor":10},{"not_picked":["BootSequence+1","Rebound"],"picked":"Rainbow+1","floor":12},{"not_picked":["Compile Driver","Aggregate+1","Stack+1"],"picked":"SKIP","floor":14},{"not_picked":["Machine Learning","Biased Cognition"],"picked":"Electrodynamics","floor":16},{"not_picked":["White Noise+1","Gash"],"picked":"Force Field+1","floor":18},{"not_picked":["Ball Lightning","Rebound","Go for the Eyes"],"picked":"SKIP","floor":19},{"not_picked":["Cold Snap","Sweeping Beam+1"],"picked":"Streamline+1","floor":21},{"not_picked":["Multi-Cast+1","Barrage"],"picked":"Glacier+1","floor":24},{"not_picked":["Scrape","Cold Snap"],"picked":"Conserve Battery+1","floor":25},{"not_picked":["Streamline","Compile Driver"],"picked":"Force Field+1","floor":27},{"not_picked":["Hello World","Streamline","Beam Cell"],"picked":"SKIP","floor":31},{"not_picked":["Hyperbeam","Seek+1"],"picked":"Buffer","floor":33},{"not_picked":[],"picked":"Ball Lightning+1","floor":35},{"not_picked":["Compile Driver"],"picked":"SKIP","floor":37},{"not_picked":["Turbo+1"],"picked":"SKIP","floor":41},{"not_picked":["Redo+1"],"picked":"SKIP","floor":44},{"not_picked":[],"picked":"Redo+1","floor":44},{"not_picked":["Leap+1"],"picked":"SKIP","floor":46},{"not_picked":["Leap+1"],"picked":"SKIP","floor":46}],"player_experience":353003,"relics_obtained":[{"floor":7,"key":"Bottled Tornado"},{"floor":9,"key":"PreservedInsect"},{"floor":10,"key":"Toxic Egg 2"},{"floor":12,"key":"Dream Catcher"},{"floor":25,"key":"Bag of Preparation"},{"floor":26,"key":"Potion Belt"},{"floor":31,"key":"Shovel"},{"floor":32,"key":"Meat on the Bone"},{"floor":36,"key":"Turnip"},{"floor":40,"key":"Whetstone"},{"floor":41,"key":"Centennial Puzzle"},{"floor":43,"key":"The Courier"},{"floor":44,"key":"Blood Vial"},{"floor":45,"key":"Oddly Smooth Stone"},{"floor":47,"key":"Smiling Mask"},{"floor":49,"key":"Pantograph"}],"event_choices":[{"damage_healed":0,"gold_gain":0,"cards_transformed":["Strike_B"],"player_choice":"Transformed","damage_taken":0,"max_hp_gain":0,"max_hp_loss":0,"event_name":"Transmorgrifier","floor":20,"gold_loss":0,"cards_obtained":["Force Field"]},{"damage_healed":0,"gold_gain":0,"player_choice":"Copied","damage_taken":0,"max_hp_gain":0,"max_hp_loss":0,"event_name":"Duplicator","floor":22,"gold_loss":0,"cards_obtained":["Defragment"]},{"damage_healed":0,"gold_gain":0,"player_choice":"Max HP","damage_taken":0,"max_hp_gain":0,"max_hp_loss":4,"event_name":"Winding Halls","floor":39,"gold_loss":0},{"damage_healed":0,"gold_gain":0,"player_choice":"Memory 1","damage_taken":0,"max_hp_gain":0,"max_hp_loss":0,"event_name":"SensoryStone","floor":48,"gold_loss":0}],"is_beta":false,"boss_relics":[{"not_picked":["FrozenCore","Ectoplasm"],"picked":"Nuclear Battery"},{"not_picked":["Orrery","White Beast Statue"],"picked":"Busted Crown"}],"items_purged_floors":[29],"is_endless":false,"potions_floor_spawned":[4,5,7,12,14,18,21,24,31,35,41,44],"ascension_level":5}