{"gold_per_floor":[114,131,56,72,90,90,103,115,115,134,134,34,46,72,72,175,175,186,186,111,111,127,127,142,158,206,223,223,233,246,121,121,219,219,238,249,259,109,109],"floor_reached":39,"playtime":1655,"items_purged":["Strike_R","Strike_R","Strike_R","Strike_R"],"score":381,"play_id":"0c185553-e2f0-498f-a43d-ac2807202684","local_time":"20191020113952","is_ascension_mode":false,"campfire_choices":[{"data":"Limit Break","floor":6.0,"key":"SMITH"},{"data":"Whirlwind","floor":11.0,"key":"SMITH"},{"data":"Flex","floor":15.0,"key":"SMITH"},{"data":"Flex","floor":23.0,"key":"SMITH"},{"floor":32.0,"key":"REST"}],"neow_cost":"TEN_PERCENT_HP_LOSS","seed_source_timestamp":0,"circlet_count":0,"master_deck":["Defend_R","Defend_R","Defend_R","Defend_R","Bash","Limit Break+1","Flex+1","Flex+1","Whirlwind+1","Double Tap"],"special_seed":0,"relics":["Burning Blood","Letter Opener","Odd Mushroom","Runic Dome","Lantern","Sozu"],"potions_floor_usage":[],"damage_taken":[{"damage":1.0,"enemies":"Cultist","floor":1.0,"turns":4.0},{"damage":5.0,"enemies":"Small Slimes","floor":2.0,"turns":4.0},{"damage":2.0,"enemies":"2 Louse","floor":4.0,"turns":3.0},{"damage":0.0,"enemies":"Large Slime","floor":5.0,"turns":5.0},{"damage":26.0,"enemies":"Exordium Thugs","floor":7.0,"turns":6.0},{"damage":6.0,"enemies":"Exordium Wildlife","floor":8.0,"turns":4.0},{"damage":0.0,"enemies":"Lots of Slimes","floor":10.0,"turns":1.0},{"damage":0.0,"enemies":"2 Fungi Beasts","floor":13.0,"turns":1.0},{"damage":7.0,"enemies":"The Mushroom Lair","floor":14.0,"turns":2.0},{"damage":41.0,"enemies":"The Guardian","floor":16.0,"turns":13.0},{"damage":20.0,"enemies":"2 Thieves","floor":18.0,"turns":3.0},{"damage":0.0,"enemies":"Spheric Guardian","floor":22.0,"turns":3.0},{"damage":0.0,"enemies":"Snake Plant","floor":24.0,"turns":2.0},{"damage":24.0,"enemies":"Shelled Parasite and Fungi","floor":25.0,"turns":3.0},{"damage":10.0,"enemies":"Sentry and Sphere","floor":27.0,"turns":3.0},{"damage":5.0,"enemies":"Cultist and Chosen","floor":29.0,"turns":3.0},{"damage":3.0,"enemies":"Snecko","floor":30.0,"turns":3.0},{"damage":32.0,"enemies":"Champ","floor":33.0,"turns":7.0},{"damage":36.0,"enemies":"3 Shapes","floor":35.0,"turns":1.0},{"damage":10.0,"enemies":"Orb Walker","floor":36.0,"turns":2.0},{"damage":32.0,"enemies":"4 Shapes","floor":37.0,"turns":5.0},{"damage":0,"enemies":"Spire Growth","floor":39,"turns":1}],"seed_played":"-8122449207125393475","potions_obtained":[{"floor":2.0,"key":"EntropicBrew"},{"floor":5.0,"key":"Ancient Potion"},{"floor":7.0,"key":"Energy Potion"},{"floor":16.0,"key":"FearPotion"},{"floor":22.0,"key":"Explosive Potion"}],"is_trial":false,"path_per_floor":["M","M","$","M","M","R","M","M","T","M","R","$","M","?","R","B",null,"M","?","?","?","M","R","M","M","T","M","?","M","M","$","R","B",null,"M","M","M","$","M"],"character_chosen":"IRONCLAD","items_purchased":[],"campfire_rested":1,"item_purchase_floors":[],"current_hp_per_floor":[72,72,72,72,72,72,52,52,52,58,58,58,64,63,63,28,72,58,72,72,72,72,72,72,54,54,50,50,51,54,54,72,46,72,42,38,12,12,12],"gold":109,"neow_bonus":"THREE_RARE_CARDS","is_prod":false,"is_daily":false,"chose_seed":false,"campfire_upgraded":4,"win_rate":0,"timestamp":1571585992,"path_taken":["M","M","$","?","M","R","M","M","T","M","R","$","M","?","R","BOSS","M","?","?","?","M","R","M","M","T","?","?","M","M","?","R","BOSS","M","?","M","$","M"],"build_version":"2019-07-17","purchased_purges":4,"victory":false,"max_hp_per_floor":[72,72,72,72,72,72,72,72,72,72,72,72,72,72,72,72,72,72,72,72,72,72,72,72,72,72,72,72,72,72,72,72,72,72,72,72,72,72,72],"card_choices":[{"not_picked":["Demon Form","Dark Embrace"],"picked":"Limit Break","floor":0.0},{"not_picked":["Pommel Strike","True Grit","Havoc"],"picked":"SKIP","floor":1.0},{"not_picked":["True Grit","Pommel Strike"],"picked":"Flex","floor":2.0},{"not_picked":["Dual Wield","Headbutt"],"picked":"Flex","floor":4.0},{"not_picked":["Rage","Uppercut","Spot Weakness"],"picked":"SKIP","floor":5.0},{"not_picked":["Evolve","Corruption","Sentinel"],"picked":"SKIP","floor":7.0},{"not_picked":["Bloodletting","Flex"],"picked":"Whirlwind","floor":8.0},{"not_picked":["Twin Strike","Blood for Blood","Wild Strike"],"picked":"SKIP","floor":10.0},{"not_picked":["Heavy Blade","Entrench","Shrug It Off"],"picked":"SKIP","floor":13.0},{"not_picked":["Fiend Fire","Barricade"],"picked":"Double Tap","floor":16.0},{"not_picked":["Searing Blow","Headbutt","Perfected Strike+1"],"picked":"SKIP","floor":18.0},{"not_picked":["Clothesline","Evolve+1","Twin Strike"],"picked":"SKIP","floor":22.0},{"not_picked":["Flex","Twin Strike","Armaments"],"picked":"SKIP","floor":24.0},{"not_picked":["Bloodletting","Second Wind","Wild Strike"],"picked":"SKIP","floor":25.0},{"not_picked":["Bloodletting","Second Wind","Wild Strike"],"picked":"SKIP","floor":25.0},{"not_picked":["Armaments","Clothesline","Twin Strike"],"picked":"SKIP","floor":27.0},{"not_picked":["Warcry","Twin Strike+1","Sword Boomerang+1"],"picked":"SKIP","floor":29.0},{"not_picked":["Wild Strike","Seeing Red+1","Shockwave"],"picked":"SKIP","floor":30.0},{"not_picked":["Carnage","Bloodletting","Dropkick+1"],"picked":"SKIP","floor":35.0},{"not_picked":["Cleave","Entrench+1","Rupture"],"picked":"SKIP","floor":36.0},{"not_picked":["Perfected Strike+1","Feel No Pain","Twin Strike+1"],"picked":"SKIP","floor":37.0}],"player_experience":887350,"relics_obtained":[{"floor":9.0,"key":"Letter Opener"},{"floor":14.0,"key":"Odd Mushroom"},{"floor":26.0,"key":"Lantern"}],"event_choices":[{"damage_healed":0.0,"max_hp_gain":0.0,"max_hp_loss":0.0,"gold_gain":0.0,"event_name":"Mushrooms","player_choice":"Fought Mushrooms","floor":14.0,"gold_loss":0.0,"damage_taken":0.0},{"damage_healed":24.0,"max_hp_gain":0.0,"max_hp_loss":0.0,"gold_gain":0.0,"event_name":"The Library","player_choice":"Heal","floor":19.0,"gold_loss":0.0,"damage_taken":0.0},{"cards_removed":["Strike_R"],"damage_healed":0.0,"max_hp_gain":0.0,"max_hp_loss":0.0,"gold_gain":0.0,"event_name":"Beggar","player_choice":"Gave Gold","floor":20.0,"gold_loss":75.0,"damage_taken":0.0},{"damage_healed":0.0,"max_hp_gain":0.0,"max_hp_loss":0.0,"gold_gain":0.0,"event_name":"Match and Keep!","player_choice":"0 cards matched","floor":21.0,"gold_loss":0.0,"damage_taken":0.0,"cards_obtained":[]},{"damage_healed":0.0,"max_hp_gain":0.0,"max_hp_loss":0.0,"gold_gain":0.0,"event_name":"The Mausoleum","player_choice":"Ignored","floor":28.0,"gold_loss":0.0,"damage_taken":0.0}],"is_beta":false,"boss_relics":[{"not_picked":["Velvet Choker","Snecko Eye"],"picked":"Runic Dome"},{"not_picked":["Black Star","Coffee Dripper"],"picked":"Sozu"}],"items_purged_floors":[3,12,31,38],"is_endless":false,"potions_floor_spawned":[2,5,7,13,16,22,25,27,33,37],"killed_by":"Spire Growth","ascension_level":0}