{"gold_per_floor":[113,113,63,77,77,102,102,136,214,214,244,257,257,269,269,370,370,380,380,32,45,45,45,72,72,95,130,55,55,70,100,100,202,252,264,264,319,330,330,330,345,371,371,385,28,41,60,71,71,71],"floor_reached":51,"playtime":4246,"items_purged":["Strike_G"],"score":841,"play_id":"8b6c01d8-a32a-423a-9b6d-cd3321431f65","local_time":"20190919220243","is_ascension_mode":true,"campfire_choices":[{"data":"Sucker Punch","floor":7,"key":"SMITH"},{"data":"Deadly Poison","floor":10,"key":"SMITH"},{"data":"Deflect","floor":15,"key":"SMITH"},{"data":"Noxious Fumes","floor":23,"key":"SMITH"},{"data":"Poisoned Stab","floor":25,"key":"SMITH"},{"data":"Burst","floor":29,"key":"SMITH"},{"data":"Defend_G","floor":32,"key":"PURGE"},{"data":"Adrenaline","floor":40,"key":"SMITH"},{"data":"Well Laid Plans","floor":49,"key":"SMITH"}],"neow_cost":"NONE","seed_source_timestamp":453102056264600,"circlet_count":0,"master_deck":["Defend_G","Defend_G+1","Defend_G","Survivor+1","Neutralize+1","Deadly Poison+1","Backflip+1","Sucker Punch+1","Die Die Die","Quick Slash+1","Poisoned Stab+1","Deflect+1","Venomology","Dagger Throw","Noxious Fumes+1","Poisoned Stab","Deadly Poison","Burst+1","Noxious Fumes","Backflip","Adrenaline+1","Blur","Well Laid Plans+1","Adrenaline","Escape Plan"],"relics":["Coffee Dripper","War Paint","Juzu Bracelet","Letter Opener","Centennial Puzzle","Empty Cage","Blood Vial","Oddly Smooth Stone","MutagenicStrength","PreservedInsect","Whetstone","Peace Pipe","Snake Skull","Tiny House","Mango","Strawberry","Bottled Tornado","Bag of Preparation"],"potions_floor_usage":[8,16,21,24,27,30,30,31,33,33,33,35,36,37,37,41,42,42,50,50,50,50,50,50],"damage_taken":[{"damage":0,"enemies":"2 Louse","floor":1,"turns":3},{"damage":6,"enemies":"Jaw Worm","floor":4,"turns":4},{"damage":11,"enemies":"Lagavulin","floor":6,"turns":7},{"damage":2,"enemies":"Gremlin Nob","floor":8,"turns":3},{"damage":3,"enemies":"Lagavulin","floor":11,"turns":6},{"damage":0,"enemies":"Cultist","floor":12,"turns":3},{"damage":0,"enemies":"Large Slime","floor":14,"turns":4},{"damage":4,"enemies":"Hexaghost","floor":16,"turns":9},{"damage":0,"enemies":"Spheric Guardian","floor":18,"turns":3},{"damage":4,"enemies":"3 Byrds","floor":21,"turns":5},{"damage":4,"enemies":"Gremlin Leader","floor":24,"turns":5},{"damage":4,"enemies":"Book of Stabbing","floor":27,"turns":4},{"damage":4,"enemies":"Snake Plant","floor":30,"turns":3},{"damage":5,"enemies":"Slavers","floor":31,"turns":2},{"damage":26,"enemies":"Champ","floor":33,"turns":9},{"damage":0,"enemies":"3 Shapes","floor":35,"turns":3},{"damage":14,"enemies":"2 Orb Walkers","floor":37,"turns":4},{"damage":0,"enemies":"Orb Walker","floor":38,"turns":2},{"damage":5,"enemies":"Writhing Mass","floor":41,"turns":4},{"damage":31,"enemies":"Reptomancer","floor":42,"turns":5},{"damage":1,"enemies":"4 Shapes","floor":44,"turns":3},{"damage":0,"enemies":"3 Darklings","floor":46,"turns":3},{"damage":12,"enemies":"Writhing Mass","floor":47,"turns":6},{"damage":0,"enemies":"Transient","floor":48,"turns":5},{"damage":0,"enemies":"Donu and Deca","floor":50,"turns":9}],"seed_played":"3371117159060627772","potions_obtained":[{"floor":4,"key":"Strength Potion"},{"floor":6,"key":"SpeedPotion"},{"floor":11,"key":"Swift Potion"},{"floor":16,"key":"Poison Potion"},{"floor":18,"key":"Energy Potion"},{"floor":31,"key":"SkillPotion"},{"floor":34,"key":"Fruit Juice"},{"floor":36,"key":"Fruit Juice"},{"floor":36,"key":"PowerPotion"},{"floor":37,"key":"Fruit Juice"},{"floor":44,"key":"EntropicBrew"}],"is_trial":false,"path_per_floor":["M","?","?","M","?","E","R","E","T","R","E","M","?","M","R","B",null,"M","T","$","M","?","R","E","R","T","E","$","R","M","E","R","B",null,"M","?","?","M","?","R","M","E","T","M","$","M","M","M","R","B",null],"character_chosen":"THE_SILENT","items_purchased":["Oddly Smooth Stone","Noxious Fumes","Poisoned Stab","Noxious Fumes","Well Laid Plans","Bag of Preparation","Adrenaline"],"campfire_rested":0,"item_purchase_floors":[20,20,20,28,45,45,45],"current_hp_per_floor":[70,63,63,57,57,46,46,44,44,44,41,41,41,41,41,37,70,70,70,70,66,66,66,64,64,64,62,62,62,60,57,57,33,75,80,85,90,92,92,92,89,67,67,68,68,70,60,62,62,64],"gold":71,"neow_bonus":"BOSS_RELIC","is_prod":false,"is_daily":false,"chose_seed":false,"campfire_upgraded":8,"win_rate":1,"timestamp":1568952163,"path_taken":["M","?","?","?","?","E","R","E","T","R","E","M","?","M","R","BOSS","M","?","$","M","?","R","E","R","T","E","$","R","M","E","R","BOSS","M","?","?","M","?","R","M","E","T","M","$","M","M","M","R","BOSS"],"build_version":"2019-07-17","purchased_purges":1,"victory":true,"max_hp_per_floor":[70,70,70,70,70,70,70,70,70,70,70,70,70,70,70,70,70,70,70,70,70,70,70,70,70,70,70,70,70,70,70,70,70,75,80,85,104,104,104,104,104,111,111,111,111,111,111,111,111,111],"card_choices":[{"not_picked":["Underhanded Strike","Sucker Punch"],"picked":"Deadly Poison","floor":1},{"not_picked":["Acrobatics","Bouncing Flask"],"picked":"Backflip","floor":4},{"not_picked":["Calculated Gamble","Infinite Blades"],"picked":"Sucker Punch","floor":6},{"not_picked":["Underhanded Strike","Bane"],"picked":"Die Die Die","floor":8},{"not_picked":["Deflect","Escape Plan"],"picked":"Quick Slash","floor":11},{"not_picked":["Slice","Acrobatics"],"picked":"Poisoned Stab","floor":12},{"not_picked":["Skewer","Bane"],"picked":"Deflect","floor":14},{"not_picked":["Unload","Phantasmal Killer"],"picked":"Venomology","floor":16},{"not_picked":["Dagger Spray","Dodge and Roll"],"picked":"Dagger Throw","floor":18},{"not_picked":["Choke","Bane"],"picked":"Deadly Poison","floor":21},{"not_picked":["Prepared","Choke","Outmaneuver"],"picked":"SKIP","floor":24},{"not_picked":["Quick Slash","Tools of the Trade"],"picked":"Burst","floor":27},{"not_picked":["Riddle With Holes","Caltrops"],"picked":"Backflip","floor":30},{"not_picked":["Burst","Terror","Underhanded Strike"],"picked":"SKIP","floor":31},{"not_picked":["Venomology","A Thousand Cuts"],"picked":"Adrenaline","floor":33},{"not_picked":["Blade Dance+1","PiercingWail","Quick Slash"],"picked":"SKIP","floor":35},{"not_picked":["Finisher+1","Caltrops","Quick Slash"],"picked":"SKIP","floor":38},{"not_picked":["Riddle With Holes","Sucker Punch+1"],"picked":"Blur","floor":41},{"not_picked":["Flying Knee+1","Riddle With Holes","Finisher"],"picked":"SKIP","floor":42},{"not_picked":["Heel Hook","Underhanded Strike+1","Dodge and Roll+1"],"picked":"SKIP","floor":44},{"not_picked":["PiercingWail+1","Malaise","Masterful Stab"],"picked":"SKIP","floor":46},{"not_picked":["Flying Knee","Quick Slash"],"picked":"Escape Plan","floor":47},{"not_picked":["Quick Slash","PiercingWail","Slice+1"],"picked":"SKIP","floor":48}],"player_experience":15750,"relics_obtained":[{"floor":6,"key":"War Paint"},{"floor":8,"key":"Juzu Bracelet"},{"floor":9,"key":"Letter Opener"},{"floor":11,"key":"Centennial Puzzle"},{"floor":19,"key":"Blood Vial"},{"floor":24,"key":"PreservedInsect"},{"floor":26,"key":"Whetstone"},{"floor":27,"key":"Peace Pipe"},{"floor":31,"key":"Snake Skull"},{"floor":37,"key":"Mango"},{"floor":42,"key":"Strawberry"},{"floor":43,"key":"Bottled Tornado"}],"event_choices":[{"cards_removed":["Strike_G"],"damage_healed":0,"gold_gain":0,"player_choice":"Card Removal","damage_taken":7,"max_hp_gain":0,"max_hp_loss":0,"event_name":"Golden Wing","floor":2,"gold_loss":0},{"cards_removed":["Defend_G"],"damage_healed":0,"gold_gain":0,"player_choice":"Card Removal","damage_taken":0,"max_hp_gain":0,"max_hp_loss":0,"event_name":"The Cleric","floor":3,"gold_loss":50},{"damage_healed":0,"gold_gain":0,"player_choice":"Ignored","damage_taken":0,"max_hp_gain":0,"max_hp_loss":0,"event_name":"Shining Light","floor":5,"gold_loss":0},{"cards_removed":["Strike_G"],"damage_healed":0,"gold_gain":0,"player_choice":"Purged","damage_taken":0,"max_hp_gain":0,"max_hp_loss":0,"event_name":"Purifier","floor":13,"gold_loss":0},{"damage_healed":0,"gold_gain":0,"player_choice":"Inject Mutagens","damage_taken":0,"relics_obtained":["MutagenicStrength"],"max_hp_gain":0,"max_hp_loss":0,"event_name":"Drug Dealer","floor":22,"gold_loss":0},{"damage_healed":0,"gold_gain":0,"player_choice":"Got Potions","damage_taken":0,"max_hp_gain":0,"max_hp_loss":0,"event_name":"Lab","floor":36,"gold_loss":0},{"damage_healed":0,"gold_gain":0,"player_choice":"Fight","damage_taken":0,"max_hp_gain":0,"max_hp_loss":0,"event_name":"Mysterious Sphere","floor":37,"gold_loss":0},{"damage_healed":0,"gold_gain":0,"player_choice":"Ignored","damage_taken":0,"max_hp_gain":0,"max_hp_loss":0,"event_name":"Tomb of Lord Red Mask","floor":39,"gold_loss":0}],"is_beta":false,"boss_relics":[{"not_picked":["Astrolabe","Fusion Hammer"],"picked":"Empty Cage"},{"not_picked":["Runic Dome","Sozu"],"picked":"Tiny House"}],"items_purged_floors":[20],"is_endless":false,"potions_floor_spawned":[4,6,11,16,18,21,31,37,38,41,44,47],"ascension_level":1}