{"path_per_floor":["M","?","M","?","M","R","E","M","T","?","R","E","$","M","R","B",null,"M","?","?","$","M","R","?","M","T","E","?","R","$","?","R","B",null,"M","?","M","M","$","E","?","$","T","M","?","?","M","E","R","B"],"character_chosen":"THE_SILENT","items_purchased":["Cloak And Dagger","Noxious Fumes","Calipers","Tiny Chest","Prepared"],"gold_per_floor":[109,109,129,129,145,145,170,189,189,189,189,224,29,48,48,144,144,162,162,162,62,73,73,323,334,411,440,440,440,27,27,27,131,131,141,141,161,175,25,358,358,14,41,52,52,101,113,143,143,143],"floor_reached":51,"campfire_rested":4,"playtime":3220,"current_hp_per_floor":[61,61,60,60,59,59,35,33,33,19,40,26,26,21,42,25,70,53,37,24,24,22,44,44,44,44,50,50,50,50,50,50,27,75,75,66,66,63,63,47,47,47,47,47,47,39,39,39,75,70],"items_purged":["Strike_G","Strike_G","Strike_G","Regret","Defend_G"],"gold":143,"score":802,"play_id":"a9b21737-be8c-420f-bca5-2b735572bbb3","is_prod":false,"is_daily":false,"is_ascension_mode":true,"campfire_upgraded":3,"path_taken":["M","?","M","?","M","R","E","?","T","?","R","E","$","M","R","BOSS","M","?","?","?","M","R","?","?","T","E","?","R","$","?","R","BOSS","M","?","M","M","$","E","?","$","T","M","?","?","M","E","R","BOSS"],"build_version":"2018-02-08-PROD1","purchased_purges":5,"victory":true,"master_deck":["Defend_G+1","Defend_G","Defend_G","Defend_G","Survivor+1","Neutralize","Calculated Gamble+1","Caltrops+1","Adrenaline+1","Acrobatics","Escape Plan","Backflip+1","Backflip+1","Cloak And Dagger+1","Noxious Fumes","Bullet Time+1","Well Laid Plans","Wraith Form+1","Blade Dance+1","Acrobatics+1","Tactician+1","Madness+1","Madness+1","Accuracy+1","Prepared+1","Caltrops+1","Prepared+1","Writhe","After Image","Prepared+1","A Thousand Cuts"],"max_hp_per_floor":[70,70,70,70,70,70,70,70,70,70,70,70,70,70,70,70,70,70,70,75,75,75,75,75,75,75,75,75,75,75,75,75,75,75,75,75,75,75,75,75,75,75,75,75,75,75,75,75,75,75],"relics":["Ring of the Snake","Dream Catcher","Happy Flower","Toxic Egg 2","Anchor","Cursed Key","Enchiridion","Dodecahedron","Meat on the Bone","Nloth\u0027s Gift","Philosopher\u0027s Stone","Old Coin","Tiny Chest","Bronze Scales","Thread and Needle","Regal Pillow"],"card_choices":[{"not_picked":["Deadly Poison","Deflect"],"picked":"Calculated Gamble"},{"not_picked":["Sucker Punch","Masterful Stab"],"picked":"Caltrops"},{"not_picked":["Sucker Punch","All Out Attack"],"picked":"Adrenaline"},{"not_picked":["Malaise","Dodge and Roll"],"picked":"Acrobatics"},{"not_picked":["Dagger Spray","Outmaneuver"],"picked":"Escape Plan"},{"not_picked":["Cloak And Dagger","Prepared"],"picked":"Backflip"},{"not_picked":["Dagger Throw","Finisher"],"picked":"Backflip"},{"not_picked":["Underhanded Strike","Calculated Gamble"],"picked":"Bullet Time"},{"not_picked":["Deflect","Deadly Poison"],"picked":"Well Laid Plans"},{"not_picked":["A Thousand Cuts","Die Die Die"],"picked":"Wraith Form"},{"not_picked":["Dash","Deflect"],"picked":"Blade Dance"},{"not_picked":["Dodge and Roll","Cloak And Dagger"],"picked":"Acrobatics"},{"not_picked":["Bullet Time","Envenom"],"picked":"Tactician"},{"not_picked":["PiercingWail","Dagger Spray"],"picked":"Accuracy"},{"not_picked":["Backflip","Reflex"],"picked":"Prepared"},{"not_picked":["Night Terror","Well Laid Plans"],"picked":"Caltrops"},{"not_picked":["Dodge and Roll","Quick Slash"],"picked":"After Image"},{"not_picked":["Distraction","Eviscerate"],"picked":"Prepared"},{"not_picked":["Calculated Gamble","Deadly Poison"],"picked":"A Thousand Cuts"}],"player_experience":141696,"potions_floor_usage":[8,12,12,18,22,27,40,50,50,50],"damage_taken":[{"damage":9,"enemies":"Blue Slaver","floor":1,"turns":6},{"damage":1,"enemies":"Cultist","floor":3,"turns":5},{"damage":1,"enemies":"Small Slimes","floor":5,"turns":5},{"damage":24,"enemies":"Gremlin Nob","floor":7,"turns":5},{"damage":2,"enemies":"Exordium Wildlife","floor":8,"turns":4},{"damage":14,"enemies":"Lagavulin","floor":12,"turns":6},{"damage":5,"enemies":"Exordium Thugs","floor":14,"turns":5},{"damage":17,"enemies":"Hexaghost","floor":16,"turns":10},{"damage":17,"enemies":"Chosen","floor":18,"turns":6},{"damage":2,"enemies":"2 Thieves","floor":22,"turns":3},{"damage":0,"enemies":"Chosen and Byrds","floor":25,"turns":5},{"damage":0,"enemies":"Gremlin Leader","floor":27,"turns":4},{"damage":35,"enemies":"Champ","floor":33,"turns":8},{"damage":0,"enemies":"Orb Walker","floor":35,"turns":2},{"damage":0,"enemies":"3 Darklings","floor":37,"turns":4},{"damage":3,"enemies":"Sphere and 2 Shapes","floor":38,"turns":3},{"damage":28,"enemies":"2 Orb Walkers","floor":40,"turns":4},{"damage":0,"enemies":"4 Shapes","floor":44,"turns":4},{"damage":8,"enemies":"Mysterious Sphere","floor":46,"turns":3},{"damage":0,"enemies":"Maw","floor":47,"turns":3},{"damage":0,"enemies":"Nemesis","floor":48,"turns":4},{"damage":5,"enemies":"Donu and Deca","floor":50,"turns":7}],"event_choices":[{"event_name":"Wheel of Change","player_choice":"Card Removal","floor":2,"damage_taken":0},{"event_name":"Upgrade Shrine","player_choice":"Upgraded","floor":4,"damage_taken":0},{"event_name":"Shining Light","player_choice":"Entered Light","floor":10,"damage_taken":0},{"event_name":"Cursed Tome","player_choice":"Obtained Book","floor":19,"damage_taken":0},{"event_name":"Forgotten Altar","player_choice":"Shed Blood","floor":20,"damage_taken":0},{"event_name":"Golden Shrine","player_choice":"Desecrate","floor":24,"damage_taken":0},{"event_name":"Back to Basics","player_choice":"Elegance","floor":28,"damage_taken":0},{"event_name":"N\u0027loth","player_choice":"Traded a Calipers","floor":31,"damage_taken":0},{"event_name":"Winding Halls","player_choice":"Embrace Madness","floor":36,"damage_taken":0},{"event_name":"Purifier","player_choice":"One Purge","floor":41,"damage_taken":0},{"event_name":"The Lab","player_choice":"Got Potions","floor":45,"damage_taken":0},{"event_name":"Mysterious Sphere","player_choice":"Fight","floor":46,"damage_taken":0}],"boss_relics":[{"not_picked":["Orrery","Ectoplasm"],"picked":"Cursed Key"},{"not_picked":["Snecko Eye","Tiny House"],"picked":"Philosopher\u0027s Stone"}],"potions_floor_spawned":[3,7,8,16,18,25,35,46,47,48],"seed_played":"6395961639166210522","ascension_level":4,"is_trial":false}