{"gold_per_floor":[110,123,138,151,76,101,101,41,41,41,57,72,89,101,101,201,201,219,235,250,2,22,22],"floor_reached":23,"playtime":1840,"items_purged":["Strike_G"],"score":199,"play_id":"a1ceaf05-dc64-440a-8281-10ec9470f1f3","local_time":"20190929152441","is_ascension_mode":false,"campfire_choices":[{"data":"Deadly Poison","floor":7,"key":"SMITH"},{"data":"Backflip","floor":10,"key":"SMITH"},{"data":"Noxious Fumes","floor":15,"key":"SMITH"}],"neow_cost":"NONE","seed_source_timestamp":233790230502300,"circlet_count":0,"master_deck":["Strike_G","Strike_G","Strike_G","Strike_G","Defend_G","Defend_G","Defend_G","Defend_G","Defend_G","Survivor","Neutralize","Backflip+1","After Image","Crippling Poison","Deadly Poison+1","Dagger Throw","Noxious Fumes+1","Night Terror","Tools of the Trade","Poisoned Stab","Slice","Outmaneuver+1","Dagger Throw+1","Flying Knee+1","Finesse","Burst"],"relics":["Ring of the Snake","NeowsBlessing","Sundial","Ginger","Pear","Orrery"],"potions_floor_usage":[],"damage_taken":[{"damage":0,"enemies":"Cultist","floor":1,"turns":1},{"damage":0,"enemies":"Jaw Worm","floor":2,"turns":1},{"damage":0,"enemies":"2 Louse","floor":3,"turns":1},{"damage":3,"enemies":"Red Slaver","floor":4,"turns":6},{"damage":18,"enemies":"3 Sentries","floor":6,"turns":17},{"damage":1,"enemies":"Blue Slaver","floor":11,"turns":4},{"damage":10,"enemies":"3 Louse","floor":12,"turns":3},{"damage":5,"enemies":"Looter","floor":13,"turns":4},{"damage":0,"enemies":"Red Slaver","floor":14,"turns":5},{"damage":18,"enemies":"Slime Boss","floor":16,"turns":8},{"damage":9,"enemies":"Chosen","floor":18,"turns":5},{"damage":4,"enemies":"3 Byrds","floor":19,"turns":4},{"damage":23,"enemies":"Centurion and Healer","floor":20,"turns":8},{"damage":42,"enemies":"Shelled Parasite and Fungi","floor":22,"turns":6},{"damage":9,"enemies":"Gremlin Leader","floor":23,"turns":1}],"seed_played":"-3013499869796791395","potions_obtained":[{"floor":2,"key":"SkillPotion"},{"floor":11,"key":"Weak Potion"},{"floor":12,"key":"SteroidPotion"}],"is_trial":false,"path_per_floor":["M","M","M","M","$","E","R","?","T","R","M","M","M","M","R","B",null,"M","M","M","$","M","E"],"character_chosen":"THE_SILENT","items_purchased":["Finesse","Burst"],"campfire_rested":0,"item_purchase_floors":[21,21],"current_hp_per_floor":[70,70,70,67,67,49,49,49,59,59,58,48,43,43,43,25,80,71,67,44,44,2,0],"gold":22,"neow_bonus":"THREE_ENEMY_KILL","is_prod":false,"is_daily":false,"chose_seed":false,"campfire_upgraded":3,"win_rate":0.0,"timestamp":1569763481,"path_taken":["M","M","M","?","$","E","R","?","T","R","M","M","M","M","R","BOSS","M","M","M","$","M","E"],"build_version":"2019-07-17","purchased_purges":1,"victory":false,"max_hp_per_floor":[70,70,70,70,70,70,70,70,80,80,80,80,80,80,80,80,80,80,80,80,80,80,80],"card_choices":[{"not_picked":["Deflect","Acrobatics"],"picked":"Backflip","floor":1},{"not_picked":["Caltrops","Quick Slash","Escape Plan"],"picked":"SKIP","floor":2},{"not_picked":["Backstab","Dash"],"picked":"After Image","floor":3},{"not_picked":["Deflect","Deadly Poison"],"picked":"Crippling Poison","floor":4},{"not_picked":["Blade Dance","Prepared"],"picked":"Deadly Poison","floor":6},{"not_picked":["Acrobatics","Quick Slash"],"picked":"Dagger Throw","floor":11},{"not_picked":["PiercingWail","Acrobatics"],"picked":"Noxious Fumes","floor":12},{"not_picked":["Dagger Spray","All Out Attack","Quick Slash"],"picked":"SKIP","floor":13},{"not_picked":["Poisoned Stab","Deadly Poison"],"picked":"Night Terror","floor":14},{"not_picked":["Doppelganger","Venomology"],"picked":"Tools of the Trade","floor":16},{"not_picked":["Outmaneuver","Quick Slash"],"picked":"Poisoned Stab","floor":17},{"not_picked":["Venomology","Outmaneuver"],"picked":"Slice","floor":17},{"not_picked":["Expertise","Night Terror"],"picked":"Outmaneuver+1","floor":18},{"not_picked":["Backflip","Outmaneuver+1"],"picked":"Dagger Throw+1","floor":19},{"not_picked":["Night Terror","Dash"],"picked":"Flying Knee+1","floor":20},{"not_picked":["Quick Slash","Skewer","Sucker Punch+1"],"picked":"SKIP","floor":22}],"player_experience":53068,"relics_obtained":[{"floor":6,"key":"Sundial"},{"floor":9,"key":"Pear"}],"event_choices":[{"damage_healed":0,"gold_gain":0,"player_choice":"Paid Gold","damage_taken":0,"relics_obtained":["Ginger"],"max_hp_gain":0,"max_hp_loss":0,"event_name":"WeMeetAgain","floor":8,"gold_loss":60}],"is_beta":false,"boss_relics":[{"not_picked":["Calling Bell","Ring of the Serpent"],"picked":"Orrery"}],"items_purged_floors":[5],"is_endless":false,"potions_floor_spawned":[2,11,12,18,19],"killed_by":"Gremlin Leader","ascension_level":0}