{"gold_per_floor":[364,73,90,90,107,107,121,138,138,148,41,67,87,87,87,87],"floor_reached":16,"playtime":1642,"items_purged":[],"score":104,"play_id":"836a7588-c059-4f8e-9ff0-7d9704480661","local_time":"20190929155225","is_ascension_mode":false,"campfire_choices":[{"data":"Blur","floor":6,"key":"SMITH"},{"data":"Bane","floor":15,"key":"SMITH"}],"neow_cost":"TEN_PERCENT_HP_LOSS","seed_source_timestamp":235651675371500,"circlet_count":0,"master_deck":["Strike_G","Strike_G","Strike_G","Strike_G","Strike_G","Defend_G","Defend_G","Defend_G","Defend_G","Defend_G","Survivor","Neutralize","Slice","Blur+1","Crippling Poison","Noxious Fumes+1","All Out Attack","Adrenaline+1","Bane+1"],"relics":["Ring of the Snake","Bird Faced Urn","Toxic Egg 2","Darkstone Periapt"],"potions_floor_usage":[16],"damage_taken":[{"damage":0,"enemies":"Cultist","floor":1,"turns":5},{"damage":0,"enemies":"2 Louse","floor":3,"turns":3},{"damage":0,"enemies":"Small Slimes","floor":5,"turns":3},{"damage":1,"enemies":"3 Louse","floor":7,"turns":6},{"damage":0,"enemies":"2 Fungi Beasts","floor":8,"turns":4},{"damage":23,"enemies":"Exordium Thugs","floor":10,"turns":6},{"damage":34,"enemies":"Gremlin Nob","floor":12,"turns":6},{"damage":0,"enemies":"Large Slime","floor":13,"turns":5},{"damage":11,"enemies":"The Guardian","floor":16,"turns":8}],"seed_played":"5343050721822884207","potions_obtained":[{"floor":3,"key":"LiquidBronze"},{"floor":7,"key":"LiquidBronze"},{"floor":10,"key":"Energy Potion"},{"floor":13,"key":"Strength Potion"}],"is_trial":false,"path_per_floor":["M","$","M","?","M","R","M","M","T","M","$","E","M","?","R","B"],"character_chosen":"THE_SILENT","items_purchased":["Bird Faced Urn","Noxious Fumes","All Out Attack"],"campfire_rested":0,"item_purchase_floors":[2,11,11],"current_hp_per_floor":[63,63,63,63,63,63,62,62,62,39,39,7,9,9,9,0],"gold":87,"neow_bonus":"TWO_FIFTY_GOLD","is_prod":false,"is_daily":false,"chose_seed":false,"campfire_upgraded":2,"win_rate":0.0,"timestamp":1569765145,"path_taken":["M","$","M","?","M","R","M","M","T","M","$","E","M","?","R","BOSS"],"build_version":"2019-07-17","purchased_purges":0,"victory":false,"max_hp_per_floor":[63,63,63,63,63,63,63,63,63,63,63,63,63,63,63,63],"card_choices":[{"not_picked":["Dagger Throw","Outmaneuver"],"picked":"Slice","floor":1},{"not_picked":["Deflect","Poisoned Stab"],"picked":"Blur","floor":3},{"not_picked":["Eviscerate","Heel Hook","Crippling Poison"],"picked":"SKIP","floor":5},{"not_picked":["Underhanded Strike","Dagger Spray"],"picked":"Crippling Poison","floor":7},{"not_picked":["Quick Slash","All Out Attack","Acrobatics"],"picked":"SKIP","floor":8},{"not_picked":["Masterful Stab","Endless Agony","Malaise+1"],"picked":"SKIP","floor":10},{"not_picked":["Flying Knee","Prepared+1"],"picked":"Adrenaline+1","floor":12},{"not_picked":["Finisher","Blur+1"],"picked":"Bane","floor":13}],"player_experience":54908,"relics_obtained":[{"floor":9,"key":"Toxic Egg 2"},{"floor":12,"key":"Darkstone Periapt"}],"event_choices":[{"damage_healed":0,"gold_gain":0,"player_choice":"Ignored","damage_taken":0,"max_hp_gain":0,"max_hp_loss":0,"event_name":"Liars Game","floor":4,"gold_loss":0},{"damage_healed":0,"gold_gain":0,"player_choice":"Upgraded","damage_taken":0,"max_hp_gain":0,"max_hp_loss":0,"event_name":"Upgrade Shrine","floor":14,"gold_loss":0,"cards_upgraded":["Noxious Fumes"]}],"is_beta":false,"boss_relics":[],"items_purged_floors":[],"is_endless":false,"potions_floor_spawned":[3,7,10,13],"killed_by":"The Guardian","ascension_level":0}