{"gold_per_floor":[118,118,137,150,165,165,183,183,183,196,156,156,176,191,191,295,295,307,73,89,89],"floor_reached":21,"playtime":1148,"items_purged":["Defend_G"],"score":201,"play_id":"6bb1327e-85b9-4adf-8cd7-0b11deb11a95","local_time":"20191019143225","is_ascension_mode":true,"campfire_choices":[{"data":"Calculated Gamble","floor":6.0,"key":"SMITH"},{"data":"Endless Agony","floor":8.0,"key":"SMITH"},{"data":"Well Laid Plans","floor":12.0,"key":"SMITH"},{"floor":15.0,"key":"REST"}],"neow_cost":"PERCENT_DAMAGE","seed_source_timestamp":0,"circlet_count":0,"master_deck":["Strike_G","Strike_G","Strike_G","Strike_G","Defend_G","Defend_G","Defend_G","Defend_G","Survivor","Neutralize","Choke","Endless Agony+1","Calculated Gamble+1","Finisher","Well Laid Plans+1","Adrenaline","Eviscerate+1"],"special_seed":0,"relics":["Ring of the Snake","Du-Vu Doll","Centennial Puzzle","White Beast Statue","Membership Card"],"potions_floor_usage":[20,21],"damage_taken":[{"damage":0.0,"enemies":"2 Louse","floor":1.0,"turns":4.0},{"damage":0.0,"enemies":"Cultist","floor":3.0,"turns":4.0},{"damage":4.0,"enemies":"Small Slimes","floor":4.0,"turns":3.0},{"damage":4.0,"enemies":"Blue Slaver","floor":5.0,"turns":5.0},{"damage":0.0,"enemies":"Exordium Wildlife","floor":7.0,"turns":2.0},{"damage":4.0,"enemies":"2 Fungi Beasts","floor":10.0,"turns":3.0},{"damage":8.0,"enemies":"Blue Slaver","floor":13.0,"turns":2.0},{"damage":0.0,"enemies":"Red Slaver","floor":14.0,"turns":3.0},{"damage":35.0,"enemies":"The Guardian","floor":16.0,"turns":14.0},{"damage":1,"enemies":"Shell Parasite","floor":18,"turns":2},{"damage":33,"enemies":"2 Thieves","floor":20,"turns":3},{"damage":42,"enemies":"Sentry and Sphere","floor":21,"turns":6}],"seed_played":"-6631352002338465926","potions_obtained":[{"floor":1.0,"key":"Ancient Potion"},{"floor":4.0,"key":"SpeedPotion"},{"floor":13.0,"key":"Block Potion"},{"floor":14.0,"key":"GhostInAJar"},{"floor":18,"key":"Fruit Juice"},{"floor":20,"key":"Strength Potion"}],"is_trial":false,"path_per_floor":["M","?","M","M","M","R","M","R","T","M","$","R","M","M","R","B",null,"M","$","M","M"],"character_chosen":"THE_SILENT","items_purchased":["Well Laid Plans","Membership Card"],"campfire_rested":1,"item_purchase_floors":[11,19],"current_hp_per_floor":[49,49,49,45,41,41,41,41,41,37,37,37,29,29,50,15,70,69,69,41,0],"gold":89,"neow_bonus":"ONE_RARE_RELIC","is_prod":false,"is_daily":false,"chose_seed":false,"campfire_upgraded":3,"win_rate":0,"timestamp":1571488345,"path_taken":["M","?","M","M","M","R","M","R","T","M","$","R","M","?","R","BOSS","M","$","M","M"],"build_version":"2019-07-17","purchased_purges":1,"victory":false,"max_hp_per_floor":[70,70,70,70,70,70,70,70,70,70,70,70,70,70,70,70,70,70,70,75,75],"card_choices":[{"not_picked":["All Out Attack","Sucker Punch"],"picked":"Choke","floor":1.0},{"not_picked":["Slice","Riddle With Holes","Flying Knee"],"picked":"SKIP","floor":3.0},{"not_picked":["Dagger Spray","Masterful Stab"],"picked":"Endless Agony","floor":4.0},{"not_picked":["Backstab","Blur"],"picked":"Calculated Gamble","floor":5.0},{"not_picked":["Dash","Catalyst","Footwork"],"picked":"SKIP","floor":7.0},{"not_picked":["Deflect","Sucker Punch"],"picked":"Finisher","floor":10.0},{"not_picked":["Slice","Catalyst","Underhanded Strike"],"picked":"SKIP","floor":13.0},{"not_picked":["Underhanded Strike","Blade Dance","Slice"],"picked":"SKIP","floor":14.0},{"not_picked":["Corpse Explosion","Malaise"],"picked":"Adrenaline","floor":16.0},{"not_picked":["Leg Sweep","Flechettes"],"picked":"Eviscerate+1","floor":18},{"not_picked":["Well Laid Plans","Deadly Poison+1","Cloak And Dagger"],"picked":"SKIP","floor":20}],"player_experience":386881,"relics_obtained":[{"floor":9.0,"key":"Centennial Puzzle"}],"event_choices":[{"cards_removed":["Strike_G"],"damage_healed":0.0,"max_hp_gain":0.0,"max_hp_loss":0.0,"gold_gain":0.0,"event_name":"Purifier","player_choice":"Purged","floor":2.0,"gold_loss":0.0,"damage_taken":0.0}],"is_beta":false,"boss_relics":[{"not_picked":["Runic Pyramid","Coffee Dripper"],"picked":"White Beast Statue"}],"items_purged_floors":[19],"is_endless":false,"potions_floor_spawned":[1,4,13,14,18,20],"killed_by":"Sentry and Sphere","ascension_level":3}