{"gold_per_floor":[109,70,70,70,84,110,110,110,110,121,133,233,243,272,272,376,376,391,411,411,124,124,124,35,35,35,35,48,62,62,80,80,179,179,193,212,226,79,179,179,190,205,276,56,66,66,66,66],"floor_reached":48,"playtime":2328,"items_purged":["Defend_R+1"],"score":539,"play_id":"0eeaa3a5-ee39-45d5-8af4-02f1104a4f33","local_time":"20191010143917","is_ascension_mode":true,"campfire_choices":[{"data":"Flame Barrier","floor":8,"key":"SMITH"},{"data":"Whirlwind","floor":15,"key":"SMITH"},{"data":"Spot Weakness","floor":23,"key":"SMITH"},{"data":"Anger","floor":27,"key":"SMITH"},{"data":"Heavy Blade","floor":30,"key":"SMITH"},{"data":"Double Tap","floor":32,"key":"SMITH"},{"data":"Spot Weakness","floor":40,"key":"SMITH"},{"floor":47,"key":"REST"}],"neow_cost":"NONE","seed_source_timestamp":14944814756400,"circlet_count":0,"master_deck":["Strike_R+1","Strike_R+1","Strike_R+1","Strike_R+1","Defend_R+1","Defend_R+1","Defend_R+1","Bash","Shrug It Off+1","Whirlwind+1","Dropkick","Flame Barrier+1","Spot Weakness+1","Shrug It Off+1","Double Tap+1","Spot Weakness+1","Anger+1","Anger+1","Heavy Blade+1","Impervious","Body Slam+1","Shrug It Off+1","Shrug It Off+1","Reaper","Whirlwind+1","Writhe"],"relics":["Black Blood","NeowsBlessing","Ice Cream","Bottled Lightning","Pen Nib","Eternal Feather","Champion Belt","Pantograph","Bird Faced Urn","War Paint","Thread and Needle","Ornamental Fan","Anchor"],"potions_floor_usage":[14,16,29,29,35,37,39,45,48],"damage_taken":[{"damage":0,"enemies":"2 Louse","floor":1,"turns":1},{"damage":0,"enemies":"Small Slimes","floor":5,"turns":1},{"damage":0,"enemies":"3 Sentries","floor":6,"turns":2},{"damage":1,"enemies":"Cultist","floor":10,"turns":5},{"damage":13,"enemies":"Blue Slaver","floor":11,"turns":5},{"damage":0,"enemies":"Lots of Slimes","floor":13,"turns":1},{"damage":50,"enemies":"Gremlin Nob","floor":14,"turns":6},{"damage":25,"enemies":"The Guardian","floor":16,"turns":11},{"damage":0,"enemies":"Chosen","floor":18,"turns":5},{"damage":0,"enemies":"3 Byrds","floor":19,"turns":3},{"damage":41,"enemies":"Shelled Parasite and Fungi","floor":28,"turns":6},{"damage":4,"enemies":"3 Cultists","floor":29,"turns":4},{"damage":10,"enemies":"Centurion and Healer","floor":31,"turns":6},{"damage":76,"enemies":"Collector","floor":33,"turns":10},{"damage":41,"enemies":"3 Darklings","floor":35,"turns":6},{"damage":14,"enemies":"Orb Walker","floor":36,"turns":4},{"damage":27,"enemies":"3 Darklings","floor":37,"turns":5},{"damage":1,"enemies":"Mind Bloom Boss Battle","floor":39,"turns":8},{"damage":46,"enemies":"Jaw Worm Horde","floor":41,"turns":6},{"damage":34,"enemies":"4 Shapes","floor":42,"turns":7},{"damage":19,"enemies":"Transient","floor":45,"turns":5},{"damage":127,"enemies":"Giant Head","floor":48,"turns":10}],"seed_played":"-1017755948805791576","potions_obtained":[{"floor":6,"key":"Regen Potion"},{"floor":10,"key":"BloodPotion"},{"floor":11,"key":"Swift Potion"},{"floor":28,"key":"Poison Potion"},{"floor":31,"key":"SpeedPotion"},{"floor":36,"key":"Regen Potion"},{"floor":37,"key":"Energy Potion"},{"floor":42,"key":"Energy Potion"},{"floor":45,"key":"PowerPotion"}],"is_trial":false,"path_per_floor":["M","$","?","?","M","E","$","R","T","M","M","?","M","E","R","B",null,"M","M","?","$","?","R","$","T","T","R","M","M","R","M","R","B",null,"M","M","M","$","?","R","M","M","T","$","M","?","R","E"],"character_chosen":"IRONCLAD","items_purchased":["Whirlwind","Champion Belt","Spot Weakness","Anger","War Paint","Anchor"],"campfire_rested":1,"item_purchase_floors":[2,21,24,24,38,44],"current_hp_per_floor":[80,80,80,80,80,80,80,80,80,80,73,73,79,55,55,36,80,80,80,80,80,65,74,74,74,74,83,48,59,71,67,79,15,85,54,50,42,42,76,85,49,33,33,33,24,45,85,0],"gold":66,"neow_bonus":"THREE_ENEMY_KILL","is_prod":false,"is_daily":false,"chose_seed":false,"campfire_upgraded":7,"win_rate":0,"timestamp":1570711157,"path_taken":["M","$","?","?","M","E","$","R","T","M","?","?","M","E","R","BOSS","M","?","?","$","?","R","$","?","T","R","M","M","R","M","R","BOSS","M","M","M","$","?","R","M","M","T","$","M","?","R","E"],"build_version":"2019-07-17","purchased_purges":1,"victory":false,"max_hp_per_floor":[80,80,80,80,80,80,80,80,80,80,80,80,80,80,80,80,80,80,80,80,80,85,85,85,85,85,85,85,85,85,85,85,85,85,85,85,85,85,85,85,85,85,85,85,85,85,85,85],"card_choices":[{"not_picked":["True Grit","Havoc"],"picked":"Shrug It Off","floor":1},{"not_picked":["True Grit","Clash","Cleave"],"picked":"SKIP","floor":5},{"not_picked":["Pummel","Perfected Strike"],"picked":"Flame Barrier","floor":6},{"not_picked":["Havoc","Disarm"],"picked":"Spot Weakness","floor":10},{"not_picked":["Carnage","Perfected Strike","Dropkick"],"picked":"SKIP","floor":11},{"not_picked":["Pommel Strike","Clothesline","Sword Boomerang"],"picked":"SKIP","floor":13},{"not_picked":["Ghostly Armor","Thunderclap"],"picked":"Shrug It Off","floor":14},{"not_picked":["Exhume","Impervious"],"picked":"Double Tap","floor":16},{"not_picked":["Sword Boomerang","Second Wind+1","Flex"],"picked":"SKIP","floor":18},{"not_picked":["Seeing Red","Dropkick+1","Inflame"],"picked":"SKIP","floor":19},{"not_picked":["Shockwave","Dropkick+1"],"picked":"Anger+1","floor":28},{"not_picked":["Havoc","Thunderclap"],"picked":"Heavy Blade","floor":29},{"not_picked":["Burning Pact+1","True Grit","Ghostly Armor"],"picked":"SKIP","floor":31},{"not_picked":["Dark Embrace","Bludgeon"],"picked":"Impervious","floor":33},{"not_picked":["Thunderclap","Clothesline"],"picked":"Body Slam+1","floor":35},{"not_picked":["Sever Soul","Havoc+1"],"picked":"Shrug It Off+1","floor":36},{"not_picked":["Pommel Strike+1","Flex"],"picked":"Shrug It Off+1","floor":37},{"not_picked":["Anger","Perfected Strike+1"],"picked":"Reaper","floor":39},{"not_picked":["Feel No Pain+1","Perfected Strike","Cleave+1"],"picked":"SKIP","floor":41},{"not_picked":["Searing Blow+1","Evolve","Anger"],"picked":"SKIP","floor":42},{"not_picked":["Wild Strike","Bloodletting+1"],"picked":"Whirlwind+1","floor":45}],"player_experience":287974,"relics_obtained":[{"floor":6,"key":"Ice Cream"},{"floor":9,"key":"Bottled Lightning"},{"floor":14,"key":"Pen Nib"},{"floor":25,"key":"Pantograph"},{"floor":26,"key":"Bird Faced Urn"},{"floor":39,"key":"Thread and Needle"},{"floor":43,"key":"Ornamental Fan"}],"event_choices":[{"damage_healed":0,"gold_gain":0,"player_choice":"Ignored","damage_taken":0,"max_hp_gain":0,"max_hp_loss":0,"event_name":"Liars Game","floor":3,"gold_loss":0},{"damage_healed":0,"gold_gain":0,"cards_transformed":["Strike_R"],"player_choice":"Transformed","damage_taken":0,"max_hp_gain":0,"max_hp_loss":0,"event_name":"Transmorgrifier","floor":4,"gold_loss":0,"cards_obtained":["Dropkick"]},{"damage_healed":0,"gold_gain":100,"player_choice":"Pray","damage_taken":0,"max_hp_gain":0,"max_hp_loss":0,"event_name":"Golden Shrine","floor":12,"gold_loss":0},{"damage_healed":0,"gold_gain":0,"player_choice":"Simplicity","damage_taken":0,"max_hp_gain":0,"max_hp_loss":0,"event_name":"Back to Basics","floor":20,"gold_loss":0,"cards_upgraded":["Strike_R","Strike_R","Strike_R","Strike_R","Defend_R","Defend_R","Defend_R","Defend_R"]},{"damage_healed":0,"gold_gain":0,"player_choice":"Shed Blood","damage_taken":20,"max_hp_gain":5,"max_hp_loss":0,"event_name":"Forgotten Altar","floor":22,"gold_loss":0},{"damage_healed":0,"gold_gain":0,"player_choice":"Fight","damage_taken":0,"max_hp_gain":0,"max_hp_loss":0,"event_name":"MindBloom","floor":39,"gold_loss":0},{"damage_healed":21,"gold_gain":0,"player_choice":"Writhe","damage_taken":0,"max_hp_gain":0,"max_hp_loss":0,"event_name":"Winding Halls","floor":46,"gold_loss":0,"cards_obtained":["Writhe"]}],"is_beta":false,"boss_relics":[{"not_picked":["Cursed Key","Ectoplasm"],"picked":"Eternal Feather"},{"not_picked":["Mark of Pain","Philosopher\u0027s Stone"],"picked":"Black Blood"}],"items_purged_floors":[44],"is_endless":false,"potions_floor_spawned":[6,10,11,28,31,36,37,42,45],"killed_by":"Giant Head","ascension_level":2}