{"gold_per_floor":[365,365,382,3,14,45,45,45,100,128,142,142,142,157,157,258,258,183],"floor_reached":18,"playtime":935,"items_purged":[],"score":187,"play_id":"cc1489e5-b77d-4d5a-bf39-9ec0fee4a85c","local_time":"20191015104248","is_ascension_mode":true,"campfire_choices":[{"floor":8,"key":"REST"},{"data":"Noxious Fumes","floor":12,"key":"SMITH"},{"data":"Footwork","floor":15,"key":"SMITH"}],"neow_cost":"TEN_PERCENT_HP_LOSS","seed_source_timestamp":355967280668900,"circlet_count":0,"master_deck":["Strike_G","Strike_G","Strike_G","Strike_G","Strike_G","Defend_G","Defend_G","Defend_G","Defend_G","Defend_G","Survivor","Neutralize","Footwork+1","Prepared","Noxious Fumes+1","Caltrops","After Image"],"relics":["Ring of the Snake","GremlinMask","Dream Catcher","Lantern","Blood Vial","Tiny Chest","Smiling Mask","Paper Crane","White Beast Statue"],"potions_floor_usage":[14,16],"damage_taken":[{"damage":0,"enemies":"Jaw Worm","floor":1,"turns":4},{"damage":0,"enemies":"Cultist","floor":3,"turns":6},{"damage":0,"enemies":"2 Louse","floor":5,"turns":3},{"damage":22,"enemies":"Lagavulin","floor":6,"turns":10},{"damage":23,"enemies":"3 Sentries","floor":10,"turns":9},{"damage":2,"enemies":"Exordium Wildlife","floor":11,"turns":5},{"damage":2,"enemies":"Looter","floor":14,"turns":5},{"damage":36,"enemies":"Hexaghost","floor":16,"turns":10},{"damage":12,"enemies":"2 Thieves","floor":18,"turns":4}],"seed_played":"4898716682888103911","potions_obtained":[{"floor":1,"key":"LiquidBronze"},{"floor":6,"key":"Poison Potion"}],"is_trial":false,"path_per_floor":["M","?","M","$","M","E","$","R","T","E","M","R","T","M","R","B",null,"M"],"character_chosen":"THE_SILENT","items_purchased":["Noxious Fumes","Dream Catcher","Lantern"],"campfire_rested":1,"item_purchase_floors":[4,4,4],"current_hp_per_floor":[63,63,63,63,63,41,41,59,59,38,38,38,38,38,38,4,63,51],"gold":183,"neow_bonus":"TWO_FIFTY_GOLD","is_prod":false,"is_daily":false,"chose_seed":false,"campfire_upgraded":2,"win_rate":0,"timestamp":1571128968,"path_taken":["M","?","M","$","M","E","$","R","T","E","?","R","?","M","R","BOSS","M"],"build_version":"2019-07-17","purchased_purges":0,"victory":false,"max_hp_per_floor":[63,63,63,63,63,63,63,63,63,63,63,63,63,63,63,63,63,63],"card_choices":[{"not_picked":["PiercingWail","Cloak And Dagger"],"picked":"Footwork","floor":1},{"not_picked":["Quick Slash","Bouncing Flask"],"picked":"Prepared","floor":3},{"not_picked":["Flying Knee","Dagger Spray","Tools of the Trade"],"picked":"SKIP","floor":5},{"not_picked":["Bane","Escape Plan"],"picked":"Caltrops","floor":6},{"not_picked":["Reflex","Blade Dance","Sucker Punch"],"picked":"SKIP","floor":10},{"not_picked":["Riddle With Holes","Poisoned Stab","Dagger Spray"],"picked":"SKIP","floor":11},{"not_picked":["Riddle With Holes","Dodge and Roll","Reflex"],"picked":"SKIP","floor":14},{"not_picked":["Doppelganger","Malaise"],"picked":"After Image","floor":16}],"player_experience":350871,"relics_obtained":[{"floor":6,"key":"Blood Vial"},{"floor":9,"key":"Tiny Chest"},{"floor":10,"key":"Smiling Mask"},{"floor":13,"key":"Paper Crane"}],"event_choices":[{"damage_healed":0,"gold_gain":0,"player_choice":"Trade","damage_taken":0,"relics_obtained":["GremlinMask"],"max_hp_gain":0,"max_hp_loss":0,"event_name":"FaceTrader","floor":2,"gold_loss":0}],"is_beta":false,"boss_relics":[{"not_picked":["Coffee Dripper","Calling Bell"],"picked":"White Beast Statue"}],"items_purged_floors":[],"is_endless":false,"potions_floor_spawned":[1,6],"killed_by":"2 Thieves","ascension_level":2}