{"gold_per_floor":[119,33,33,49,66,392,392,424,424,424,442,407,14,31,31,107,107,123,123,143,143,161,189,189,201,201,201,251,268,302,29,29,29],"floor_reached":33,"playtime":947,"items_purged":["Strike_B","Zap"],"score":640,"play_id":"9f52c530-d11e-4f46-a4ca-5d34f0621ac2","local_time":"20191015212128","is_ascension_mode":true,"campfire_choices":[{"floor":7.0,"key":"REST"},{"data":"Hyperbeam","floor":10.0,"key":"SMITH"},{"data":"Beam Cell","floor":15.0,"key":"SMITH"},{"data":"Recycle","floor":24.0,"key":"SMITH"},{"data":"Turbo","floor":27.0,"key":"SMITH"},{"data":"Dualcast","floor":32,"key":"SMITH"}],"neow_cost":"NONE","seed_source_timestamp":0,"circlet_count":0,"master_deck":["AscendersBane","Dualcast+1","Beam Cell+1","Hyperbeam+1","Conserve Battery","Turbo+1","Hologram","Double Energy","Seek","Compile Driver","Hologram","Echo Form","Consume","Fusion","Amplify","Reprogram","Reboot","Gash","Streamline","Heatsinks","Recycle+1","Conserve Battery","Capacitor+1","All For One","Heatsinks+1","Steam Power","Self Repair","BootSequence"],"special_seed":0,"relics":["Black Star","Darkstone Periapt","Old Coin","CaptainsWheel","DataDisk","White Beast Statue","Pandora\u0027s Box","Nloth\u0027s Gift","Vajra","Strawberry","Orichalcum","Dodecahedron","Pantograph"],"potions_floor_usage":[30],"damage_taken":[{"damage":10.0,"enemies":"Small Slimes","floor":1.0,"turns":4.0},{"damage":7.0,"enemies":"2 Louse","floor":4.0,"turns":3.0},{"damage":4.0,"enemies":"Jaw Worm","floor":5.0,"turns":3.0},{"damage":23.0,"enemies":"3 Sentries","floor":6.0,"turns":6.0},{"damage":14.0,"enemies":"Gremlin Nob","floor":8.0,"turns":4.0},{"damage":11.0,"enemies":"Looter","floor":11.0,"turns":2.0},{"damage":1.0,"enemies":"Lots of Slimes","floor":14.0,"turns":2.0},{"damage":20.0,"enemies":"Slime Boss","floor":16.0,"turns":5.0},{"damage":0.0,"enemies":"3 Byrds","floor":18.0,"turns":1.0},{"damage":22.0,"enemies":"Shell Parasite","floor":20.0,"turns":5.0},{"damage":13.0,"enemies":"Centurion and Healer","floor":22.0,"turns":5.0},{"damage":1.0,"enemies":"Gremlin Leader","floor":23.0,"turns":6.0},{"damage":11.0,"enemies":"Cultist and Chosen","floor":25.0,"turns":4.0},{"damage":8.0,"enemies":"Snecko","floor":29.0,"turns":3.0},{"damage":4,"enemies":"Book of Stabbing","floor":30,"turns":2},{"damage":17,"enemies":"Champ","floor":33,"turns":6}],"seed_played":"-8959861316094677769","potions_obtained":[{"floor":6.0,"key":"Swift Potion"},{"floor":11.0,"key":"AttackPotion"},{"floor":14.0,"key":"Weak Potion"},{"floor":16.0,"key":"Swift Potion"},{"floor":20.0,"key":"Fire Potion"},{"floor":22.0,"key":"SpeedPotion"},{"floor":23.0,"key":"Fire Potion"},{"floor":25.0,"key":"SkillPotion"},{"floor":29.0,"key":"EssenceOfDarkness"},{"floor":30,"key":"PotionOfCapacity"}],"is_trial":false,"path_per_floor":["M","$","?","M","M","E","R","E","T","R","M","?","$","M","R","B",null,"M","?","M","?","M","E","R","M","T","R","?","M","E","$","R","B"],"character_chosen":"DEFECT","items_purchased":["Hyperbeam","White Beast Statue","Compile Driver","Self Repair","BootSequence"],"campfire_rested":1,"item_purchase_floors":[2,13,13,31,31],"current_hp_per_floor":[54,54,49,42,38,15,36,22,22,22,11,28,28,27,27,7,55,55,55,33,33,20,26,26,15,15,15,15,7,3,3,3,11],"gold":29,"neow_bonus":"BOSS_RELIC","is_prod":false,"is_daily":false,"chose_seed":false,"campfire_upgraded":5,"win_rate":0,"timestamp":1571145688,"path_taken":["M","$","?","M","M","E","R","E","T","R","M","?","?","M","R","BOSS","M","?","?","?","?","E","R","M","T","R","?","M","E","$","R","BOSS"],"build_version":"2019-10-14","purchased_purges":2,"victory":false,"max_hp_per_floor":[71,71,71,71,71,71,71,71,71,71,71,71,71,71,71,71,71,71,71,71,71,71,78,78,78,78,78,78,78,78,78,78,78],"card_choices":[{"not_picked":["Compile Driver","Steam"],"picked":"Beam Cell","floor":1.0},{"not_picked":["Melter","Gash"],"picked":"Conserve Battery","floor":4.0},{"not_picked":["Streamline","Sweeping Beam"],"picked":"Turbo","floor":5.0},{"not_picked":["Leap","Auto Shields"],"picked":"Hologram","floor":6.0},{"not_picked":["Streamline","Aggregate"],"picked":"Double Energy","floor":8.0},{"not_picked":["Leap","Doom and Gloom"],"picked":"Seek","floor":11.0},{"not_picked":["Steam","Redo"],"picked":"Hologram","floor":14.0},{"not_picked":["Electrodynamics","Buffer"],"picked":"Echo Form","floor":16.0},{"not_picked":["Capacitor","Auto Shields"],"picked":"Heatsinks","floor":18.0},{"not_picked":["Ball Lightning","Cold Snap"],"picked":"Recycle","floor":20.0},{"not_picked":["Reprogram","Go for the Eyes"],"picked":"Conserve Battery","floor":22.0},{"not_picked":["Sweeping Beam","Loop"],"picked":"Capacitor+1","floor":23.0},{"not_picked":["Beam Cell","Capacitor"],"picked":"All For One","floor":25.0},{"not_picked":["Rebound","Auto Shields"],"picked":"Heatsinks+1","floor":29.0},{"not_picked":["FTL","Thunder Strike"],"picked":"Steam Power","floor":30}],"player_experience":1090244,"relics_obtained":[{"floor":6.0,"key":"Old Coin"},{"floor":6.0,"key":"CaptainsWheel"},{"floor":8.0,"key":"Whetstone"},{"floor":8.0,"key":"DataDisk"},{"floor":23.0,"key":"Vajra"},{"floor":23.0,"key":"Strawberry"},{"floor":26.0,"key":"Orichalcum"},{"floor":30,"key":"Dodecahedron"},{"floor":30,"key":"Pantograph"}],"event_choices":[{"damage_healed":0.0,"max_hp_gain":0.0,"max_hp_loss":0.0,"gold_gain":0.0,"event_name":"Scrap Ooze","player_choice":"Success","floor":3.0,"gold_loss":0.0,"damage_taken":5.0,"relics_obtained":["Darkstone Periapt"]},{"damage_healed":17.0,"max_hp_gain":0.0,"max_hp_loss":0.0,"gold_gain":0.0,"event_name":"The Cleric","player_choice":"Healed","floor":12.0,"gold_loss":35.0,"damage_taken":0.0},{"damage_healed":0.0,"max_hp_gain":0.0,"max_hp_loss":0.0,"gold_gain":0.0,"event_name":"N\u0027loth","player_choice":"Traded Relic","floor":19.0,"relics_lost":["Whetstone"],"gold_loss":0.0,"damage_taken":0.0,"relics_obtained":["Nloth\u0027s Gift"]},{"damage_healed":0.0,"max_hp_gain":0.0,"max_hp_loss":0.0,"gold_gain":0.0,"event_name":"Match and Keep!","player_choice":"0 cards matched","floor":21.0,"gold_loss":0.0,"damage_taken":0.0,"cards_obtained":[]},{"damage_healed":0.0,"max_hp_gain":0.0,"max_hp_loss":0.0,"gold_gain":50.0,"event_name":"Nest","player_choice":"Stole From Cult","floor":28.0,"gold_loss":0.0,"damage_taken":0.0}],"is_beta":true,"boss_relics":[{"not_picked":["Runic Dome","Empty Cage"],"picked":"Pandora\u0027s Box"}],"items_purged_floors":[13,31],"is_endless":false,"potions_floor_spawned":[6,11,14,16,18,20,22,23,25,29,30],"killed_by":"Champ","ascension_level":20}