{"gold_per_floor":[118,118,136,147,23,54,54,54,54,54,54,72,72,72,72,177,177,191,191,206,225,225,225,235,235,235,264,283,299,51,66,66,169,169,185,202,202],"floor_reached":37,"playtime":2147,"items_purged":["Strike_B"],"score":391,"play_id":"6a147983-eaa3-4849-b4e7-0169f467b743","local_time":"20191001155030","is_ascension_mode":false,"campfire_choices":[{"data":"Gash","floor":8,"key":"SMITH"},{"data":"Beam Cell","floor":10,"key":"SMITH"},{"data":"Go for the Eyes","floor":13,"key":"SMITH"},{"floor":15,"key":"REST"},{"data":"Echo Form","floor":23,"key":"SMITH"},{"floor":25,"key":"REST"},{"data":"Zap","floor":32,"key":"SMITH"}],"neow_cost":"TEN_PERCENT_HP_LOSS","seed_source_timestamp":407830956051500,"circlet_count":0,"master_deck":["Strike_B","Defend_B","Zap+1","Dualcast","Go for the Eyes+1","FTL","Gash+1","Beam Cell+1","Echo Form+1","Rebound","Streamline+1","Streamline+1","All For One","Hologram","Hologram","Gash+1","Hologram+1","Go for the Eyes"],"relics":["Cracked Core","Meat on the Bone","PreservedInsect","Nuclear Battery","Mercury Hourglass","Kunai","Mummified Hand","Eternal Feather"],"potions_floor_usage":[16,16,33,33,33,37,37],"damage_taken":[{"damage":0,"enemies":"2 Louse","floor":1,"turns":3},{"damage":0,"enemies":"Jaw Worm","floor":3,"turns":4},{"damage":2,"enemies":"Small Slimes","floor":4,"turns":3},{"damage":19,"enemies":"Gremlin Nob","floor":6,"turns":4},{"damage":0,"enemies":"2 Fungi Beasts","floor":12,"turns":2},{"damage":17,"enemies":"Slime Boss","floor":16,"turns":8},{"damage":13,"enemies":"Spheric Guardian","floor":18,"turns":4},{"damage":22,"enemies":"2 Thieves","floor":20,"turns":3},{"damage":19,"enemies":"Centurion and Healer","floor":21,"turns":6},{"damage":15,"enemies":"Snake Plant","floor":24,"turns":2},{"damage":23,"enemies":"Slavers","floor":27,"turns":3},{"damage":4,"enemies":"Snecko","floor":28,"turns":3},{"damage":7,"enemies":"Chosen and Byrds","floor":29,"turns":4},{"damage":9,"enemies":"Centurion and Healer","floor":31,"turns":2},{"damage":26,"enemies":"Champ","floor":33,"turns":4},{"damage":7,"enemies":"Orb Walker","floor":35,"turns":2},{"damage":18,"enemies":"3 Darklings","floor":36,"turns":2},{"damage":49,"enemies":"2 Orb Walkers","floor":37,"turns":3}],"seed_played":"8635266678835366183","potions_obtained":[{"floor":1,"key":"Strength Potion"},{"floor":4,"key":"SkillPotion"},{"floor":6,"key":"Poison Potion"},{"floor":12,"key":"PowerPotion"},{"floor":18,"key":"Dexterity Potion"},{"floor":24,"key":"SteroidPotion"},{"floor":33,"key":"SteroidPotion"},{"floor":35,"key":"SteroidPotion"}],"is_trial":false,"path_per_floor":["M","?","M","M","$","E","?","R","T","R","$","M","R","?","R","B",null,"M","?","M","M","?","R","M","R","T","E","M","M","$","M","R","B",null,"M","M","?"],"character_chosen":"DEFECT","items_purchased":["Gash","Mummified Hand"],"campfire_rested":2,"item_purchase_floors":[5,30],"current_hp_per_floor":[68,61,61,59,59,40,40,40,40,40,40,40,40,40,60,43,68,55,55,45,38,38,38,35,55,55,44,40,45,45,36,36,22,68,61,43,0],"gold":202,"neow_bonus":"REMOVE_TWO","is_prod":false,"is_daily":false,"chose_seed":false,"campfire_upgraded":5,"win_rate":0.0,"timestamp":1569937830,"path_taken":["M","?","M","M","$","E","?","R","T","R","$","M","R","?","R","BOSS","M","?","M","?","?","R","?","R","T","E","M","M","$","M","R","BOSS","M","M","?"],"build_version":"2019-07-17","purchased_purges":1,"victory":false,"max_hp_per_floor":[68,68,68,68,68,68,68,68,68,68,68,68,68,68,68,68,68,68,68,68,68,68,68,68,68,68,68,68,68,68,68,68,68,68,68,68,68],"card_choices":[{"not_picked":["Steam Power","Defragment"],"picked":"Go for the Eyes","floor":1},{"not_picked":["Turbo","Steam"],"picked":"FTL","floor":3},{"not_picked":["Steam Power","Ball Lightning","Doom and Gloom"],"picked":"SKIP","floor":4},{"not_picked":["Redo","Gash"],"picked":"Beam Cell","floor":6},{"not_picked":["Fusion","Turbo","Stack"],"picked":"SKIP","floor":12},{"not_picked":["Amplify","Fission"],"picked":"Echo Form","floor":16},{"not_picked":["Storm","Leap","Heatsinks"],"picked":"SKIP","floor":18},{"not_picked":["Steam","Cold Snap","Leap"],"picked":"SKIP","floor":20},{"not_picked":["Steam Power","Ball Lightning"],"picked":"Streamline+1","floor":21},{"not_picked":["Turbo","Streamline"],"picked":"All For One","floor":24},{"not_picked":["Barrage","Double Energy+1"],"picked":"Hologram","floor":27},{"not_picked":["Turbo","Darkness+1","Leap+1"],"picked":"SKIP","floor":28},{"not_picked":["Sweeping Beam+1","Compile Driver"],"picked":"Hologram","floor":29},{"not_picked":["Multi-Cast","Force Field"],"picked":"Gash+1","floor":31},{"not_picked":["Compile Driver","Static Discharge"],"picked":"Hologram+1","floor":35},{"not_picked":["Barrage","Coolheaded+1"],"picked":"Go for the Eyes","floor":36}],"player_experience":126687,"relics_obtained":[{"floor":6,"key":"Meat on the Bone"},{"floor":9,"key":"PreservedInsect"},{"floor":26,"key":"Mercury Hourglass"},{"floor":27,"key":"Kunai"}],"event_choices":[{"cards_removed":["Strike_B"],"damage_healed":0,"gold_gain":0,"player_choice":"Card Removal","damage_taken":7,"max_hp_gain":0,"max_hp_loss":0,"event_name":"Golden Wing","floor":2,"gold_loss":0},{"cards_removed":["Defend_B"],"damage_healed":0,"gold_gain":0,"player_choice":"Forget","damage_taken":0,"max_hp_gain":0,"max_hp_loss":0,"event_name":"Living Wall","floor":7,"gold_loss":0},{"damage_healed":0,"gold_gain":0,"player_choice":"Ignored","damage_taken":0,"max_hp_gain":0,"max_hp_loss":0,"event_name":"Liars Game","floor":14,"gold_loss":0},{"damage_healed":0,"gold_gain":0,"cards_transformed":["Defend_B"],"player_choice":"Transformed","damage_taken":0,"max_hp_gain":0,"max_hp_loss":0,"event_name":"Transmorgrifier","floor":19,"gold_loss":0,"cards_obtained":["Rebound"]},{"damage_healed":0,"gold_gain":0,"player_choice":"Copied","damage_taken":0,"max_hp_gain":0,"max_hp_loss":0,"event_name":"Duplicator","floor":22,"gold_loss":0,"cards_obtained":["Streamline"]},{"damage_healed":0,"gold_gain":0,"player_choice":"Fight","damage_taken":0,"max_hp_gain":0,"max_hp_loss":0,"event_name":"Mysterious Sphere","floor":37,"gold_loss":0}],"is_beta":false,"boss_relics":[{"not_picked":["Lizard Tail","Sozu"],"picked":"Nuclear Battery"},{"not_picked":["Coffee Dripper","Busted Crown"],"picked":"Eternal Feather"}],"items_purged_floors":[5],"is_endless":false,"potions_floor_spawned":[1,4,6,12,18,24,28,33,35],"killed_by":"2 Orb Walkers","ascension_level":0}