{"gold_per_floor":[117,131,144,144,159,159,179,179,179,190,202,302,320,22,22,117,117,131,99,198,113,132,132,132,132,132,46,46,46,64,81,81,181,181,199,214,154,9,26,26,26,45,45,5,5,17,17,17,17,17],"floor_reached":50,"playtime":2809,"items_purged":["Strike_G"],"score":461,"play_id":"23d92d37-534c-4386-92d3-0f8f41e783f2","local_time":"20190930174746","is_ascension_mode":false,"campfire_choices":[{"data":"Neutralize","floor":6,"key":"SMITH"},{"data":"Survivor","floor":8,"key":"SMITH"},{"data":"Accuracy","floor":15,"key":"SMITH"},{"data":"Envenom","floor":23,"key":"SMITH"},{"data":"Choke","floor":25,"key":"SMITH"},{"data":"Infinite Blades","floor":28,"key":"SMITH"},{"floor":32,"key":"REST"},{"floor":40,"key":"REST"},{"floor":45,"key":"REST"},{"floor":49,"key":"REST"}],"neow_cost":"NONE","seed_source_timestamp":326730764130700,"circlet_count":0,"master_deck":["Strike_G","Strike_G","Strike_G","Defend_G","Defend_G","Defend_G","Defend_G","Survivor+1","Neutralize+1","Blade Dance","Blade Dance","Accuracy+1","Infinite Blades+1","Deflect","Envenom+1","Choke+1","J.A.X.","Finesse","Blade Dance+1","Dodge and Roll+1","Unload","Endless Agony+1","Deflect+1","Accuracy","Writhe"],"relics":["Ring of the Snake","Pear","Membership Card","Kunai","Paper Crane","Tiny Chest","Lizard Tail","Thread and Needle","Bag of Preparation"],"potions_floor_usage":[11,13,16,22,33,33,33,42,46],"damage_taken":[{"damage":0,"enemies":"Cultist","floor":1,"turns":3},{"damage":4,"enemies":"Jaw Worm","floor":2,"turns":5},{"damage":0,"enemies":"Small Slimes","floor":3,"turns":3},{"damage":0,"enemies":"Red Slaver","floor":5,"turns":6},{"damage":5,"enemies":"Looter","floor":7,"turns":4},{"damage":2,"enemies":"2 Fungi Beasts","floor":10,"turns":4},{"damage":3,"enemies":"Large Slime","floor":11,"turns":8},{"damage":9,"enemies":"Exordium Thugs","floor":13,"turns":7},{"damage":30,"enemies":"Hexaghost","floor":16,"turns":9},{"damage":7,"enemies":"Shell Parasite","floor":18,"turns":8},{"damage":29,"enemies":"2 Thieves","floor":19,"turns":5},{"damage":18,"enemies":"3 Cultists","floor":22,"turns":5},{"damage":17,"enemies":"Centurion and Healer","floor":30,"turns":5},{"damage":0,"enemies":"Cultist and Chosen","floor":31,"turns":5},{"damage":44,"enemies":"Collector","floor":33,"turns":8},{"damage":13,"enemies":"Orb Walker","floor":35,"turns":4},{"damage":24,"enemies":"3 Shapes","floor":36,"turns":4},{"damage":35,"enemies":"Jaw Worm Horde","floor":39,"turns":5},{"damage":42,"enemies":"Transient","floor":42,"turns":5},{"damage":13,"enemies":"Spire Growth","floor":46,"turns":4},{"damage":141,"enemies":"Time Eater","floor":50,"turns":12}],"seed_played":"673430543643233662","potions_obtained":[{"floor":1,"key":"Block Potion"},{"floor":5,"key":"FearPotion"},{"floor":7,"key":"Block Potion"},{"floor":16,"key":"Energy Potion"},{"floor":18,"key":"LiquidBronze"},{"floor":22,"key":"Swift Potion"},{"floor":30,"key":"SteroidPotion"},{"floor":35,"key":"AttackPotion"},{"floor":42,"key":"Block Potion"}],"is_trial":false,"path_per_floor":["M","M","M","?","M","R","M","R","T","M","M","?","M","$","R","B",null,"M","M","?","?","M","R","?","R","T","$","R","$","M","M","R","B",null,"M","M","?","$","M","R","$","M","T","$","R","M","?","?","R","B"],"character_chosen":"THE_SILENT","items_purchased":["Membership Card","Infinite Blades","Deflect","Finesse","Tiny Chest","Thread and Needle","Accuracy"],"campfire_rested":4,"item_purchase_floors":[14,14,14,27,27,38,44],"current_hp_per_floor":[77,73,73,78,78,78,73,73,83,81,78,78,69,69,69,39,92,85,56,56,56,38,38,38,38,38,38,38,38,21,21,48,4,92,79,55,55,55,20,47,47,5,5,5,32,19,42,42,69,0],"gold":17,"neow_bonus":"TEN_PERCENT_HP_BONUS","is_prod":false,"is_daily":false,"chose_seed":false,"campfire_upgraded":6,"win_rate":0,"timestamp":1569858466,"path_taken":["M","?","M","?","M","R","M","R","T","M","M","?","M","$","R","BOSS","M","M","?","?","M","R","?","R","T","$","R","$","M","M","R","BOSS","M","M","?","$","M","R","?","?","T","$","R","M","?","?","R","BOSS"],"build_version":"2019-07-17","purchased_purges":1,"victory":false,"max_hp_per_floor":[77,77,77,82,82,82,82,82,92,92,92,92,92,92,92,92,92,92,92,92,92,92,92,92,92,92,92,92,92,92,92,92,92,92,92,92,92,92,92,92,92,92,92,92,92,92,92,92,92,92],"card_choices":[{"not_picked":["All Out Attack","Sucker Punch","Dodge and Roll"],"picked":"SKIP","floor":1},{"not_picked":["Dodge and Roll","Backflip","Slice"],"picked":"SKIP","floor":2},{"not_picked":["Quick Slash","Escape Plan","Dash"],"picked":"SKIP","floor":3},{"not_picked":["Backflip","Choke","Heel Hook"],"picked":"SKIP","floor":5},{"not_picked":["Predator","Dagger Spray","Quick Slash"],"picked":"SKIP","floor":7},{"not_picked":["Skewer","Tools of the Trade"],"picked":"Blade Dance","floor":10},{"not_picked":["Masterful Stab","Calculated Gamble"],"picked":"Blade Dance","floor":11},{"not_picked":["Quick Slash","Acrobatics"],"picked":"Accuracy","floor":13},{"not_picked":["Bullet Time","Wraith Form v2"],"picked":"Envenom","floor":16},{"not_picked":["Expertise+1","Crippling Poison","Slice"],"picked":"SKIP","floor":18},{"not_picked":["Flying Knee","Sucker Punch"],"picked":"Choke","floor":19},{"not_picked":["Bane","Terror","Slice"],"picked":"SKIP","floor":22},{"not_picked":["Flechettes","Well Laid Plans"],"picked":"Blade Dance+1","floor":30},{"not_picked":["Poisoned Stab+1","Flying Knee+1"],"picked":"Dodge and Roll+1","floor":31},{"not_picked":["Doppelganger","Corpse Explosion"],"picked":"Unload","floor":33},{"not_picked":["Underhanded Strike+1","Leg Sweep"],"picked":"Endless Agony+1","floor":35},{"not_picked":["Dagger Throw+1","Distraction+1","Quick Slash+1"],"picked":"SKIP","floor":36},{"not_picked":["Quick Slash+1","Dagger Throw"],"picked":"Deflect+1","floor":39},{"not_picked":["Quick Slash+1","Underhanded Strike+1","Poisoned Stab"],"picked":"SKIP","floor":42},{"not_picked":["Acrobatics","Deadly Poison","Eviscerate"],"picked":"SKIP","floor":46}],"player_experience":96142,"relics_obtained":[{"floor":9,"key":"Pear"},{"floor":26,"key":"Paper Crane"},{"floor":43,"key":"Bag of Preparation"}],"event_choices":[{"damage_healed":0,"gold_gain":0,"player_choice":"Donut","damage_taken":0,"max_hp_gain":5,"max_hp_loss":0,"event_name":"Big Fish","floor":4,"gold_loss":0},{"damage_healed":0,"gold_gain":100,"player_choice":"Pray","damage_taken":0,"max_hp_gain":0,"max_hp_loss":0,"event_name":"Golden Shrine","floor":12,"gold_loss":0},{"damage_healed":0,"gold_gain":99,"player_choice":"Stole From Cult","damage_taken":0,"max_hp_gain":0,"max_hp_loss":0,"event_name":"Nest","floor":20,"gold_loss":0},{"damage_healed":0,"gold_gain":0,"player_choice":"Obtained Relic","damage_taken":0,"relics_obtained":["Kunai"],"max_hp_gain":0,"max_hp_loss":0,"event_name":"Addict","floor":21,"gold_loss":85},{"damage_healed":0,"gold_gain":0,"player_choice":"Obtain J.A.X.","damage_taken":0,"max_hp_gain":0,"max_hp_loss":0,"event_name":"Drug Dealer","floor":24,"gold_loss":0,"cards_obtained":["J.A.X."]},{"cards_removed":["Defend_G"],"damage_healed":0,"gold_gain":0,"player_choice":"Single Remove","damage_taken":0,"max_hp_gain":0,"max_hp_loss":0,"event_name":"Designer","floor":37,"gold_loss":60},{"damage_healed":23,"gold_gain":0,"player_choice":"Writhe","damage_taken":0,"max_hp_gain":0,"max_hp_loss":0,"event_name":"Winding Halls","floor":47,"gold_loss":0,"cards_obtained":["Writhe"]},{"cards_removed":["Strike_G"],"damage_healed":0,"gold_gain":0,"player_choice":"Removed Attack","damage_taken":0,"max_hp_gain":0,"max_hp_loss":0,"event_name":"Falling","floor":48,"gold_loss":0}],"is_beta":false,"boss_relics":[{"not_picked":["Runic Pyramid","Coffee Dripper","Busted Crown"]},{"not_picked":["Philosopher\u0027s Stone","Cursed Key"],"picked":"Lizard Tail"}],"items_purged_floors":[14],"is_endless":false,"potions_floor_spawned":[1,5,7,16,18,22,30,35,42],"killed_by":"Time Eater","ascension_level":0}