{"gold_per_floor":[216,216,45,55,55,85,85,105,183,115,115,115,143,158,158,256,256,271,287,287,287,287,287],"floor_reached":23,"playtime":759,"items_purged":[],"score":261,"play_id":"a079700e-17bb-4259-ac72-edd1baebf98d","local_time":"20191017115000","is_ascension_mode":true,"campfire_choices":[{"floor":7,"key":"REST"},{"data":"Hello World","floor":12,"key":"SMITH"},{"floor":15,"key":"REST"}],"neow_cost":"NONE","seed_source_timestamp":532977819991100,"circlet_count":0,"master_deck":["Strike_B","Strike_B","Strike_B","Strike_B","Defend_B","Defend_B","Defend_B","Defend_B","Zap","Dualcast","White Noise+1","Static Discharge","Madness","Darkness","Capacitor","Sunder","Hello World+1","Conserve Battery","Cold Snap","Echo Form","Consume","Conserve Battery+1"],"relics":["FrozenCore","Bag of Preparation","Mercury Hourglass","Pear","Regal Pillow","Nilry\u0027s Codex"],"potions_floor_usage":[13],"damage_taken":[{"damage":0,"enemies":"Small Slimes","floor":1,"turns":3},{"damage":1,"enemies":"Cultist","floor":4,"turns":3},{"damage":35,"enemies":"3 Sentries","floor":6,"turns":7},{"damage":2,"enemies":"2 Louse","floor":8,"turns":2},{"damage":45,"enemies":"Gremlin Nob","floor":13,"turns":4},{"damage":2,"enemies":"2 Fungi Beasts","floor":14,"turns":3},{"damage":21,"enemies":"Hexaghost","floor":16,"turns":9},{"damage":18,"enemies":"Chosen","floor":18,"turns":6},{"damage":13,"enemies":"Spheric Guardian","floor":19,"turns":4},{"damage":32,"enemies":"Slavers","floor":23,"turns":1}],"seed_played":"-7009528279032512028","potions_obtained":[{"floor":4,"key":"Poison Potion"},{"floor":6,"key":"AttackPotion"},{"floor":13,"key":"Dexterity Potion"}],"is_trial":false,"path_per_floor":["M","?","$","M","?","E","R","M","T","$","?","R","E","M","R","B",null,"M","M","?","?","?","E"],"character_chosen":"DEFECT","items_purchased":["Static Discharge","Madness","Hello World"],"campfire_rested":2,"item_purchase_floors":[3,3,10],"current_hp_per_floor":[75,75,75,74,62,27,49,47,57,57,62,62,17,15,57,36,90,72,59,41,25,25,0],"gold":287,"neow_bonus":"HUNDRED_GOLD","is_prod":false,"is_daily":false,"chose_seed":false,"campfire_upgraded":1,"win_rate":0,"timestamp":1571305800,"path_taken":["M","?","?","M","?","E","R","M","T","$","?","R","E","M","R","BOSS","M","M","?","?","?","E"],"build_version":"2019-07-17","purchased_purges":0,"victory":false,"max_hp_per_floor":[75,75,75,75,75,75,75,75,85,85,90,90,90,90,90,90,90,90,90,95,95,95,95],"card_choices":[{"not_picked":["Barrage","Cold Snap"],"picked":"White Noise","floor":1},{"not_picked":["Auto Shields","Hello World"],"picked":"Darkness","floor":4},{"not_picked":["Blizzard","Go for the Eyes"],"picked":"Capacitor","floor":6},{"not_picked":["Streamline","Skim"],"picked":"Sunder","floor":8},{"not_picked":["Coolheaded","Steam"],"picked":"Conserve Battery","floor":13},{"not_picked":["Sweeping Beam","Hologram"],"picked":"Cold Snap","floor":14},{"not_picked":["Amplify","Thunder Strike"],"picked":"Echo Form","floor":16},{"not_picked":["Leap","Stack"],"picked":"Consume","floor":18},{"not_picked":["Cold Snap","Coolheaded"],"picked":"Conserve Battery+1","floor":19}],"player_experience":374255,"relics_obtained":[{"floor":6,"key":"Mercury Hourglass"},{"floor":9,"key":"Pear"},{"floor":13,"key":"Regal Pillow"},{"floor":21,"key":"Nilry\u0027s Codex"}],"event_choices":[{"damage_healed":0,"gold_gain":0,"player_choice":"Forge","damage_taken":0,"max_hp_gain":0,"max_hp_loss":0,"event_name":"Accursed Blacksmith","floor":2,"gold_loss":0,"cards_upgraded":["White Noise"]},{"damage_healed":0,"gold_gain":0,"player_choice":"Success","damage_taken":12,"relics_obtained":["Bag of Preparation"],"max_hp_gain":0,"max_hp_loss":0,"event_name":"Scrap Ooze","floor":5,"gold_loss":0},{"damage_healed":0,"gold_gain":0,"player_choice":"Donut","damage_taken":0,"max_hp_gain":5,"max_hp_loss":0,"event_name":"Big Fish","floor":11,"gold_loss":0},{"damage_healed":0,"gold_gain":0,"player_choice":"Shed Blood","damage_taken":23,"max_hp_gain":5,"max_hp_loss":0,"event_name":"Forgotten Altar","floor":20,"gold_loss":0},{"damage_healed":0,"gold_gain":0,"player_choice":"Obtained Book","damage_taken":16,"max_hp_gain":0,"max_hp_loss":0,"event_name":"Cursed Tome","floor":21,"gold_loss":0},{"damage_healed":0,"gold_gain":0,"player_choice":"Ignored","damage_taken":0,"max_hp_gain":0,"max_hp_loss":0,"event_name":"Beggar","floor":22,"gold_loss":0}],"is_beta":false,"boss_relics":[{"not_picked":["Black Star","Coffee Dripper"],"picked":"FrozenCore"}],"items_purged_floors":[],"is_endless":false,"potions_floor_spawned":[4,6,13],"killed_by":"Slavers","ascension_level":4}