{"gold_per_floor":[112,112,112,42,58,58,91,105,129,55,55,55,55,69,69,165,165,175,190,190,190,190],"floor_reached":22,"playtime":782,"items_purged":[],"score":207,"play_id":"59002389-f99c-48f3-a2b6-446e7ff38f97","local_time":"20191002152955","is_ascension_mode":false,"campfire_choices":[{"data":"White Noise","floor":6,"key":"SMITH"},{"data":"Hologram","floor":15,"key":"SMITH"}],"neow_cost":"NONE","seed_source_timestamp":494363369061800,"circlet_count":0,"master_deck":["Strike_B","Strike_B","Strike_B","Defend_B","Defend_B","Defend_B","Defend_B","Zap","Dualcast","Reprogram","White Noise+1","Hologram+1","FTL","Scrape","Streamline","Gash","Echo Form","FTL+1"],"relics":["Cracked Core","NeowsBlessing","Boot","Art of War","Black Star"],"potions_floor_usage":[16,22],"damage_taken":[{"damage":0,"enemies":"2 Louse","floor":1,"turns":1},{"damage":0,"enemies":"Jaw Worm","floor":5,"turns":1},{"damage":0,"enemies":"3 Sentries","floor":7,"turns":1},{"damage":0,"enemies":"Cultist","floor":8,"turns":3},{"damage":10,"enemies":"Exordium Thugs","floor":14,"turns":4},{"damage":34,"enemies":"Hexaghost","floor":16,"turns":9},{"damage":37,"enemies":"Chosen","floor":18,"turns":5},{"damage":10,"enemies":"3 Byrds","floor":19,"turns":4},{"damage":25,"enemies":"Sentry and Sphere","floor":22,"turns":3}],"seed_played":"-5345325433280969554","potions_obtained":[{"floor":3,"key":"Explosive Potion"},{"floor":3,"key":"Poison Potion"},{"floor":3,"key":"Weak Potion"},{"floor":5,"key":"SteroidPotion"},{"floor":7,"key":"Regen Potion"},{"floor":16,"key":"SneckoOil"},{"floor":19,"key":"FearPotion"}],"is_trial":false,"path_per_floor":["M","?","?","$","M","R","E","M","T","$","?","?","$","M","R","B",null,"M","M","?","?","M"],"character_chosen":"DEFECT","items_purchased":["White Noise","Streamline","Gash"],"campfire_rested":0,"item_purchase_floors":[4,10,10],"current_hp_per_floor":[75,75,75,75,75,75,75,75,75,75,80,73,73,63,63,44,80,43,33,18,18,0],"gold":190,"neow_bonus":"THREE_ENEMY_KILL","is_prod":false,"is_daily":false,"chose_seed":false,"campfire_upgraded":2,"win_rate":0.0,"timestamp":1570022995,"path_taken":["M","?","?","$","M","R","E","?","T","$","?","?","?","M","R","BOSS","M","M","?","?","M"],"build_version":"2019-07-17","purchased_purges":0,"victory":false,"max_hp_per_floor":[75,75,75,75,75,75,75,75,75,75,80,80,80,80,80,80,80,80,80,85,85,85],"card_choices":[{"not_picked":["Go for the Eyes","Conserve Battery"],"picked":"Reprogram","floor":1},{"not_picked":["Barrage","Hello World"],"picked":"Hologram","floor":5},{"not_picked":["Core Surge","Force Field"],"picked":"FTL","floor":7},{"not_picked":["Coolheaded","Force Field"],"picked":"Scrape","floor":8},{"not_picked":["Redo","Conserve Battery","Chaos"],"picked":"SKIP","floor":14},{"not_picked":["Hyperbeam","Creative AI"],"picked":"Echo Form","floor":16},{"not_picked":["Streamline","BootSequence"],"picked":"FTL+1","floor":18},{"not_picked":["Melter","Steam","Stack"],"picked":"SKIP","floor":19}],"player_experience":136043,"relics_obtained":[{"floor":7,"key":"Boot"},{"floor":9,"key":"Art of War"}],"event_choices":[{"damage_healed":0,"gold_gain":0,"player_choice":"Ignored","damage_taken":0,"max_hp_gain":0,"max_hp_loss":0,"event_name":"Liars Game","floor":2,"gold_loss":0},{"damage_healed":0,"gold_gain":0,"player_choice":"Got Potions","damage_taken":0,"max_hp_gain":0,"max_hp_loss":0,"event_name":"Lab","floor":3,"gold_loss":0},{"damage_healed":0,"gold_gain":0,"player_choice":"Donut","damage_taken":0,"max_hp_gain":5,"max_hp_loss":0,"event_name":"Big Fish","floor":11,"gold_loss":0},{"cards_removed":["Strike_B"],"damage_healed":0,"gold_gain":0,"player_choice":"Card Removal","damage_taken":7,"max_hp_gain":0,"max_hp_loss":0,"event_name":"Golden Wing","floor":12,"gold_loss":0},{"damage_healed":0,"gold_gain":0,"player_choice":"Shed Blood","damage_taken":20,"max_hp_gain":5,"max_hp_loss":0,"event_name":"Forgotten Altar","floor":20,"gold_loss":0},{"damage_healed":0,"gold_gain":0,"player_choice":"Ignored","damage_taken":0,"max_hp_gain":0,"max_hp_loss":0,"event_name":"Ghosts","floor":21,"gold_loss":0}],"is_beta":false,"boss_relics":[{"not_picked":["Cursed Key","Busted Crown"],"picked":"Black Star"}],"items_purged_floors":[],"is_endless":false,"potions_floor_spawned":[5,7,14,16,19],"killed_by":"Sentry and Sphere","ascension_level":0}