{"gold_per_floor":[119,119,119,130,142,167,179,179],"floor_reached":8,"playtime":640,"items_purged":[],"score":64,"play_id":"ddea0870-90fb-42c7-9e5e-905f3338eb60","local_time":"20181228171953","is_ascension_mode":true,"campfire_choices":[],"neow_cost":"NONE","seed_source_timestamp":603225111598694,"circlet_count":0,"master_deck":["Defend_G","Defend_G","Defend_G","Defend_G","Strike_G","Strike_G","Strike_G","Strike_G","Strike_G","Survivor","Neutralize+1","Deadly Poison","Caltrops","Slice","Terror","Dagger Spray","Bane"],"relics":["Ring of the Snake","The Specimen"],"potions_floor_usage":[8],"damage_taken":[{"damage":0,"enemies":"Jaw Worm","floor":1,"turns":6},{"damage":7,"enemies":"Small Slimes","floor":4,"turns":4},{"damage":9,"enemies":"2 Louse","floor":5,"turns":2},{"damage":17,"enemies":"Lagavulin","floor":6,"turns":7},{"damage":9,"enemies":"2 Fungi Beasts","floor":7,"turns":3},{"damage":35,"enemies":"3 Sentries","floor":8,"turns":6}],"seed_played":"4821552700671441072","potions_obtained":[{"floor":4,"key":"Swift Potion"},{"floor":7,"key":"SpeedPotion"}],"is_trial":false,"path_per_floor":["M","?","?","M","M","E","M","E"],"character_chosen":"THE_SILENT","items_purchased":[],"campfire_rested":0,"item_purchase_floors":[],"current_hp_per_floor":[70,70,70,63,54,37,28,0],"gold":179,"neow_bonus":"UPGRADE_CARD","is_prod":false,"is_daily":false,"chose_seed":false,"campfire_upgraded":0,"win_rate":0,"timestamp":1546010393,"path_taken":["M","?","?","M","M","E","M","E"],"build_version":"2018-12-20","purchased_purges":0,"victory":false,"max_hp_per_floor":[70,70,70,70,70,70,70,70],"card_choices":[{"not_picked":["Quick Slash","Bane"],"picked":"Deadly Poison","floor":1},{"not_picked":["Bane","Finisher"],"picked":"Slice","floor":4},{"not_picked":["Deflect","Dodge and Roll"],"picked":"Terror","floor":5},{"not_picked":["Dagger Throw","A Thousand Cuts"],"picked":"Dagger Spray","floor":6},{"not_picked":["Prepared","Dodge and Roll"],"picked":"Bane","floor":7}],"player_experience":81784,"relics_obtained":[{"floor":6,"key":"The Specimen"}],"event_choices":[{"damage_healed":0,"gold_gain":0,"player_choice":"Leave","damage_taken":0,"max_hp_gain":0,"max_hp_loss":0,"event_name":"The Cleric","floor":2,"gold_loss":0},{"damage_healed":0,"gold_gain":0,"cards_transformed":["Defend_G"],"player_choice":"Change","damage_taken":0,"max_hp_gain":0,"max_hp_loss":0,"event_name":"Living Wall","floor":3,"gold_loss":0,"cards_obtained":["Caltrops"]}],"is_beta":false,"boss_relics":[],"items_purged_floors":[],"is_endless":false,"potions_floor_spawned":[4,7],"killed_by":"3 Sentries","ascension_level":2}