{"gold_per_floor":[114,39,39,13,13,13,43,43,43,68,68,94,94,125,125,125],"floor_reached":16,"playtime":194,"items_purged":["Strike_B"],"score":344,"play_id":"57a3633f-df42-4ad8-b3a7-1f10d0884513","local_time":"20190925124942","is_ascension_mode":true,"campfire_choices":[{"data":"Sunder","floor":6.0,"key":"SMITH"},{"data":"Zap","floor":8,"key":"SMITH"},{"data":"Dualcast","floor":13,"key":"SMITH"},{"data":"Turbo","floor":15,"key":"SMITH"}],"neow_cost":"NONE","seed_source_timestamp":247506203312319,"circlet_count":0,"master_deck":["AscendersBane","Strike_B","Strike_B","Defend_B","Defend_B","Defend_B","Zap+1","Dualcast+1","Sunder+1","Hologram","Conserve Battery","Turbo+1","Self Repair","White Noise"],"special_seed":0,"relics":["Cracked Core","NeowsBlessing","Blood Vial","Regal Pillow","Bag of Preparation","Shuriken","Emotion Chip"],"potions_floor_usage":[],"damage_taken":[{"damage":0.0,"enemies":"Cultist","floor":1.0,"turns":1.0},{"damage":0.0,"enemies":"3 Sentries","floor":7.0,"turns":1.0},{"damage":0,"enemies":"Lagavulin","floor":10,"turns":1},{"damage":13,"enemies":"Gremlin Nob","floor":12,"turns":3},{"damage":27,"enemies":"Lagavulin","floor":14,"turns":6},{"damage":26,"enemies":"The Guardian","floor":16,"turns":5}],"seed_played":"-4326998927259967392","potions_obtained":[{"floor":12,"key":"DuplicationPotion"}],"is_trial":false,"path_per_floor":["M","$","?","$","T","R","E","R","T","E","?","E","R","E","R","B"],"character_chosen":"DEFECT","items_purchased":["Conserve Battery"],"campfire_rested":0,"item_purchase_floors":[4],"current_hp_per_floor":[64,64,64,64,64,64,66,66,66,68,61,50,50,32,32,8],"gold":125,"neow_bonus":"THREE_ENEMY_KILL","is_prod":false,"is_daily":false,"chose_seed":false,"campfire_upgraded":4,"win_rate":0,"timestamp":1569386982,"path_taken":["M","?","?","$","?","R","E","R","T","E","?","E","R","E","R","BOSS"],"build_version":"2019-09-24","purchased_purges":1,"victory":false,"max_hp_per_floor":[71,71,71,71,71,71,71,71,71,71,71,71,71,71,71,71],"card_choices":[{"not_picked":["Ball Lightning","Stack"],"picked":"Sunder","floor":1.0},{"not_picked":["Streamline","BootSequence"],"picked":"Turbo","floor":7},{"not_picked":["Go for the Eyes","Barrage","Turbo"],"picked":"SKIP","floor":10},{"not_picked":["Steam","Rebound"],"picked":"Self Repair","floor":12},{"not_picked":["Rip and Tear","Genetic Algorithm"],"picked":"White Noise","floor":14}],"player_experience":988980,"relics_obtained":[{"floor":5.0,"key":"Blood Vial"},{"floor":9,"key":"Regal Pillow"},{"floor":10,"key":"Bag of Preparation"},{"floor":12,"key":"Shuriken"},{"floor":14,"key":"Emotion Chip"}],"event_choices":[{"damage_healed":0.0,"max_hp_gain":0.0,"max_hp_loss":0.0,"gold_gain":0.0,"cards_transformed":["Strike_B"],"event_name":"Living Wall","player_choice":"Change","floor":3.0,"gold_loss":0.0,"damage_taken":0.0,"cards_obtained":["Hologram"]},{"cards_removed":["Defend_B"],"damage_healed":0,"gold_gain":0,"player_choice":"Card Removal","damage_taken":7,"max_hp_gain":0,"max_hp_loss":0,"event_name":"Golden Wing","floor":11,"gold_loss":0}],"is_beta":true,"boss_relics":[],"items_purged_floors":[2],"is_endless":false,"potions_floor_spawned":[12],"killed_by":"The Guardian","ascension_level":20}