{"gold_per_floor":[116,116,116,134,20,20,20,55,55,55,70,70,70,84,84,173,173,189,129,154,154,154,154,167,167,190,217,244,171,233,268,280,390,465,495,507,31,52,385,385,415,415,463,474,502,254,273,273,273,273,273,273,273,26,56,56],"floor_reached":57,"playtime":2026,"items_purged":["Strike_R","Strike_R","Bash+1","Defend_R"],"score":3041,"play_id":"c97f024b-280f-47cd-92f6-a92d93551dc1","local_time":"20190925172808","is_ascension_mode":true,"campfire_choices":[{"data":"True Grit","floor":6.0,"key":"SMITH"},{"data":"Armaments","floor":12.0,"key":"SMITH"},{"data":"Disarm","floor":15.0,"key":"SMITH"},{"data":"Body Slam","floor":23.0,"key":"SMITH"},{"data":"Barricade","floor":25.0,"key":"SMITH"},{"data":"Evolve","floor":32.0,"key":"SMITH"},{"data":"Offering","floor":40.0,"key":"SMITH"},{"data":"Impatience","floor":42.0,"key":"SMITH"},{"floor":49.0,"key":"RECALL"},{"data":"Fire Breathing","floor":53.0,"key":"SMITH"}],"neow_cost":"NONE","seed_source_timestamp":262301397779113,"circlet_count":0,"master_deck":["AscendersBane","Defend_R","Defend_R","Defend_R","True Grit+1","Power Through","Evolve+1","Disarm+1","Body Slam+1","Armaments+1","Barricade+1","Warcry+1","Shrug It Off","Offering+1","Impatience+1","Feel No Pain+1","Fire Breathing+1"],"special_seed":0,"relics":["Burning Blood","MealTicket","The Courier","Pear","Coffee Dripper","MawBank","Sundial","Tiny House","Lantern","Toxic Egg 2","Smiling Mask","Champion Belt","Potion Belt","Cauldron","Vajra"],"potions_floor_usage":[56,56,56,56],"damage_taken":[{"damage":10.0,"enemies":"Small Slimes","floor":1.0,"turns":3.0},{"damage":32.0,"enemies":"Jaw Worm","floor":4.0,"turns":6.0},{"damage":37.0,"enemies":"Gremlin Nob","floor":8.0,"turns":5.0},{"damage":9.0,"enemies":"Cultist","floor":11.0,"turns":5.0},{"damage":8.0,"enemies":"Red Slaver","floor":14.0,"turns":5.0},{"damage":25.0,"enemies":"Hexaghost","floor":16.0,"turns":13.0},{"damage":6.0,"enemies":"3 Byrds","floor":18.0,"turns":10.0},{"damage":14.0,"enemies":"Spheric Guardian","floor":20.0,"turns":8.0},{"damage":29.0,"enemies":"3 Cultists","floor":24.0,"turns":7.0},{"damage":12.0,"enemies":"Chosen and Byrds","floor":27.0,"turns":10.0},{"damage":5.0,"enemies":"Snecko","floor":28.0,"turns":6.0},{"damage":0.0,"enemies":"3 Cultists","floor":31.0,"turns":7.0},{"damage":8.0,"enemies":"Champ","floor":33.0,"turns":8.0},{"damage":13.0,"enemies":"3 Shapes","floor":35.0,"turns":6.0},{"damage":26.0,"enemies":"3 Darklings","floor":38.0,"turns":6.0},{"damage":31.0,"enemies":"Nemesis","floor":41.0,"turns":7.0},{"damage":6.0,"enemies":"Maw","floor":44.0,"turns":6.0},{"damage":6.0,"enemies":"Giant Head","floor":45.0,"turns":5.0},{"damage":6.0,"enemies":"Writhing Mass","floor":47.0,"turns":4.0},{"damage":6.0,"enemies":"Donu and Deca","floor":50.0,"turns":4.0},{"damage":8.0,"enemies":"Awakened One","floor":51.0,"turns":6.0},{"damage":54,"enemies":"Shield and Spear","floor":55,"turns":4},{"damage":6,"enemies":"The Heart","floor":56,"turns":8}],"seed_played":"-5300783604243474021","potions_obtained":[{"floor":4.0,"key":"AttackPotion"},{"floor":8.0,"key":"DuplicationPotion"},{"floor":11.0,"key":"Strength Potion"},{"floor":20.0,"key":"GamblersBrew"},{"floor":28.0,"key":"AttackPotion"},{"floor":31.0,"key":"Explosive Potion"},{"floor":33.0,"key":"PowerPotion"},{"floor":38.0,"key":"DuplicationPotion"},{"floor":54,"key":"SpeedPotion"}],"is_trial":false,"path_per_floor":["M","?","?","M","$","R","$","E","T","$","M","R","T","M","R","B",null,"M","$","M","?","?","R","M","R","T","M","M","?","?","M","R","B",null,"M","?","$","M","?","R","E","R","T","M","E","$","M","?","R","B","B",null,"R","$","E","B",null],"character_chosen":"IRONCLAD","items_purchased":["Evolve","Disarm","Feel No Pain","Lantern","Toxic Egg 2","Fire Breathing","Potion Belt","Cauldron","Ancient Potion"],"campfire_rested":0,"item_purchase_floors":[5,5,37,37,37,46,46,54,54],"current_hp_per_floor":[64,64,64,38,38,38,38,7,7,22,19,19,29,27,27,8,61,61,76,68,68,68,68,45,45,45,39,40,40,40,46,46,44,75,68,58,73,53,53,53,28,28,28,28,28,43,43,43,43,43,41,73,73,83,35,35],"gold":56,"neow_bonus":"REMOVE_CARD","is_prod":false,"is_daily":false,"chose_seed":false,"campfire_upgraded":9,"win_rate":0,"timestamp":1569403688,"path_taken":["M","?","?","?","$","R","?","E","T","?","M","R","?","M","R","BOSS","M","$","?","?","?","R","M","R","T","M","M","?","?","M","R","BOSS","M","?","$","M","?","R","E","R","T","M","E","$","M","?","R","BOSS","BOSS","R","$","E","BOSS"],"build_version":"2019-09-24","purchased_purges":4,"victory":true,"max_hp_per_floor":[75,68,68,68,68,68,68,68,68,68,68,68,78,78,78,78,78,78,78,78,78,78,78,78,78,78,78,78,78,78,78,78,78,83,83,83,83,83,83,83,83,83,83,83,83,83,83,83,83,83,83,83,83,83,83,83],"card_choices":[{"not_picked":["Twin Strike","Heavy Blade"],"picked":"True Grit","floor":1.0},{"not_picked":["Rage","Shrug It Off"],"picked":"Power Through","floor":4.0},{"not_picked":["Berserk","Hemokinesis"],"picked":"Body Slam","floor":8.0},{"not_picked":["Anger","Battle Trance"],"picked":"Armaments","floor":11.0},{"not_picked":["Combust","Flex","Sword Boomerang"],"picked":"SKIP","floor":14.0},{"not_picked":["Juggernaut","Immolate"],"picked":"Barricade","floor":16.0},{"not_picked":["Anger","Headbutt","Carnage"],"picked":"SKIP","floor":18.0},{"not_picked":["Clash+1","Pommel Strike","Metallicize"],"picked":"SKIP","floor":20.0},{"not_picked":["Sentinel","Rupture"],"picked":"Warcry+1","floor":24.0},{"not_picked":["Clash","Disarm"],"picked":"Shrug It Off","floor":27.0},{"not_picked":["Wild Strike","Corruption","Blood for Blood"],"picked":"SKIP","floor":28.0},{"not_picked":["Anger","Clash"],"picked":"Offering","floor":31.0},{"not_picked":["Pummel+1","Anger","Iron Wave+1"],"picked":"SKIP","floor":35.0},{"not_picked":["Forethought","Jack Of All Trades"],"picked":"Impatience","floor":36.0},{"not_picked":["Headbutt","Heavy Blade","Combust"],"picked":"SKIP","floor":38.0},{"not_picked":["Clash+1","Rage+1","Wild Strike"],"picked":"SKIP","floor":41.0},{"not_picked":["Flex+1","True Grit+1","Body Slam"],"picked":"SKIP","floor":44.0},{"not_picked":["Bloodletting+1","Ghostly Armor+1","Warcry+1"],"picked":"SKIP","floor":45.0},{"not_picked":["Rampage+1","Anger","Perfected Strike"],"picked":"SKIP","floor":47.0},{"not_picked":["Whirlwind","Corruption","Infernal Blade+1"],"picked":"SKIP","floor":55}],"player_experience":997379,"relics_obtained":[{"floor":8.0,"key":"MealTicket"},{"floor":9.0,"key":"The Courier"},{"floor":13.0,"key":"Pear"},{"floor":26.0,"key":"MawBank"},{"floor":41.0,"key":"Smiling Mask"},{"floor":45.0,"key":"Champion Belt"},{"floor":55,"key":"Vajra"}],"event_choices":[{"damage_healed":0.0,"max_hp_gain":0.0,"max_hp_loss":7.0,"gold_gain":0.0,"event_name":"Golden Idol","player_choice":"Lose Max HP","floor":2.0,"gold_loss":0.0,"damage_taken":0.0,"relics_obtained":["Golden Idol"]},{"cards_removed":["Strike_R"],"damage_healed":0.0,"max_hp_gain":0.0,"max_hp_loss":0.0,"gold_gain":0.0,"event_name":"Bonfire Elementals","player_choice":"Offered Basic","floor":3.0,"gold_loss":0.0,"damage_taken":0.0},{"cards_removed":["Strike_R"],"damage_healed":0.0,"max_hp_gain":0.0,"max_hp_loss":0.0,"gold_gain":0.0,"event_name":"Back to Basics","player_choice":"Elegance","floor":21.0,"gold_loss":0.0,"damage_taken":0.0},{"damage_healed":0.0,"max_hp_gain":0.0,"max_hp_loss":0.0,"gold_gain":0.0,"event_name":"Vampires","player_choice":"Ignored","floor":22.0,"gold_loss":0.0,"damage_taken":0.0},{"damage_healed":0.0,"max_hp_gain":0.0,"max_hp_loss":0.0,"gold_gain":0.0,"event_name":"Addict","player_choice":"Obtained Relic","floor":29.0,"gold_loss":85.0,"damage_taken":0.0,"relics_obtained":["Sundial"]},{"damage_healed":0.0,"max_hp_gain":0.0,"max_hp_loss":0.0,"gold_gain":50.0,"event_name":"Nest","player_choice":"Stole From Cult","floor":30.0,"gold_loss":0.0,"damage_taken":0.0},{"damage_healed":0.0,"max_hp_gain":0.0,"max_hp_loss":0.0,"gold_gain":0.0,"event_name":"SensoryStone","player_choice":"Memory 3","floor":36.0,"gold_loss":0.0,"damage_taken":10.0},{"damage_healed":0.0,"max_hp_gain":0.0,"max_hp_loss":0.0,"gold_gain":333.0,"event_name":"The Moai Head","player_choice":"Gave Idol","floor":39.0,"relics_lost":["Golden Idol"],"gold_loss":0.0,"damage_taken":0.0},{"damage_healed":0.0,"max_hp_gain":0.0,"max_hp_loss":0.0,"gold_gain":0.0,"event_name":"Accursed Blacksmith","player_choice":"Forge","floor":48.0,"gold_loss":0.0,"damage_taken":0.0,"cards_upgraded":["Feel No Pain"]}],"is_beta":true,"boss_relics":[{"not_picked":["Mark of Pain","Velvet Choker"],"picked":"Coffee Dripper"},{"not_picked":["Snecko Eye","Busted Crown"],"picked":"Tiny House"}],"items_purged_floors":[19,37,46,54],"is_endless":false,"potions_floor_spawned":[4,8,11,14,20,28,31,33,35,38],"ascension_level":20}