{"gold_per_floor":[216,216,141,141,155,155,155,230,230,241,241,257,257,257,257,355,355,365,365,365,167,187,187,187,187,187,201,76,76,92,17,17,112,112,126,126,145,162,262,262,272,272,272,292,308,308,319,45,45,45],"floor_reached":51,"playtime":1637,"items_purged":["Strike_R","Strike_R","Strike_R","Strike_R"],"score":740,"play_id":"00d9bfeb-b636-4e48-ad7b-b42c001e57b5","local_time":"20190926022927","is_ascension_mode":false,"campfire_choices":[{"data":"Armaments","floor":6.0,"key":"SMITH"},{"data":"Sword Boomerang","floor":11.0,"key":"SMITH"},{"data":"Spot Weakness","floor":13.0,"key":"SMITH"},{"data":"Second Wind","floor":15.0,"key":"SMITH"},{"data":"Offering","floor":23.0,"key":"SMITH"},{"data":"Bash","floor":25.0,"key":"SMITH"},{"floor":29.0,"key":"REST"},{"floor":32.0,"key":"REST"},{"floor":40,"key":"REST"},{"floor":46,"key":"REST"},{"floor":49,"key":"REST"}],"neow_cost":"NONE","seed_source_timestamp":295163809812723,"circlet_count":0,"master_deck":["Defend_R","Defend_R+1","Defend_R+1","Defend_R","Bash+1","Sword Boomerang+1","Armaments+1","Second Wind+1","Spot Weakness+1","Offering+1","Shrug It Off","Dropkick","Battle Trance","Shockwave","Berserk","Dropkick","Shrug It Off+1","True Grit+1","Seeing Red","Burning Pact"],"special_seed":0,"relics":["Burning Blood"],"potions_floor_usage":[41,42,50,50],"damage_taken":[{"damage":6.0,"enemies":"Jaw Worm","floor":1.0,"turns":3.0},{"damage":0.0,"enemies":"Small Slimes","floor":5.0,"turns":3.0},{"damage":0.0,"enemies":"2 Louse","floor":10.0,"turns":3.0},{"damage":1.0,"enemies":"Exordium Thugs","floor":12.0,"turns":5.0},{"damage":44.0,"enemies":"Slime Boss","floor":16.0,"turns":12.0},{"damage":18.0,"enemies":"2 Thieves","floor":18.0,"turns":4.0},{"damage":6.0,"enemies":"3 Byrds","floor":22.0,"turns":4.0},{"damage":21.0,"enemies":"Snake Plant","floor":27.0,"turns":5.0},{"damage":13.0,"enemies":"Centurion and Healer","floor":30.0,"turns":7.0},{"damage":58.0,"enemies":"Collector","floor":33.0,"turns":8.0},{"damage":17.0,"enemies":"3 Shapes","floor":35.0,"turns":6.0},{"damage":11.0,"enemies":"Orb Walker","floor":37.0,"turns":3.0},{"damage":12.0,"enemies":"Jaw Worm Horde","floor":38.0,"turns":4.0},{"damage":20,"enemies":"Mind Bloom Boss Battle","floor":39,"turns":8},{"damage":22,"enemies":"Spire Growth","floor":41,"turns":6},{"damage":0,"enemies":"Reptomancer","floor":42,"turns":1},{"damage":33,"enemies":"Writhing Mass","floor":44,"turns":7},{"damage":6,"enemies":"Maw","floor":45,"turns":6},{"damage":32,"enemies":"4 Shapes","floor":47,"turns":7},{"damage":6,"enemies":"Donu and Deca","floor":50,"turns":3}],"seed_played":"-1926016157454977540","potions_obtained":[{"floor":5.0,"key":"EssenceOfSteel"},{"floor":16.0,"key":"Weak Potion"},{"floor":33.0,"key":"Block Potion"},{"floor":35.0,"key":"Energy Potion"},{"floor":38.0,"key":"EssenceOfSteel"},{"floor":41,"key":"SmokeBomb"},{"floor":47,"key":"DuplicationPotion"}],"is_trial":false,"path_per_floor":["M","?","$","?","M","R","?","?","T","M","R","M","R","?","R","B",null,"M","?","?","$","M","R","?","R","T","M","$","R","M","?","R","B",null,"M","$","M","M","?","R","M","E","T","M","M","R","M","$","R","B",null],"character_chosen":"IRONCLAD","items_purchased":["Shrug It Off","AttackPotion","Burning Pact","Dexterity Potion"],"campfire_rested":5,"item_purchase_floors":[21,21,48,48],"current_hp_per_floor":[80,80,80,64,70,70,70,62,62,68,68,73,73,73,73,35,80,68,53,53,53,53,53,53,53,53,38,38,63,56,56,81,29,85,74,74,69,63,49,74,58,64,64,37,37,62,36,36,61,61],"gold":45,"neow_bonus":"HUNDRED_GOLD","is_prod":false,"is_daily":false,"chose_seed":false,"campfire_upgraded":6,"win_rate":0,"timestamp":1569436167,"path_taken":["M","?","$","?","M","R","?","?","T","M","R","?","R","?","R","BOSS","M","?","?","$","M","R","?","R","T","M","?","R","M","?","R","BOSS","M","$","M","M","?","R","M","E","T","M","M","R","M","$","R","BOSS"],"build_version":"2019-09-24","purchased_purges":4,"victory":true,"max_hp_per_floor":[80,80,80,80,80,80,80,80,80,80,80,80,80,80,80,80,80,80,85,85,85,85,85,85,85,85,85,85,85,85,85,85,85,85,85,85,85,85,85,85,85,85,85,85,85,85,85,85,85,85],"card_choices":[{"not_picked":["Thunderclap","Cleave"],"picked":"Sword Boomerang","floor":1.0},{"not_picked":["Thunderclap","True Grit"],"picked":"Armaments","floor":5.0},{"not_picked":["Infernal Blade","Dual Wield"],"picked":"Second Wind","floor":10.0},{"not_picked":["Bludgeon","Cleave"],"picked":"Spot Weakness","floor":12.0},{"not_picked":["Barricade","Impervious"],"picked":"Offering","floor":16.0},{"not_picked":["Clothesline+1","Pommel Strike","Wild Strike+1"],"picked":"SKIP","floor":18.0},{"not_picked":["Iron Wave","Wild Strike"],"picked":"Dropkick","floor":22.0},{"not_picked":["Rupture+1","Rage"],"picked":"Battle Trance","floor":27.0},{"not_picked":["Ghostly Armor","Sword Boomerang"],"picked":"Shockwave","floor":30.0},{"not_picked":["Juggernaut","Bludgeon"],"picked":"Berserk","floor":33.0},{"not_picked":["Shockwave","Heavy Blade+1"],"picked":"Dropkick","floor":35.0},{"not_picked":["Shrug It Off+1","Pommel Strike","Flex+1"],"picked":"SKIP","floor":37.0},{"not_picked":["Pommel Strike","Flex+1"],"picked":"Shrug It Off+1","floor":37.0},{"not_picked":["Whirlwind+1","Combust"],"picked":"True Grit+1","floor":38.0},{"not_picked":["Twin Strike","Headbutt+1","Hemokinesis"],"picked":"SKIP","floor":41},{"not_picked":["Heavy Blade","Fire Breathing","Havoc+1"],"picked":"SKIP","floor":44},{"not_picked":["Perfected Strike+1","Flex+1"],"picked":"Seeing Red","floor":45},{"not_picked":["Headbutt","Seeing Red+1","Combust"],"picked":"SKIP","floor":47}],"player_experience":1000956,"relics_obtained":[],"event_choices":[{"damage_healed":0.0,"max_hp_gain":0.0,"max_hp_loss":0.0,"gold_gain":0.0,"event_name":"Golden Idol","player_choice":"Ignored","floor":2.0,"gold_loss":0.0,"damage_taken":0.0},{"damage_healed":0.0,"max_hp_gain":0.0,"max_hp_loss":0.0,"gold_gain":0.0,"event_name":"Shining Light","player_choice":"Entered Light","floor":4.0,"gold_loss":0.0,"damage_taken":16.0,"cards_upgraded":["Defend_R","Defend_R"]},{"damage_healed":0.0,"max_hp_gain":0.0,"max_hp_loss":0.0,"gold_gain":0.0,"event_name":"Dead Adventurer","player_choice":"Searched \u00270\u0027 times","floor":7.0,"gold_loss":0.0,"damage_taken":0.0},{"damage_healed":0.0,"max_hp_gain":0.0,"max_hp_loss":0.0,"gold_gain":75.0,"event_name":"FaceTrader","player_choice":"Touch","floor":8.0,"gold_loss":0.0,"damage_taken":8.0},{"damage_healed":0.0,"max_hp_gain":0.0,"max_hp_loss":0.0,"gold_gain":0.0,"event_name":"Liars Game","player_choice":"Ignored","floor":14.0,"gold_loss":0.0,"damage_taken":0.0},{"damage_healed":0.0,"max_hp_gain":5.0,"max_hp_loss":0.0,"gold_gain":0.0,"event_name":"Forgotten Altar","player_choice":"Shed Blood","floor":19.0,"gold_loss":0.0,"damage_taken":20.0},{"damage_healed":0.0,"max_hp_gain":0.0,"max_hp_loss":0.0,"gold_gain":0.0,"event_name":"Vampires","player_choice":"Ignored","floor":20.0,"gold_loss":0.0,"damage_taken":0.0},{"cards_removed":["Strike_R"],"damage_healed":0.0,"max_hp_gain":0.0,"max_hp_loss":0.0,"gold_gain":0.0,"event_name":"Beggar","player_choice":"Gave Gold","floor":31.0,"gold_loss":75.0,"damage_taken":0.0},{"damage_healed":0,"gold_gain":0,"player_choice":"Fight","damage_taken":0,"max_hp_gain":0,"max_hp_loss":0,"event_name":"MindBloom","floor":39,"gold_loss":0}],"is_beta":true,"boss_relics":[{"not_picked":["Pandora\u0027s Box","Mark of Pain","Snecko Eye"]},{"not_picked":["Black Blood","Runic Cube","Cursed Key"]}],"items_purged_floors":[3,21,28,48],"is_endless":false,"potions_floor_spawned":[5,16,33,35,38,41,47],"ascension_level":0}