{"gold_per_floor":[119,135,85,7,7,38,51,71,95,17,17,92,92,106,106,201,201,201,201,201,141,47,47,47,47,47,47,47,47,47,47,47,47],"floor_reached":33,"playtime":1717,"items_purged":[],"score":288,"play_id":"7c7b073b-be2a-46d0-a4db-43415a7b80e4","local_time":"20191018101955","is_ascension_mode":false,"campfire_choices":[{"data":"Redo","floor":11,"key":"SMITH"},{"data":"Defragment","floor":15,"key":"SMITH"},{"data":"Purity","floor":23,"key":"SMITH"},{"data":"Zap","floor":27,"key":"SMITH"},{"data":"Bite","floor":29,"key":"SMITH"},{"data":"Redo","floor":32,"key":"SMITH"}],"neow_cost":"NONE","seed_source_timestamp":348938486733700,"circlet_count":0,"master_deck":["Defend_B+1","Defend_B+1","Defend_B+1","Defend_B+1","Zap+1","Dualcast","Seek","Steam","Redo+1","Static Discharge","Auto Shields","Defragment+1","Machine Learning","Redo+1","Purity+1","Bite+1","Bite","Bite","Bite","Bite","FTL+1"],"relics":["Cracked Core","Oddly Smooth Stone","Bag of Marbles","Orichalcum","Ectoplasm","StoneCalendar","Molten Egg 2","MawBank"],"potions_floor_usage":[7,16,25,33,33],"damage_taken":[{"damage":0,"enemies":"2 Louse","floor":1,"turns":4},{"damage":0,"enemies":"Cultist","floor":2,"turns":3},{"damage":9,"enemies":"Lagavulin","floor":6,"turns":7},{"damage":0,"enemies":"Jaw Worm","floor":7,"turns":3},{"damage":13,"enemies":"Large Slime","floor":8,"turns":6},{"damage":0,"enemies":"Looter","floor":14,"turns":4},{"damage":8,"enemies":"The Guardian","floor":16,"turns":12},{"damage":8,"enemies":"Spheric Guardian","floor":18,"turns":5},{"damage":11,"enemies":"2 Thieves","floor":21,"turns":4},{"damage":11,"enemies":"Centurion and Healer","floor":24,"turns":9},{"damage":14,"enemies":"Snake Plant","floor":25,"turns":3},{"damage":13,"enemies":"Gremlin Leader","floor":30,"turns":7},{"damage":56,"enemies":"Collector","floor":33,"turns":5}],"seed_played":"5075528753073065258","potions_obtained":[{"floor":2,"key":"DuplicationPotion"},{"floor":6,"key":"Fire Potion"},{"floor":14,"key":"Fire Potion"},{"floor":21,"key":"DistilledChaos"},{"floor":24,"key":"DistilledChaos"},{"floor":30,"key":"Ancient Potion"}],"is_trial":false,"path_per_floor":["M","M","?","$","?","E","M","M","T","$","R","?","?","M","R","B",null,"M","?","?","M","$","R","M","M","T","R","?","R","E","?","R","B"],"character_chosen":"DEFECT","items_purchased":["Static Discharge","Defragment","Purity"],"campfire_rested":0,"item_purchase_floors":[4,10,22],"current_hp_per_floor":[75,75,75,75,75,66,66,53,53,53,53,42,35,35,35,27,75,67,67,53,42,42,42,31,17,17,17,17,17,31,31,31,0],"gold":47,"neow_bonus":"ONE_RANDOM_RARE_CARD","is_prod":false,"is_daily":false,"chose_seed":false,"campfire_upgraded":6,"win_rate":0.0,"timestamp":1571408395,"path_taken":["M","M","?","$","?","E","M","?","T","$","R","?","?","M","R","BOSS","M","?","?","M","?","R","?","M","T","R","?","R","E","?","R","BOSS"],"build_version":"2019-10-17","purchased_purges":0,"victory":false,"max_hp_per_floor":[75,75,75,75,75,75,75,75,75,75,75,75,75,75,75,75,75,75,75,80,80,80,80,80,80,80,80,56,56,56,56,56,56],"card_choices":[{"not_picked":["Ball Lightning","Rebound"],"picked":"Steam","floor":1},{"not_picked":["Hello World","Blizzard"],"picked":"Redo","floor":2},{"not_picked":["Lockon","Stack","Rebound"],"picked":"SKIP","floor":6},{"not_picked":["Compile Driver","BootSequence"],"picked":"Auto Shields","floor":7},{"not_picked":["Stack","Streamline","Barrage"],"picked":"SKIP","floor":8},{"not_picked":["Go for the Eyes","Ball Lightning","Force Field"],"picked":"SKIP","floor":14},{"not_picked":["Buffer","All For One"],"picked":"Machine Learning","floor":16},{"not_picked":["Reprogram","Stack+1"],"picked":"Redo","floor":18},{"not_picked":["Ball Lightning+1","Stack","Chill"],"picked":"SKIP","floor":21},{"not_picked":["Hologram","Force Field","Rebound+1"],"picked":"SKIP","floor":24},{"not_picked":["Hologram","Rebound","Undo"],"picked":"SKIP","floor":25},{"not_picked":["Doom and Gloom","Conserve Battery"],"picked":"FTL","floor":30}],"player_experience":4613,"relics_obtained":[{"floor":6,"key":"Bag of Marbles"},{"floor":9,"key":"Orichalcum"},{"floor":26,"key":"StoneCalendar"},{"floor":30,"key":"Molten Egg 2"}],"event_choices":[{"cards_removed":["Strike_B"],"damage_healed":0,"gold_gain":0,"player_choice":"Card Removal","damage_taken":0,"max_hp_gain":0,"max_hp_loss":0,"event_name":"The Cleric","floor":3,"gold_loss":50},{"damage_healed":0,"gold_gain":0,"player_choice":"Gave Potion","damage_taken":0,"relics_obtained":["Oddly Smooth Stone"],"max_hp_gain":0,"max_hp_loss":0,"event_name":"WeMeetAgain","floor":5,"gold_loss":0},{"damage_healed":0,"gold_gain":75,"player_choice":"Gather Gold","damage_taken":11,"max_hp_gain":0,"max_hp_loss":0,"event_name":"World of Goop","floor":12,"gold_loss":0},{"cards_removed":["Strike_B"],"damage_healed":0,"gold_gain":0,"player_choice":"Card Removal","damage_taken":7,"max_hp_gain":0,"max_hp_loss":0,"event_name":"Golden Wing","floor":13,"gold_loss":0},{"damage_healed":0,"gold_gain":0,"player_choice":"Simplicity","damage_taken":0,"max_hp_gain":0,"max_hp_loss":0,"event_name":"Back to Basics","floor":19,"gold_loss":0,"cards_upgraded":["Strike_B","Strike_B","Defend_B","Defend_B","Defend_B","Defend_B"]},{"damage_healed":0,"gold_gain":0,"player_choice":"Shed Blood","damage_taken":19,"max_hp_gain":5,"max_hp_loss":0,"event_name":"Forgotten Altar","floor":20,"gold_loss":0},{"damage_healed":0,"gold_gain":0,"player_choice":"Became a vampire","damage_taken":0,"max_hp_gain":0,"max_hp_loss":24,"event_name":"Vampires","floor":28,"gold_loss":0,"cards_obtained":["Bite","Bite","Bite","Bite","Bite"]},{"damage_healed":0,"gold_gain":0,"player_choice":"Opened","damage_taken":0,"relics_obtained":["MawBank"],"max_hp_gain":0,"max_hp_loss":0,"event_name":"The Mausoleum","floor":31,"gold_loss":0}],"is_beta":true,"boss_relics":[{"not_picked":["Empty Cage","Cursed Key"],"picked":"Ectoplasm"}],"items_purged_floors":[],"is_endless":false,"potions_floor_spawned":[2,6,14,21,24,30],"killed_by":"Collector","ascension_level":0}