{"gold_per_floor":[117,127,127,140,155,190,206,240,240,240,279,300,344,193,193,322,322,341,341,357,378,378],"floor_reached":22,"playtime":913,"items_purged":["Strike_B"],"score":389,"play_id":"5ec7fea4-66fd-4c91-90c1-d13face7bfe1","local_time":"20191013200038","is_ascension_mode":true,"campfire_choices":[{"floor":15,"key":"REST"}],"neow_cost":"TEN_PERCENT_HP_LOSS","seed_source_timestamp":176165173427200,"circlet_count":0,"master_deck":["Strike_B","Strike_B","Strike_B","Defend_B","Defend_B","Defend_B","Defend_B","Zap","Dualcast","Ball Lightning","Sweeping Beam","Lockon","Melter","Ball Lightning","Leap","Turbo+1","Injury","FTL","Melter","Glacier+1","Capacitor","Echo Form","Beam Cell","Leap+1"],"relics":["Cracked Core","Thread and Needle","Pear","Anchor","Toxic Egg 2","Girya","Golden Idol","Calipers","Darkstone Periapt","Inserter"],"potions_floor_usage":[],"damage_taken":[{"damage":0,"enemies":"Small Slimes","floor":1,"turns":4},{"damage":0,"enemies":"Cultist","floor":2,"turns":3},{"damage":3,"enemies":"2 Louse","floor":4,"turns":2},{"damage":2,"enemies":"Looter","floor":5,"turns":3},{"damage":12,"enemies":"Gremlin Nob","floor":6,"turns":3},{"damage":0,"enemies":"2 Fungi Beasts","floor":7,"turns":2},{"damage":19,"enemies":"Lagavulin","floor":8,"turns":5},{"damage":12,"enemies":"3 Sentries","floor":11,"turns":6},{"damage":0,"enemies":"Blue Slaver","floor":12,"turns":3},{"damage":18,"enemies":"Lagavulin","floor":13,"turns":5},{"damage":0,"enemies":"Slime Boss","floor":16,"turns":8},{"damage":0,"enemies":"Chosen","floor":18,"turns":5},{"damage":10,"enemies":"2 Thieves","floor":20,"turns":5},{"damage":29,"enemies":"Snake Plant","floor":21,"turns":4},{"damage":39,"enemies":"Centurion and Healer","floor":22,"turns":4}],"seed_played":"8113503764402044564","potions_obtained":[{"floor":1,"key":"Poison Potion"},{"floor":4,"key":"FearPotion"},{"floor":7,"key":"FocusPotion"},{"floor":16,"key":"FairyPotion"}],"is_trial":false,"path_per_floor":["M","M","?","M","M","E","M","E","T","?","E","M","E","$","R","B",null,"M","?","M","M","M"],"character_chosen":"DEFECT","items_purchased":["Capacitor"],"campfire_rested":1,"item_purchase_floors":[14],"current_hp_per_floor":[68,68,71,68,66,54,54,35,35,35,23,23,5,5,28,28,66,66,59,49,20,0],"gold":378,"neow_bonus":"ONE_RARE_RELIC","is_prod":false,"is_daily":false,"chose_seed":false,"campfire_upgraded":0,"win_rate":0,"timestamp":1570989638,"path_taken":["M","M","?","M","M","E","M","E","T","?","E","M","E","$","R","BOSS","M","?","M","M","M"],"build_version":"2019-07-17","purchased_purges":1,"victory":false,"max_hp_per_floor":[68,68,78,78,78,78,78,78,78,78,78,78,78,78,78,78,78,78,78,78,78,78],"card_choices":[{"not_picked":["Beam Cell","White Noise"],"picked":"Ball Lightning","floor":1},{"not_picked":["Leap","Barrage"],"picked":"Sweeping Beam","floor":2},{"not_picked":["Steam Power","Skim"],"picked":"Lockon","floor":4},{"not_picked":["Go for the Eyes","Barrage"],"picked":"Melter","floor":5},{"not_picked":["Lockon","Chaos"],"picked":"Ball Lightning","floor":6},{"not_picked":["Streamline","Coolheaded"],"picked":"Leap","floor":7},{"not_picked":["Cold Snap","Static Discharge"],"picked":"Turbo","floor":8},{"not_picked":["Rebound","Ball Lightning"],"picked":"FTL","floor":11},{"not_picked":["Heatsinks","Genetic Algorithm+1"],"picked":"Melter","floor":12},{"not_picked":["Barrage","Double Energy+1"],"picked":"Glacier+1","floor":13},{"not_picked":["Multi-Cast+1","Machine Learning"],"picked":"Echo Form","floor":16},{"not_picked":["Compile Driver","Rebound"],"picked":"Beam Cell","floor":18},{"not_picked":["Go for the Eyes","Melter"],"picked":"Leap+1","floor":20},{"not_picked":["Sweeping Beam","Compile Driver+1","Darkness+1"],"picked":"SKIP","floor":21}],"player_experience":414665,"relics_obtained":[{"floor":6,"key":"Anchor"},{"floor":8,"key":"Toxic Egg 2"},{"floor":9,"key":"Girya"},{"floor":11,"key":"Calipers"},{"floor":13,"key":"Darkstone Periapt"}],"event_choices":[{"damage_healed":0,"gold_gain":0,"player_choice":"Success","damage_taken":7,"relics_obtained":["Pear"],"max_hp_gain":0,"max_hp_loss":0,"event_name":"Scrap Ooze","floor":3,"gold_loss":0},{"damage_healed":0,"gold_gain":0,"player_choice":"Take Wound","damage_taken":0,"relics_obtained":["Golden Idol"],"max_hp_gain":0,"max_hp_loss":0,"event_name":"Golden Idol","floor":10,"gold_loss":0,"cards_obtained":["Injury"]},{"damage_healed":0,"gold_gain":0,"player_choice":"","damage_taken":7,"max_hp_gain":0,"max_hp_loss":0,"event_name":"Knowing Skull","floor":19,"potions_obtained":[],"gold_loss":0,"cards_obtained":[]}],"is_beta":false,"boss_relics":[{"not_picked":["Empty Cage","Pandora\u0027s Box"],"picked":"Inserter"}],"items_purged_floors":[14],"is_endless":false,"potions_floor_spawned":[1,4,7,8,13,16,20],"killed_by":"Centurion and Healer","ascension_level":9}