{"gold_per_floor":[12,12,25,44,60,60,60,60,86,9,9,23,53,94,94,190,190,204,204,204,48,69,69,90,90,90,15,65,78,78,101,101,190,190,208,108,233,233,233,233,274,298,298,318,106,106,125,49,49,49,49,49,49,49,92,92],"floor_reached":57,"playtime":2435,"items_purged":["Strike_G","Defend_G","Defend_G"],"score":2706,"play_id":"416426de-b5d3-4fad-8563-faa671b4c88a","local_time":"20190922224213","is_ascension_mode":true,"campfire_choices":[{"data":"Cloak And Dagger","floor":6.0,"key":"SMITH"},{"data":"Neutralize","floor":8.0,"key":"SMITH"},{"data":"Flechettes","floor":11.0,"key":"SMITH"},{"data":"Well Laid Plans","floor":15.0,"key":"SMITH"},{"data":"Noxious Fumes","floor":23.0,"key":"SMITH"},{"data":"Expertise","floor":25.0,"key":"SMITH"},{"data":"Acrobatics","floor":32.0,"key":"SMITH"},{"data":"Footwork","floor":40.0,"key":"SMITH"},{"floor":49.0,"key":"RECALL"},{"data":"Calculated Gamble","floor":53.0,"key":"SMITH"}],"neow_cost":"NO_GOLD","seed_source_timestamp":20405875408037,"circlet_count":0,"master_deck":["AscendersBane","Defend_G","Defend_G","Survivor","Neutralize+1","Cloak And Dagger+1","Footwork+1","Well Laid Plans+1","Terror","Flechettes+1","Doppelganger","Ghostly","Ghostly","Ghostly","Noxious Fumes+1","Expertise+1","Acrobatics+1","Adrenaline","Calculated Gamble+1","Madness","Madness","Reflex","Tactician"],"special_seed":0,"relics":["Ring of the Snake","Golden Idol","Blood Vial","Toy Ornithopter","Coffee Dripper","Ornamental Fan","Runic Pyramid","Nunchaku","White Beast Statue","Vajra","Art of War"],"potions_floor_usage":[56],"damage_taken":[{"damage":8.0,"enemies":"Cultist","floor":1.0,"turns":5.0},{"damage":8.0,"enemies":"Small Slimes","floor":3.0,"turns":6.0},{"damage":4.0,"enemies":"2 Louse","floor":4.0,"turns":4.0},{"damage":9.0,"enemies":"Large Slime","floor":5.0,"turns":13.0},{"damage":0.0,"enemies":"Looter","floor":12.0,"turns":3.0},{"damage":3.0,"enemies":"Lagavulin","floor":14.0,"turns":6.0},{"damage":20.0,"enemies":"Hexaghost","floor":16.0,"turns":11.0},{"damage":8.0,"enemies":"3 Byrds","floor":18.0,"turns":5.0},{"damage":0.0,"enemies":"Chosen","floor":22.0,"turns":9.0},{"damage":2.0,"enemies":"Shelled Parasite and Fungi","floor":24.0,"turns":4.0},{"damage":4.0,"enemies":"Snake Plant","floor":29.0,"turns":4.0},{"damage":0.0,"enemies":"Sentry and Sphere","floor":31.0,"turns":6.0},{"damage":29.0,"enemies":"Champ","floor":33.0,"turns":11.0},{"damage":9.0,"enemies":"3 Shapes","floor":35.0,"turns":7.0},{"damage":0.0,"enemies":"Mind Bloom Boss Battle","floor":37.0,"turns":9.0},{"damage":4.0,"enemies":"Giant Head","floor":41.0,"turns":7.0},{"damage":0.0,"enemies":"Orb Walker","floor":42.0,"turns":3.0},{"damage":0.0,"enemies":"Spire Growth","floor":44.0,"turns":4.0},{"damage":0.0,"enemies":"Transient","floor":47.0,"turns":6.0},{"damage":3.0,"enemies":"Time Eater","floor":50.0,"turns":6.0},{"damage":0.0,"enemies":"Awakened One","floor":51.0,"turns":7.0},{"damage":0.0,"enemies":"Shield and Spear","floor":55.0,"turns":5.0},{"damage":30,"enemies":"The Heart","floor":56,"turns":8}],"seed_played":"-8954488923501267482","potions_obtained":[{"floor":3.0,"key":"GamblersBrew"},{"floor":4.0,"key":"Dexterity Potion"},{"floor":16.0,"key":"Explosive Potion"},{"floor":24.0,"key":"PowerPotion"},{"floor":29.0,"key":"PowerPotion"},{"floor":37.0,"key":"SkillPotion"},{"floor":42.0,"key":"Energy Potion"},{"floor":55.0,"key":"AttackPotion"}],"is_trial":false,"path_per_floor":["M","?","M","M","M","R","?","R","T","$","R","M","?","E","R","B",null,"M","?","?","$","M","R","M","R","T","?","?","M","$","M","R","B",null,"M","$","?","?","?","R","E","M","T","M","$","?","M","$","R","B","B",null,"R","$","E","B",null],"character_chosen":"THE_SILENT","items_purchased":["Flechettes","Noxious Fumes","Calculated Gamble","Reflex"],"campfire_rested":0,"item_purchase_floors":[10,21,45,48],"current_hp_per_floor":[51,51,43,39,30,30,25,25,25,25,25,27,27,26,26,18,50,49,49,30,30,30,30,28,28,28,28,28,26,26,28,28,1,23,16,16,18,18,18,18,16,18,18,20,20,15,17,17,17,16,23,28,28,28,30,5],"gold":92,"neow_bonus":"REMOVE_TWO","is_prod":false,"is_daily":false,"chose_seed":false,"campfire_upgraded":9,"win_rate":0,"timestamp":1569163333,"path_taken":["M","?","M","M","M","R","?","R","T","$","R","M","?","E","R","BOSS","M","?","?","$","M","R","M","R","T","?","?","M","?","M","R","BOSS","M","$","?","?","?","R","E","M","T","M","$","?","M","$","R","BOSS","BOSS","R","$","E","BOSS"],"build_version":"2019-09-20","purchased_purges":3,"victory":true,"max_hp_per_floor":[66,60,60,60,60,60,60,60,60,60,60,60,60,60,60,60,60,60,60,30,30,30,30,30,30,30,30,30,30,30,30,30,30,30,30,30,30,30,30,30,30,30,30,30,30,30,30,30,30,30,30,30,30,30,30,30],"card_choices":[{"not_picked":["Dagger Spray","Infinite Blades"],"picked":"Cloak And Dagger","floor":1.0},{"not_picked":["Accuracy","Backflip"],"picked":"Footwork","floor":3.0},{"not_picked":["Underhanded Strike","Bane"],"picked":"Well Laid Plans","floor":4.0},{"not_picked":["Leg Sweep","Sucker Punch"],"picked":"Terror","floor":5.0},{"not_picked":["Choke","Blade Dance","Deadly Poison"],"picked":"SKIP","floor":12.0},{"not_picked":["Deflect","Setup","Quick Slash"],"picked":"SKIP","floor":14.0},{"not_picked":["Night Terror","Corpse Explosion"],"picked":"Doppelganger","floor":16.0},{"not_picked":["Poisoned Stab","Cloak And Dagger","Blur"],"picked":"SKIP","floor":18.0},{"not_picked":["Finisher","Flechettes"],"picked":"Expertise","floor":22.0},{"not_picked":["PiercingWail","Blade Dance","Expertise+1"],"picked":"SKIP","floor":24.0},{"not_picked":["Poisoned Stab","Choke","Dodge and Roll"],"picked":"SKIP","floor":29.0},{"not_picked":["Prepared","Cloak And Dagger"],"picked":"Acrobatics","floor":31.0},{"not_picked":["Die Die Die","Bullet Time"],"picked":"Adrenaline","floor":33.0},{"not_picked":["Flying Knee+1","Skewer","Slice"],"picked":"SKIP","floor":35.0},{"not_picked":["Masterful Stab","Expertise","Bouncing Flask"],"picked":"SKIP","floor":41.0},{"not_picked":["Unload","Dagger Throw+1","Terror+1"],"picked":"SKIP","floor":42.0},{"not_picked":["Quick Slash","Dodge and Roll","Finisher"],"picked":"SKIP","floor":44.0},{"not_picked":["Calculated Gamble","Eviscerate+1","Quick Slash"],"picked":"SKIP","floor":47.0},{"not_picked":["Riddle With Holes","Backstab"],"picked":"Tactician","floor":55.0}],"player_experience":920491,"relics_obtained":[{"floor":14.0,"key":"Toy Ornithopter"},{"floor":26.0,"key":"Ornamental Fan"},{"floor":37.0,"key":"Nunchaku"},{"floor":41.0,"key":"White Beast Statue"},{"floor":43.0,"key":"Vajra"},{"floor":55.0,"key":"Art of War"}],"event_choices":[{"damage_healed":0.0,"max_hp_gain":0.0,"max_hp_loss":6.0,"gold_gain":0.0,"event_name":"Golden Idol","player_choice":"Lose Max HP","floor":2.0,"gold_loss":0.0,"damage_taken":0.0,"relics_obtained":["Golden Idol"]},{"damage_healed":0.0,"max_hp_gain":0.0,"max_hp_loss":0.0,"gold_gain":0.0,"event_name":"Scrap Ooze","player_choice":"Success","floor":7.0,"gold_loss":0.0,"damage_taken":5.0,"relics_obtained":["Blood Vial"]},{"damage_healed":0.0,"max_hp_gain":0.0,"max_hp_loss":0.0,"gold_gain":30.0,"event_name":"Dead Adventurer","player_choice":"Searched \u00272\u0027 times","floor":13.0,"gold_loss":0.0,"damage_taken":0.0},{"cards_removed":["Strike_G"],"damage_healed":0.0,"max_hp_gain":0.0,"max_hp_loss":0.0,"gold_gain":0.0,"event_name":"Back to Basics","player_choice":"Elegance","floor":19.0,"gold_loss":0.0,"damage_taken":0.0},{"damage_healed":0.0,"max_hp_gain":0.0,"max_hp_loss":30.0,"gold_gain":0.0,"event_name":"Ghosts","player_choice":"Became a Ghost","floor":20.0,"gold_loss":0.0,"damage_taken":0.0,"cards_obtained":["Ghostly","Ghostly","Ghostly"]},{"cards_removed":["Strike_G"],"damage_healed":0.0,"max_hp_gain":0.0,"max_hp_loss":0.0,"gold_gain":0.0,"event_name":"Beggar","player_choice":"Gave Gold","floor":27.0,"gold_loss":75.0,"damage_taken":0.0},{"damage_healed":0.0,"max_hp_gain":0.0,"max_hp_loss":0.0,"gold_gain":50.0,"event_name":"Nest","player_choice":"Stole From Cult","floor":28.0,"gold_loss":0.0,"damage_taken":0.0},{"damage_healed":0.0,"max_hp_gain":0.0,"max_hp_loss":0.0,"gold_gain":0.0,"event_name":"MindBloom","player_choice":"Fight","floor":37.0,"gold_loss":0.0,"damage_taken":0.0},{"cards_removed":["Defend_G"],"damage_healed":0.0,"max_hp_gain":0.0,"max_hp_loss":0.0,"gold_gain":0.0,"event_name":"Falling","player_choice":"Removed Skill","floor":38.0,"gold_loss":0.0,"damage_taken":0.0},{"damage_healed":0.0,"max_hp_gain":0.0,"max_hp_loss":0.0,"gold_gain":0.0,"event_name":"Tomb of Lord Red Mask","player_choice":"Ignored","floor":39.0,"gold_loss":0.0,"damage_taken":0.0},{"damage_healed":0.0,"max_hp_gain":0.0,"max_hp_loss":0.0,"gold_gain":0.0,"event_name":"Winding Halls","player_choice":"Embrace Madness","floor":46.0,"gold_loss":0.0,"damage_taken":5.0,"cards_obtained":["Madness","Madness"]}],"is_beta":true,"boss_relics":[{"not_picked":["SlaversCollar","Sozu"],"picked":"Coffee Dripper"},{"not_picked":["Runic Dome","SacredBark"],"picked":"Runic Pyramid"}],"items_purged_floors":[21,36,45],"is_endless":false,"potions_floor_spawned":[3,4,5,14,16,24,29,37,42,44,47,55],"ascension_level":20}