{"gold_per_floor":[113,131,141,161,179,179,207,207,207,222,241,256,256,267,267,364,364,364,304,7,7,7],"floor_reached":22,"playtime":1400,"items_purged":[],"score":230,"play_id":"c7498d91-8ba2-486a-8f0c-0feedb6c7035","local_time":"20190208183210","is_ascension_mode":true,"campfire_choices":[{"data":"Envenom","floor":6,"key":"SMITH"},{"data":"Predator","floor":8,"key":"SMITH"},{"floor":15,"key":"REST"}],"neow_cost":"NONE","seed_source_timestamp":2232931415523009,"circlet_count":0,"master_deck":["Defend_G","Defend_G","Defend_G","Defend_G","Defend_G","Strike_G","Strike_G","Strike_G","Strike_G","Strike_G","Survivor","Neutralize","Predator+1","Deadly Poison","Poisoned Stab+1","Escape Plan+1","Envenom+1","Poisoned Stab","PiercingWail","Bouncing Flask","Leg Sweep","Corpse Explosion","Malaise","Catalyst","Escape Plan","The Bomb","Slice","Cloak And Dagger"],"relics":["Ring of the Snake","Potion Belt","Dodecahedron","Ectoplasm","The Specimen","Frozen Egg 2"],"potions_floor_usage":[14,16,16,21,21,21],"damage_taken":[{"damage":0,"enemies":"Cultist","floor":1,"turns":4},{"damage":0,"enemies":"2 Louse","floor":2,"turns":2},{"damage":2,"enemies":"Jaw Worm","floor":3,"turns":3},{"damage":1,"enemies":"Large Slime","floor":4,"turns":6},{"damage":9,"enemies":"Looter","floor":5,"turns":3},{"damage":11,"enemies":"Gremlin Nob","floor":7,"turns":4},{"damage":0,"enemies":"Blue Slaver","floor":10,"turns":3},{"damage":1,"enemies":"2 Fungi Beasts","floor":11,"turns":4},{"damage":7,"enemies":"Exordium Wildlife","floor":12,"turns":3},{"damage":1,"enemies":"Blue Slaver","floor":14,"turns":2},{"damage":31,"enemies":"Hexaghost","floor":16,"turns":7},{"damage":19,"enemies":"Shell Parasite","floor":18,"turns":6},{"damage":17,"enemies":"2 Thieves","floor":19,"turns":4},{"damage":33,"enemies":"Colosseum Slavers","floor":21,"turns":5},{"damage":19,"enemies":"Colosseum Nobs","floor":21,"turns":3},{"damage":5,"enemies":"Cultist and Chosen","floor":22,"turns":4}],"seed_played":"-1653668328093504272","potions_obtained":[{"floor":2,"key":"AttackPotion"},{"floor":3,"key":"Block Potion"},{"floor":5,"key":"LiquidBronze"},{"floor":12,"key":"Strength Potion"},{"floor":18,"key":"Swift Potion"}],"is_trial":false,"path_per_floor":["M","M","M","M","M","R","E","R","T","M","M","M","?","M","R","B",null,"M","M","$","?","M"],"character_chosen":"THE_SILENT","items_purchased":["The Bomb","Slice","Regen Potion"],"campfire_rested":1,"item_purchase_floors":[20,20,20],"current_hp_per_floor":[77,77,75,74,65,65,54,54,54,54,53,46,31,30,53,22,77,58,41,41,3,0],"gold":7,"neow_bonus":"TEN_PERCENT_HP_BONUS","is_prod":false,"is_daily":false,"chose_seed":false,"campfire_upgraded":2,"win_rate":0,"timestamp":1549643530,"path_taken":["M","M","M","M","M","R","E","R","T","M","?","M","?","M","R","BOSS","M","M","$","?","M"],"build_version":"2019-01-23","purchased_purges":0,"victory":false,"max_hp_per_floor":[77,77,77,77,77,77,77,77,77,77,77,77,77,77,77,77,77,77,77,77,77,77],"card_choices":[{"not_picked":["Dodge and Roll","Concentrate"],"picked":"Predator","floor":1},{"not_picked":["Underhanded Strike","Prepared"],"picked":"Deadly Poison","floor":2},{"not_picked":["Accuracy","Footwork"],"picked":"Poisoned Stab","floor":3},{"not_picked":["Tactician","Outmaneuver"],"picked":"Escape Plan","floor":4},{"not_picked":["Dodge and Roll","Sucker Punch"],"picked":"Envenom","floor":5},{"not_picked":["Setup","PiercingWail"],"picked":"Poisoned Stab","floor":7},{"not_picked":["Caltrops","Flechettes"],"picked":"PiercingWail","floor":10},{"not_picked":["Bane","Sucker Punch"],"picked":"Bouncing Flask","floor":11},{"not_picked":["Accuracy","Bane"],"picked":"Leg Sweep","floor":12},{"not_picked":["Blur","All Out Attack"],"picked":"Corpse Explosion","floor":14},{"not_picked":["Glass Knife","Venomology"],"picked":"Malaise","floor":16},{"not_picked":["Backflip","Outmaneuver"],"picked":"Catalyst","floor":18},{"not_picked":["Acrobatics","PiercingWail"],"picked":"Escape Plan","floor":19},{"not_picked":["Poisoned Stab","Flying Knee"],"picked":"Cloak And Dagger","floor":21}],"player_experience":191241,"relics_obtained":[{"floor":7,"key":"Potion Belt"},{"floor":9,"key":"Dodecahedron"},{"floor":21,"key":"The Specimen"},{"floor":21,"key":"Frozen Egg 2"}],"event_choices":[{"damage_healed":0,"gold_gain":0,"player_choice":"Entered Light","damage_taken":15,"max_hp_gain":0,"max_hp_loss":0,"event_name":"Shining Light","floor":13,"gold_loss":0,"cards_upgraded":["Poisoned Stab","Escape Plan"]},{"damage_healed":0,"gold_gain":0,"player_choice":"Fight","damage_taken":0,"max_hp_gain":0,"max_hp_loss":0,"event_name":"Colosseum","floor":21,"gold_loss":0},{"damage_healed":0,"gold_gain":0,"player_choice":"Fought Nobs","damage_taken":0,"max_hp_gain":0,"max_hp_loss":0,"event_name":"Colosseum","floor":21,"gold_loss":0}],"is_beta":false,"boss_relics":[{"not_picked":["White Beast Statue","Orrery"],"picked":"Ectoplasm"}],"items_purged_floors":[],"is_endless":false,"potions_floor_spawned":[2,3,5,12,18,21],"killed_by":"Cultist and Chosen","ascension_level":4}