{"gold_per_floor":[14,34,53,72,83,114,114,114,166,230,230,249,277,277,277,375,375,391,406,3,3,3,29,48,48],"floor_reached":25,"playtime":1243,"items_purged":["Strike_B"],"score":361,"play_id":"035a895a-d7d9-4877-bf14-7059175d7ecd","local_time":"20191012232205","is_ascension_mode":true,"campfire_choices":[{"data":"Streamline","floor":11,"key":"SMITH"},{"data":"Chaos","floor":15,"key":"SMITH"}],"neow_cost":"NO_GOLD","seed_source_timestamp":101521945572700,"circlet_count":0,"master_deck":["Strike_B","Defend_B","Defend_B","Defend_B","Zap","Dualcast","Echo Form","Sweeping Beam","Streamline+1","Conserve Battery","Reinforced Body","Self Repair","Core Surge","Sunder","Scrape","Chaos+1","Creative AI","Core Surge","Loop+1","Defragment","Redo+1"],"relics":["Cracked Core","Ancient Tea Set","Letter Opener","Juzu Bracelet","Anchor","Singing Bowl","Fusion Hammer","Matryoshka","Bronze Scales"],"potions_floor_usage":[10,10,18,25],"damage_taken":[{"damage":2,"enemies":"Jaw Worm","floor":1,"turns":5},{"damage":2,"enemies":"2 Louse","floor":2,"turns":2},{"damage":0,"enemies":"Small Slimes","floor":3,"turns":3},{"damage":1,"enemies":"3 Louse","floor":4,"turns":4},{"damage":0,"enemies":"Exordium Thugs","floor":5,"turns":4},{"damage":26,"enemies":"Gremlin Nob","floor":6,"turns":5},{"damage":8,"enemies":"Gremlin Nob","floor":10,"turns":4},{"damage":10,"enemies":"Large Slime","floor":12,"turns":4},{"damage":0,"enemies":"3 Sentries","floor":13,"turns":4},{"damage":34,"enemies":"The Guardian","floor":16,"turns":9},{"damage":14,"enemies":"3 Byrds","floor":18,"turns":5},{"damage":9,"enemies":"Chosen","floor":19,"turns":5},{"damage":46,"enemies":"Slavers","floor":23,"turns":5},{"damage":7,"enemies":"Snecko","floor":24,"turns":4},{"damage":37,"enemies":"Gremlin Leader","floor":25,"turns":5}],"seed_played":"5274417131365670632","potions_obtained":[{"floor":4,"key":"EssenceOfSteel"},{"floor":6,"key":"EssenceOfSteel"},{"floor":13,"key":"Strength Potion"},{"floor":16,"key":"PowerPotion"},{"floor":24,"key":"Block Potion"}],"is_trial":false,"path_per_floor":["M","M","M","M","M","E","?","?","T","?","R","M","E","?","R","B",null,"M","M","$","?","$","E","M","E"],"character_chosen":"DEFECT","items_purchased":["Matryoshka","Defragment"],"campfire_rested":0,"item_purchase_floors":[20,20],"current_hp_per_floor":[66,64,64,63,70,51,44,69,69,75,75,65,72,72,72,45,68,61,61,61,61,61,29,24,0],"gold":48,"neow_bonus":"TRANSFORM_TWO_CARDS","is_prod":false,"is_daily":false,"chose_seed":false,"campfire_upgraded":2,"win_rate":0,"timestamp":1570915325,"path_taken":["M","M","M","M","M","E","?","?","T","?","R","M","E","?","R","BOSS","M","M","$","?","?","E","M","E"],"build_version":"2019-07-17","purchased_purges":1,"victory":false,"max_hp_per_floor":[75,75,75,75,75,75,75,75,75,75,75,75,75,75,75,75,75,75,77,77,77,77,77,79,79],"card_choices":[{"not_picked":["Cold Snap","Gash"],"picked":"Streamline","floor":1},{"not_picked":["Compile Driver","Streamline"],"picked":"Conserve Battery","floor":2},{"not_picked":["Streamline","Skim"],"picked":"Reinforced Body","floor":3},{"not_picked":["Skim","Reinforced Body"],"picked":"Self Repair","floor":4},{"not_picked":["Heatsinks","Aggregate"],"picked":"Core Surge","floor":5},{"not_picked":["Meteor Strike","Reprogram"],"picked":"Sunder","floor":6},{"not_picked":["Rebound","Force Field"],"picked":"Scrape","floor":10},{"not_picked":["Fusion","Hologram"],"picked":"Chaos","floor":12},{"not_picked":["Chill","Conserve Battery"],"picked":"Creative AI","floor":13},{"not_picked":["Thunder Strike","Fission"],"picked":"Core Surge","floor":16},{"not_picked":["Reprogram","Compile Driver"],"picked":"Loop+1","floor":18},{"not_picked":["Coolheaded","Ball Lightning","Aggregate+1"],"picked":"Singing Bowl","floor":19},{"not_picked":["Reprogram","Ball Lightning"],"picked":"Redo+1","floor":23},{"not_picked":["Sweeping Beam","Self Repair","Hologram"],"picked":"Singing Bowl","floor":24}],"player_experience":396919,"relics_obtained":[{"floor":6,"key":"Ancient Tea Set"},{"floor":9,"key":"Juzu Bracelet"},{"floor":13,"key":"Singing Bowl"},{"floor":23,"key":"Bronze Scales"}],"event_choices":[{"damage_healed":0,"gold_gain":0,"player_choice":"Success","damage_taken":7,"relics_obtained":["Letter Opener"],"max_hp_gain":0,"max_hp_loss":0,"event_name":"Scrap Ooze","floor":7,"gold_loss":0},{"damage_healed":25,"gold_gain":0,"player_choice":"Banana","damage_taken":0,"max_hp_gain":0,"max_hp_loss":0,"event_name":"Big Fish","floor":8,"gold_loss":0},{"damage_healed":0,"gold_gain":0,"player_choice":"Searched \u00272\u0027 times","damage_taken":0,"relics_obtained":["Anchor"],"max_hp_gain":0,"max_hp_loss":0,"event_name":"Dead Adventurer","floor":10,"gold_loss":0},{"damage_healed":0,"gold_gain":0,"player_choice":"Ignored","damage_taken":0,"max_hp_gain":0,"max_hp_loss":0,"event_name":"Liars Game","floor":14,"gold_loss":0},{"cards_removed":["Strike_B"],"damage_healed":0,"gold_gain":0,"player_choice":"Offered Basic","damage_taken":0,"max_hp_gain":0,"max_hp_loss":0,"event_name":"Bonfire Elementals","floor":21,"gold_loss":0}],"is_beta":false,"boss_relics":[{"not_picked":["Astrolabe","Orrery"],"picked":"Fusion Hammer"}],"items_purged_floors":[20],"is_endless":false,"potions_floor_spawned":[4,6,13,16,24],"killed_by":"Gremlin Leader","ascension_level":8}