{"gold_per_floor":[118,129,129,129,129,129,129,129,181,181,206,216,216,391,391,487,487,501,83,83,83,98,98,98,98,98,98,115,133,133],"floor_reached":30,"playtime":1451,"items_purged":[],"score":258,"play_id":"0ff15041-ec5a-40f3-ac36-451bc1263fdd","local_time":"20191019100122","is_ascension_mode":true,"campfire_choices":[{"data":"Calculated Gamble","floor":6,"key":"SMITH"},{"data":"Infinite Blades","floor":10,"key":"SMITH"},{"floor":15,"key":"REST"},{"floor":25,"key":"REST"},{"data":"Apotheosis","floor":27,"key":"SMITH"}],"neow_cost":"NONE","seed_source_timestamp":698567531377900,"circlet_count":0,"master_deck":["Strike_G","Strike_G","Strike_G","Strike_G","Strike_G","Defend_G","Defend_G","Defend_G","Defend_G","Defend_G","Survivor","Neutralize+1","Calculated Gamble+1","Infinite Blades+1","Well Laid Plans+1","Tools of the Trade","Apotheosis+1","RitualDagger","Acrobatics+1","Cloak And Dagger"],"relics":["Ring of the Snake","Anchor","Omamori","Black Star","Shuriken","MutagenicStrength","Girya"],"potions_floor_usage":[11,16,16,30],"damage_taken":[{"damage":1,"enemies":"2 Louse","floor":1,"turns":4},{"damage":9,"enemies":"Small Slimes","floor":2,"turns":4},{"damage":15,"enemies":"3 Sentries","floor":11,"turns":10},{"damage":0,"enemies":"Jaw Worm","floor":12,"turns":3},{"damage":45,"enemies":"Hexaghost","floor":16,"turns":15},{"damage":29,"enemies":"Shell Parasite","floor":18,"turns":10},{"damage":11,"enemies":"Spheric Guardian","floor":22,"turns":5},{"damage":13,"enemies":"Centurion and Healer","floor":28,"turns":7},{"damage":23,"enemies":"Chosen and Byrds","floor":29,"turns":6},{"damage":22,"enemies":"3 Cultists","floor":30,"turns":4}],"seed_played":"5880119836172578149","potions_obtained":[{"floor":1,"key":"PowerPotion"},{"floor":2,"key":"Fire Potion"},{"floor":12,"key":"GamblersBrew"},{"floor":22,"key":"Weak Potion"}],"is_trial":false,"path_per_floor":["M","M","$","?","?","R","$","?","T","R","E","M","?","?","R","B",null,"M","$","?","?","M","$","$","R","T","R","M","M","M"],"character_chosen":"THE_SILENT","items_purchased":["Apotheosis","Shuriken"],"campfire_rested":2,"item_purchase_floors":[19,19],"current_hp_per_floor":[69,60,60,65,65,65,65,65,65,65,50,50,50,50,72,27,75,46,46,40,40,29,29,29,51,51,51,38,15,0],"gold":133,"neow_bonus":"UPGRADE_CARD","is_prod":false,"is_daily":false,"chose_seed":false,"campfire_upgraded":3,"win_rate":0,"timestamp":1571472082,"path_taken":["M","M","$","?","?","R","?","?","T","R","E","M","?","?","R","BOSS","M","$","?","?","M","?","$","R","T","R","M","?","M"],"build_version":"2019-07-17","purchased_purges":0,"victory":false,"max_hp_per_floor":[70,70,70,75,75,75,75,75,75,75,75,75,75,75,75,75,75,75,75,75,75,75,75,75,75,75,75,75,75,75],"card_choices":[{"not_picked":["Deadly Poison","Dagger Throw"],"picked":"Calculated Gamble","floor":1},{"not_picked":["Blade Dance","Dagger Throw"],"picked":"Infinite Blades","floor":2},{"not_picked":["Crippling Poison","Endless Agony"],"picked":"Well Laid Plans","floor":11},{"not_picked":["Noxious Fumes","Dagger Throw","Catalyst"],"picked":"SKIP","floor":12},{"not_picked":["Doppelganger","Night Terror"],"picked":"Tools of the Trade","floor":16},{"not_picked":["Noxious Fumes+1","Bane","Dagger Spray"],"picked":"SKIP","floor":18},{"not_picked":["Deadly Poison+1","Calculated Gamble"],"picked":"Acrobatics+1","floor":22},{"not_picked":["Sucker Punch","Catalyst","Dagger Spray"],"picked":"SKIP","floor":28},{"not_picked":["Footwork","Heel Hook+1"],"picked":"Cloak And Dagger","floor":29}],"player_experience":383398,"relics_obtained":[{"floor":9,"key":"Anchor"},{"floor":11,"key":"Omamori"},{"floor":26,"key":"Girya"}],"event_choices":[{"damage_healed":0,"gold_gain":0,"player_choice":"Donut","damage_taken":0,"max_hp_gain":5,"max_hp_loss":0,"event_name":"Big Fish","floor":4,"gold_loss":0},{"damage_healed":0,"gold_gain":0,"player_choice":"Leave","damage_taken":0,"max_hp_gain":0,"max_hp_loss":0,"event_name":"The Cleric","floor":5,"gold_loss":0},{"damage_healed":0,"gold_gain":0,"player_choice":"Ignored","damage_taken":0,"max_hp_gain":0,"max_hp_loss":0,"event_name":"Golden Wing","floor":8,"gold_loss":0},{"damage_healed":0,"gold_gain":0,"player_choice":"Grow","damage_taken":0,"max_hp_gain":0,"max_hp_loss":0,"event_name":"Living Wall","floor":13,"gold_loss":0,"cards_upgraded":["Well Laid Plans"]},{"damage_healed":0,"gold_gain":175,"player_choice":"AGREE","damage_taken":0,"max_hp_gain":0,"max_hp_loss":0,"event_name":"Liars Game","floor":14,"gold_loss":0,"cards_obtained":["Doubt"]},{"damage_healed":0,"gold_gain":0,"player_choice":"Joined the Cult","damage_taken":6,"max_hp_gain":0,"max_hp_loss":0,"event_name":"Nest","floor":20,"gold_loss":0,"cards_obtained":["RitualDagger"]},{"damage_healed":0,"gold_gain":0,"player_choice":"Inject Mutagens","damage_taken":0,"relics_obtained":["MutagenicStrength"],"max_hp_gain":0,"max_hp_loss":0,"event_name":"Drug Dealer","floor":21,"gold_loss":0}],"is_beta":false,"boss_relics":[{"not_picked":["Fusion Hammer","Calling Bell"],"picked":"Black Star"}],"items_purged_floors":[],"is_endless":false,"potions_floor_spawned":[1,2,12,22],"killed_by":"3 Cultists","ascension_level":3}