{"gold_per_floor":[113,123,139,64,64,64,64,64,114,114,15,25,41,58,58,135,135,149,149,165,175,175,175,192,192,192,207,207,224,242,101,101,175,175,195,213,213,224,224,224,251,277,277,277,325,325,325,119,119,119,119,119,119,34,66,66],"floor_reached":57,"playtime":1497,"items_purged":["Strike_R","Strike_R","Strike_R"],"score":2744,"play_id":"f2559224-1955-47e9-a86b-d0201073ca70","local_time":"20190924225424","is_ascension_mode":true,"campfire_choices":[{"data":"Searing Blow","floor":6.0,"key":"SMITH"},{"data":"Searing Blow+1","floor":8.0,"key":"SMITH"},{"data":"Searing Blow+2","floor":10.0,"key":"SMITH"},{"data":"Armaments","floor":15.0,"key":"SMITH"},{"data":"Searing Blow+3","floor":23.0,"key":"SMITH"},{"data":"Searing Blow+4","floor":25.0,"key":"SMITH"},{"data":"Searing Blow+5","floor":28.0,"key":"SMITH"},{"data":"Searing Blow+6","floor":32.0,"key":"SMITH"},{"data":"Searing Blow+7","floor":40.0,"key":"SMITH"},{"data":"Searing Blow+8","floor":44.0,"key":"SMITH"},{"data":"Searing Blow+9","floor":46.0,"key":"SMITH"},{"floor":49.0,"key":"RECALL"},{"data":"Searing Blow+10","floor":53.0,"key":"SMITH"}],"neow_cost":"NONE","seed_source_timestamp":195558760865578,"circlet_count":0,"master_deck":["AscendersBane","Strike_R","Defend_R","Defend_R","Defend_R","Defend_R","Bash","Searing Blow+11","Fire Breathing","Second Wind","Armaments+1","Battle Trance+1","Barricade","Evolve+1","Shrug It Off","Body Slam","Burning Pact+1","Madness","Madness","Power Through+1","Entrench","Finesse","Feel No Pain","Seeing Red"],"special_seed":0,"relics":["Burning Blood","InkBottle","Runic Pyramid","Nloth\u0027s Gift","Coffee Dripper","PreservedInsect","Gambling Chip","War Paint","Girya","Bronze Scales"],"potions_floor_usage":[56,56],"damage_taken":[{"damage":0.0,"enemies":"Jaw Worm","floor":1.0,"turns":1.0},{"damage":0.0,"enemies":"Small Slimes","floor":2.0,"turns":1.0},{"damage":0.0,"enemies":"2 Louse","floor":3.0,"turns":2.0},{"damage":29.0,"enemies":"Red Slaver","floor":12.0,"turns":5.0},{"damage":11.0,"enemies":"Looter","floor":13.0,"turns":2.0},{"damage":15.0,"enemies":"Large Slime","floor":14.0,"turns":3.0},{"damage":3.0,"enemies":"Slime Boss","floor":16.0,"turns":7.0},{"damage":13.0,"enemies":"Spheric Guardian","floor":18.0,"turns":5.0},{"damage":5.0,"enemies":"3 Byrds","floor":20.0,"turns":3.0},{"damage":11.0,"enemies":"Snake Plant","floor":21.0,"turns":4.0},{"damage":18.0,"enemies":"Cultist and Chosen","floor":24.0,"turns":5.0},{"damage":5.0,"enemies":"Snecko","floor":27.0,"turns":4.0},{"damage":4.0,"enemies":"Snake Plant","floor":29.0,"turns":3.0},{"damage":1.0,"enemies":"Chosen and Byrds","floor":30.0,"turns":4.0},{"damage":44.0,"enemies":"Collector","floor":33.0,"turns":5.0},{"damage":0.0,"enemies":"3 Darklings","floor":35.0,"turns":4.0},{"damage":3.0,"enemies":"3 Shapes","floor":36.0,"turns":5.0},{"damage":13.0,"enemies":"Sphere and 2 Shapes","floor":38.0,"turns":6.0},{"damage":0.0,"enemies":"Giant Head","floor":42.0,"turns":5.0},{"damage":11.0,"enemies":"2 Orb Walkers","floor":45.0,"turns":4.0},{"damage":0.0,"enemies":"Awakened One","floor":50.0,"turns":9.0},{"damage":4.0,"enemies":"Time Eater","floor":51.0,"turns":5.0},{"damage":0.0,"enemies":"Shield and Spear","floor":55.0,"turns":6.0},{"damage":37,"enemies":"The Heart","floor":56,"turns":8}],"seed_played":"967078419452053772","potions_obtained":[{"floor":2.0,"key":"LiquidBronze"},{"floor":13.0,"key":"GamblersBrew"},{"floor":19.0,"key":"FearPotion"},{"floor":20.0,"key":"FearPotion"},{"floor":33.0,"key":"Swift Potion"},{"floor":38.0,"key":"Swift Potion"}],"is_trial":false,"path_per_floor":["M","M","M","$","?","R","?","R","T","R","$","M","M","M","R","B",null,"M","?","M","M","?","R","M","R","T","M","R","M","M","$","R","B",null,"M","M","?","M","?","R","T","E","T","R","?","R","?","$","R","B","B",null,"R","$","E","B",null],"character_chosen":"IRONCLAD","items_purchased":["Second Wind","Armaments","Burning Pact","Feel No Pain","Ancient Potion"],"campfire_rested":0,"item_purchase_floors":[11,11,31,48,54],"current_hp_per_floor":[74,75,75,75,68,68,68,68,68,68,68,45,40,31,31,34,65,58,58,59,54,54,54,42,42,42,43,43,45,50,50,50,12,59,65,68,54,47,47,47,47,53,53,53,48,48,48,48,48,54,56,70,70,70,75,44],"gold":66,"neow_bonus":"THREE_ENEMY_KILL","is_prod":false,"is_daily":false,"chose_seed":false,"campfire_upgraded":12,"win_rate":0,"timestamp":1569336864,"path_taken":["M","M","M","$","?","R","?","R","T","R","$","M","?","M","R","BOSS","M","?","?","M","?","R","M","R","T","M","R","M","M","$","R","BOSS","M","M","?","M","?","R","?","E","T","R","?","R","?","$","R","BOSS","BOSS","R","$","E","BOSS"],"build_version":"2019-09-23","purchased_purges":3,"victory":true,"max_hp_per_floor":[75,75,75,75,75,75,75,75,75,75,75,75,75,75,75,75,75,75,75,75,75,75,75,75,75,75,75,75,75,75,75,75,75,75,75,75,75,75,75,75,75,75,75,75,75,75,75,75,75,75,75,75,75,75,75,75],"card_choices":[{"not_picked":["Armaments","Headbutt"],"picked":"Searing Blow","floor":1.0},{"not_picked":["Clothesline","Flex"],"picked":"Fire Breathing","floor":2.0},{"not_picked":["Warcry","Sword Boomerang","Clothesline"],"picked":"SKIP","floor":3.0},{"not_picked":["Immolate","Sword Boomerang","Flex"],"picked":"SKIP","floor":12.0},{"not_picked":["Ghostly Armor","Headbutt","Inflame"],"picked":"SKIP","floor":13.0},{"not_picked":["Heavy Blade","Headbutt"],"picked":"Battle Trance","floor":14.0},{"not_picked":["Bludgeon","Exhume"],"picked":"Barricade","floor":16.0},{"not_picked":["Flame Barrier","Wild Strike"],"picked":"Evolve+1","floor":18.0},{"not_picked":["Wild Strike","Twin Strike+1","Fire Breathing"],"picked":"SKIP","floor":20.0},{"not_picked":["Perfected Strike","Evolve","Armaments"],"picked":"SKIP","floor":21.0},{"not_picked":["Bludgeon","Flex","Clash"],"picked":"SKIP","floor":24.0},{"not_picked":["Havoc","Sword Boomerang","Rupture"],"picked":"SKIP","floor":27.0},{"not_picked":["Evolve","Pommel Strike"],"picked":"Shrug It Off","floor":29.0},{"not_picked":["Twin Strike","Reckless Charge"],"picked":"Body Slam","floor":30.0},{"not_picked":["Body Slam","Intimidate","Perfected Strike"],"picked":"SKIP","floor":35.0},{"not_picked":["Cleave","Evolve","Dropkick+1"],"picked":"SKIP","floor":36.0},{"not_picked":["Flex","Headbutt","Whirlwind+1"],"picked":"SKIP","floor":38.0},{"not_picked":["Thunderclap","Anger"],"picked":"Power Through+1","floor":42.0},{"not_picked":["Sword Boomerang","Anger"],"picked":"Entrench","floor":45.0},{"not_picked":["Forethought","PanicButton"],"picked":"Finesse","floor":47.0},{"not_picked":["Thunderclap+1","Blood for Blood"],"picked":"Seeing Red","floor":55.0}],"player_experience":977950,"relics_obtained":[{"floor":9.0,"key":"InkBottle"},{"floor":41.0,"key":"PreservedInsect"},{"floor":42.0,"key":"Gambling Chip"},{"floor":43.0,"key":"War Paint"},{"floor":45.0,"key":"Girya"},{"floor":55.0,"key":"Bronze Scales"}],"event_choices":[{"cards_removed":["Strike_R"],"damage_healed":0.0,"max_hp_gain":0.0,"max_hp_loss":0.0,"gold_gain":0.0,"event_name":"Golden Wing","player_choice":"Card Removal","floor":5.0,"gold_loss":0.0,"damage_taken":7.0},{"damage_healed":0.0,"max_hp_gain":0.0,"max_hp_loss":0.0,"gold_gain":0.0,"event_name":"Liars Game","player_choice":"Ignored","floor":7.0,"gold_loss":0.0,"damage_taken":0.0},{"damage_healed":0.0,"max_hp_gain":0.0,"max_hp_loss":0.0,"gold_gain":0.0,"event_name":"Lab","player_choice":"Got Potions","floor":19.0,"gold_loss":0.0,"damage_taken":0.0},{"damage_healed":0.0,"max_hp_gain":0.0,"max_hp_loss":0.0,"gold_gain":0.0,"event_name":"N\u0027loth","player_choice":"Traded Relic","floor":22.0,"relics_lost":["NeowsBlessing"],"gold_loss":0.0,"damage_taken":0.0,"relics_obtained":["Nloth\u0027s Gift"]},{"damage_healed":0.0,"max_hp_gain":0.0,"max_hp_loss":0.0,"gold_gain":0.0,"event_name":"Winding Halls","player_choice":"Embrace Madness","floor":37.0,"gold_loss":0.0,"damage_taken":14.0,"cards_obtained":["Madness","Madness"]},{"damage_healed":0.0,"max_hp_gain":0.0,"max_hp_loss":0.0,"gold_gain":0.0,"event_name":"Tomb of Lord Red Mask","player_choice":"Ignored","floor":39.0,"gold_loss":0.0,"damage_taken":0.0},{"damage_healed":0.0,"max_hp_gain":0.0,"max_hp_loss":0.0,"gold_gain":0.0,"event_name":"Mysterious Sphere","player_choice":"Fight","floor":45.0,"gold_loss":0.0,"damage_taken":0.0},{"damage_healed":0.0,"max_hp_gain":0.0,"max_hp_loss":0.0,"gold_gain":0.0,"event_name":"SensoryStone","player_choice":"Memory 1","floor":47.0,"gold_loss":0.0,"damage_taken":0.0}],"is_beta":true,"boss_relics":[{"not_picked":["Black Star","Busted Crown"],"picked":"Runic Pyramid"},{"not_picked":["Fusion Hammer","Snecko Eye"],"picked":"Coffee Dripper"}],"items_purged_floors":[4,31,48],"is_endless":false,"potions_floor_spawned":[2,13,20,24,33,35,38],"ascension_level":20}