{"gold_per_floor":[117,38,38,38,51,51,21,55,55,90,110,110,121,141,141,243,243,269,281,45,45,45,45,80,91,91,118,118,118,141,155,155,253,253,267,267,267],"floor_reached":37,"playtime":1517,"items_purged":["Writhe"],"score":460,"play_id":"74a38a6d-b496-4380-b00b-27e2f453ff01","local_time":"20190903171841","is_ascension_mode":true,"campfire_choices":[{"data":"Double Energy","floor":6,"key":"SMITH"},{"data":"Gash","floor":12,"key":"SMITH"},{"floor":15,"key":"REST"},{"data":"Static Discharge","floor":23,"key":"SMITH"},{"floor":28,"key":"REST"},{"data":"Go for the Eyes","floor":32,"key":"SMITH"}],"neow_cost":"NONE","seed_source_timestamp":285547735578900,"circlet_count":0,"master_deck":["Strike_B+1","Strike_B+1","Strike_B+1","Strike_B+1","Defend_B+1","Defend_B+1","Defend_B+1","Defend_B+1","Zap","Dualcast","Double Energy+1","BootSequence","Reinforced Body","Sweeping Beam","Skim","Gash+1","Static Discharge+1","Electrodynamics","Injury","Clumsy","Gash","Gash","Go for the Eyes+1","Capacitor","Beam Cell","Machine Learning","Coolheaded+1","Madness","Madness"],"relics":["Cracked Core","NeowsBlessing","Smiling Mask","Potion Belt","Singing Bowl","Happy Flower","Calling Bell","Turnip","Matryoshka","MawBank","Juzu Bracelet","Blue Candle","The Courier","Ornamental Fan","Bottled Flame","Dodecahedron","MutagenicStrength","Art of War","Busted Crown"],"potions_floor_usage":[16,16,16,16,24,33,33,33,33,37],"damage_taken":[{"damage":0,"enemies":"2 Louse","floor":1,"turns":1},{"damage":0,"enemies":"Jaw Worm","floor":5,"turns":1},{"damage":0,"enemies":"Lagavulin","floor":8,"turns":1},{"damage":17,"enemies":"3 Sentries","floor":10,"turns":8},{"damage":0,"enemies":"Small Slimes","floor":11,"turns":4},{"damage":4,"enemies":"Exordium Thugs","floor":13,"turns":5},{"damage":8,"enemies":"Red Slaver","floor":14,"turns":4},{"damage":24,"enemies":"Hexaghost","floor":16,"turns":9},{"damage":15,"enemies":"Spheric Guardian","floor":18,"turns":5},{"damage":11,"enemies":"Gremlin Leader","floor":24,"turns":5},{"damage":13,"enemies":"3 Byrds","floor":25,"turns":3},{"damage":22,"enemies":"Book of Stabbing","floor":27,"turns":6},{"damage":11,"enemies":"Snake Plant","floor":31,"turns":6},{"damage":21,"enemies":"Champ","floor":33,"turns":13},{"damage":0,"enemies":"Orb Walker","floor":35,"turns":3},{"damage":90,"enemies":"2 Orb Walkers","floor":37,"turns":4}],"seed_played":"-3219594874395265838","potions_obtained":[{"floor":1,"key":"GamblersBrew"},{"floor":7,"key":"Energy Potion"},{"floor":7,"key":"AttackPotion"},{"floor":8,"key":"AttackPotion"},{"floor":10,"key":"Swift Potion"},{"floor":14,"key":"AttackPotion"},{"floor":18,"key":"SteroidPotion"},{"floor":25,"key":"FearPotion"},{"floor":27,"key":"Block Potion"},{"floor":35,"key":"Strength Potion"}],"is_trial":false,"path_per_floor":["M","$","?","?","M","R","?","E","T","E","M","R","M","M","R","B",null,"M","T","$","?","?","R","E","M","T","E","R","?","T","M","R","B",null,"M","?","?"],"character_chosen":"DEFECT","items_purchased":["BootSequence","Gash","Go for the Eyes","Capacitor","SkillPotion"],"campfire_rested":2,"item_purchase_floors":[2,20,20,20,20],"current_hp_per_floor":[75,75,75,57,57,57,57,57,57,40,40,40,38,30,53,29,77,62,62,62,62,62,62,51,40,40,20,44,44,44,35,35,14,83,83,73,0],"gold":267,"neow_bonus":"THREE_ENEMY_KILL","is_prod":false,"is_daily":false,"chose_seed":false,"campfire_upgraded":4,"win_rate":0,"timestamp":1567545521,"path_taken":["M","$","?","?","M","R","?","E","T","E","M","R","?","M","R","BOSS","M","?","$","?","?","R","E","M","T","E","R","?","?","M","R","BOSS","M","?","?"],"build_version":"2019-07-17","purchased_purges":1,"victory":false,"max_hp_per_floor":[75,75,75,75,75,75,75,75,75,75,75,75,77,77,77,77,77,77,77,77,77,77,77,77,79,79,81,81,81,81,83,83,83,83,83,83,83],"card_choices":[{"not_picked":["Stack","Coolheaded"],"picked":"Double Energy","floor":1},{"not_picked":["Chill","FTL"],"picked":"Reinforced Body","floor":5},{"not_picked":["Recycle","Hologram"],"picked":"Sweeping Beam","floor":8},{"not_picked":["Compile Driver","Ball Lightning"],"picked":"Skim","floor":10},{"not_picked":["Reprogram","Meteor Strike"],"picked":"Gash","floor":11},{"not_picked":["Hologram","Turbo","Skim"],"picked":"Singing Bowl","floor":13},{"not_picked":["Coolheaded","Rip and Tear"],"picked":"Static Discharge","floor":14},{"not_picked":["All For One","Meteor Strike"],"picked":"Electrodynamics","floor":16},{"not_picked":["Tempest","FTL"],"picked":"Gash","floor":18},{"not_picked":["Rebound+1","Ball Lightning"],"picked":"Beam Cell","floor":24},{"not_picked":["Leap","Barrage","Streamline"],"picked":"Singing Bowl","floor":25},{"not_picked":["Hologram+1","Fission","Cold Snap"],"picked":"Singing Bowl","floor":27},{"not_picked":["Cold Snap+1","Ball Lightning","Hologram+1"],"picked":"Singing Bowl","floor":31},{"not_picked":["Creative AI","Fission"],"picked":"Machine Learning","floor":33},{"not_picked":[],"picked":"Coolheaded+1","floor":35}],"player_experience":217359,"relics_obtained":[{"floor":8,"key":"Potion Belt"},{"floor":9,"key":"Singing Bowl"},{"floor":10,"key":"Happy Flower"},{"floor":17,"key":"Turnip"},{"floor":17,"key":"Matryoshka"},{"floor":17,"key":"MawBank"},{"floor":19,"key":"Juzu Bracelet"},{"floor":19,"key":"Blue Candle"},{"floor":24,"key":"The Courier"},{"floor":26,"key":"Ornamental Fan"},{"floor":26,"key":"Bottled Flame"},{"floor":27,"key":"Dodecahedron"},{"floor":30,"key":"Art of War"}],"event_choices":[{"damage_healed":0,"gold_gain":0,"player_choice":"Leave","damage_taken":0,"max_hp_gain":0,"max_hp_loss":0,"event_name":"The Cleric","floor":3,"gold_loss":0},{"damage_healed":0,"gold_gain":0,"player_choice":"Success","damage_taken":18,"relics_obtained":["Smiling Mask"],"max_hp_gain":0,"max_hp_loss":0,"event_name":"Scrap Ooze","floor":4,"gold_loss":0},{"damage_healed":0,"gold_gain":0,"player_choice":"Bought 2 Potions","damage_taken":0,"max_hp_gain":0,"max_hp_loss":0,"event_name":"The Woman in Blue","floor":7,"gold_loss":0},{"damage_healed":0,"gold_gain":0,"player_choice":"Simplicity","damage_taken":0,"max_hp_gain":0,"max_hp_loss":0,"event_name":"Back to Basics","floor":21,"gold_loss":0,"cards_upgraded":["Strike_B","Strike_B","Strike_B","Strike_B","Defend_B","Defend_B","Defend_B","Defend_B"]},{"damage_healed":0,"gold_gain":0,"player_choice":"Ignored","damage_taken":0,"max_hp_gain":0,"max_hp_loss":0,"event_name":"Vampires","floor":22,"gold_loss":0},{"damage_healed":0,"gold_gain":0,"player_choice":"Inject Mutagens","damage_taken":0,"relics_obtained":["MutagenicStrength"],"max_hp_gain":0,"max_hp_loss":0,"event_name":"Drug Dealer","floor":29,"gold_loss":0},{"damage_healed":0,"gold_gain":0,"player_choice":"Embrace Madness","damage_taken":10,"max_hp_gain":0,"max_hp_loss":0,"event_name":"Winding Halls","floor":36,"gold_loss":0,"cards_obtained":["Madness","Madness"]},{"damage_healed":0,"gold_gain":0,"player_choice":"Fight","damage_taken":0,"max_hp_gain":0,"max_hp_loss":0,"event_name":"Mysterious Sphere","floor":37,"gold_loss":0}],"is_beta":false,"boss_relics":[{"not_picked":["Philosopher\u0027s Stone","Orrery"],"picked":"Calling Bell"},{"not_picked":["Black Star","Lizard Tail"],"picked":"Busted Crown"}],"items_purged_floors":[20],"is_endless":false,"potions_floor_spawned":[1,8,10,14,18,25,27,35],"killed_by":"2 Orb Walkers","ascension_level":1}