{"gold_per_floor":[116,291,366,135,153,179,179,199,199,7,17,32,43,13],"floor_reached":14,"playtime":365,"items_purged":["Doubt"],"score":106,"play_id":"92490b7b-9373-41db-8026-ead1823d7be6","local_time":"20190324223346","is_ascension_mode":true,"campfire_choices":[],"neow_cost":"PERCENT_DAMAGE","seed_source_timestamp":7861673203835345,"circlet_count":0,"master_deck":["Strike_B","Strike_B","Strike_B","Strike_B","Defend_B","Defend_B","Defend_B","Dualcast","Self Repair","Skim","Ball Lightning","Storm","Amplify","Heatsinks","Loop","Rip and Tear+1","Force Field","Heatsinks"],"relics":["Cracked Core","Shovel","Molten Egg 2"],"potions_floor_usage":[11,12],"damage_taken":[{"damage":10,"enemies":"Small Slimes","floor":1,"turns":2},{"damage":12,"enemies":"Jaw Worm","floor":5,"turns":3},{"damage":35,"enemies":"Lagavulin","floor":6,"turns":5},{"damage":6,"enemies":"Cultist","floor":8,"turns":3},{"damage":17,"enemies":"Looter","floor":11,"turns":3},{"damage":0,"enemies":"2 Fungi Beasts","floor":12,"turns":2},{"damage":23,"enemies":"Red Slaver","floor":13,"turns":3},{"damage":22,"enemies":"Looter","floor":14,"turns":2}],"seed_played":"3868731445702482452","potions_obtained":[{"floor":6,"key":"Poison Potion"},{"floor":8,"key":"SkillPotion"},{"floor":12,"key":"SpeedPotion"},{"floor":13,"key":"Weak Potion"}],"is_trial":false,"path_per_floor":["M","?","?","$","M","E","?","M","T","$","M","M","M","M"],"character_chosen":"DEFECT","items_purchased":["Storm","Amplify","Loop","Rip and Tear+1","Force Field"],"campfire_rested":0,"item_purchase_floors":[4,4,10,10,10],"current_hp_per_floor":[51,51,44,44,39,11,36,37,37,37,27,27,18,0],"gold":13,"neow_bonus":"TRANSFORM_TWO_CARDS","is_prod":false,"is_daily":false,"chose_seed":false,"campfire_upgraded":0,"win_rate":0,"timestamp":1553481226,"path_taken":["M","?","?","$","?","E","?","M","T","$","M","M","M","M"],"build_version":"2019-01-23","purchased_purges":1,"victory":false,"max_hp_per_floor":[75,75,75,75,75,75,75,75,75,75,75,75,75,75],"card_choices":[{"not_picked":["Steam","Tempest"],"picked":"Ball Lightning","floor":1},{"not_picked":["Ball Lightning","Coolheaded"],"picked":"Heatsinks","floor":5},{"not_picked":["Go for the Eyes","BootSequence","Reprogram"],"picked":"SKIP","floor":6},{"not_picked":["Rebound","BootSequence","Glacier"],"picked":"SKIP","floor":8},{"not_picked":["Undo","Cold Snap+1","Hyperbeam+1"],"picked":"SKIP","floor":11},{"not_picked":["Ball Lightning+1","Fusion"],"picked":"Heatsinks","floor":12},{"not_picked":["Redo","Lockon+1","Turbo"],"picked":"SKIP","floor":13}],"player_experience":482894,"relics_obtained":[{"floor":6,"key":"Shovel"},{"floor":9,"key":"Molten Egg 2"}],"event_choices":[{"damage_healed":0,"gold_gain":175,"player_choice":"AGREE","damage_taken":0,"max_hp_gain":0,"max_hp_loss":0,"event_name":"Liars Game","floor":2,"gold_loss":0,"cards_obtained":["Doubt"]},{"damage_healed":0,"gold_gain":75,"player_choice":"Touch","damage_taken":7,"max_hp_gain":0,"max_hp_loss":0,"event_name":"FaceTrader","floor":3,"gold_loss":0},{"damage_healed":25,"gold_gain":0,"player_choice":"Banana","damage_taken":0,"max_hp_gain":0,"max_hp_loss":0,"event_name":"Big Fish","floor":7,"gold_loss":0}],"is_beta":false,"boss_relics":[],"items_purged_floors":[4],"is_endless":false,"potions_floor_spawned":[6,8,12,13],"killed_by":"Looter","ascension_level":3}