{"gold_per_floor":[15,15,34,34,51,51,66,66,66,84,109,34,49,66,66,66],"floor_reached":16,"playtime":415,"items_purged":["Defend_R"],"score":104,"play_id":"2c06379c-6bfa-463f-801c-6234d12d0476","local_time":"20180718143808","is_ascension_mode":false,"campfire_choices":[{"data":"Anger","floor":6,"key":"SMITH"},{"data":"Flex","floor":8,"key":"SMITH"},{"data":"Whirlwind","floor":15,"key":"SMITH"}],"neow_cost":"NO_GOLD","seed_source_timestamp":628495198700959,"circlet_count":0,"master_deck":["Strike_R","Strike_R","Strike_R","Strike_R","Strike_R","Defend_R","Bash","Anger+1","Flex+1","Whirlwind+1"],"relics":["Burning Blood","Art of War","Gremlin Horn","Bird Faced Urn","Kunai"],"potions_floor_usage":[7,14,16],"damage_taken":[{"damage":17,"enemies":"Small Slimes","floor":1,"turns":4},{"damage":6,"enemies":"Cultist","floor":3,"turns":3},{"damage":6,"enemies":"Jaw Worm","floor":5,"turns":2},{"damage":0,"enemies":"Large Slime","floor":7,"turns":5},{"damage":3,"enemies":"Lots of Slimes","floor":10,"turns":2},{"damage":36,"enemies":"Lagavulin","floor":11,"turns":4},{"damage":9,"enemies":"2 Fungi Beasts","floor":13,"turns":2},{"damage":0,"enemies":"Gremlin Gang","floor":14,"turns":1},{"damage":52,"enemies":"The Guardian","floor":16,"turns":4}],"seed_played":"6993186057435832089","potions_obtained":[{"floor":1,"key":"Swift Potion"},{"floor":5,"key":"SkillPotion"},{"floor":10,"key":"Explosive Potion"}],"is_trial":false,"path_per_floor":["M","?","M","T","M","R","M","R","T","M","E","$","M","M","R"],"character_chosen":"IRONCLAD","items_purchased":[],"campfire_rested":0,"item_purchase_floors":[],"current_hp_per_floor":[69,69,69,69,69,69,75,75,75,78,48,48,45,51,51,0],"gold":66,"neow_bonus":"REMOVE_TWO","is_prod":false,"is_daily":false,"chose_seed":false,"campfire_upgraded":3,"win_rate":0,"timestamp":1531939088,"path_taken":["M","?","M","?","M","R","M","R","T","M","E","$","M","M","R","BOSS"],"build_version":"2018-07-12","purchased_purges":1,"victory":false,"max_hp_per_floor":[80,80,80,80,80,80,80,80,80,80,80,80,80,80,80,80],"card_choices":[{"not_picked":["Ghostly Armor","Shockwave"],"picked":"Anger","floor":1},{"not_picked":["Bloodletting","True Grit","Infernal Blade"],"picked":"SKIP","floor":3},{"not_picked":["Iron Wave","Uppercut","Clothesline"],"picked":"SKIP","floor":5},{"not_picked":["Iron Wave","Hemokinesis"],"picked":"Flex","floor":7},{"not_picked":["True Grit","Carnage"],"picked":"Whirlwind","floor":10},{"not_picked":["Havoc","Juggernaut","Warcry"],"picked":"SKIP","floor":11},{"not_picked":["Sword Boomerang","Sentinel","Combust"],"picked":"SKIP","floor":13},{"not_picked":["Pommel Strike","Clash","Reaper"],"picked":"SKIP","floor":14}],"player_experience":263574,"relics_obtained":[{"floor":4,"key":"Gremlin Horn"},{"floor":9,"key":"Bird Faced Urn"},{"floor":11,"key":"Kunai"}],"event_choices":[{"event_name":"Wheel of Change","player_choice":"Relic","floor":2,"damage_taken":0}],"boss_relics":[],"items_purged_floors":[12],"is_endless":false,"potions_floor_spawned":[1,5,10],"killed_by":"The Guardian","ascension_level":0}