{"gold_per_floor":[18,34,34,53,53,84,84,117,188,200,170],"floor_reached":11,"playtime":238,"items_purged":[],"score":91,"play_id":"ebf48b4c-b5b1-4106-9107-d4ead18c6e9d","local_time":"20180923214007","is_ascension_mode":true,"campfire_choices":[{"data":"Perfected Strike","floor":7,"key":"SMITH"}],"neow_cost":"NO_GOLD","seed_source_timestamp":211023962778358,"circlet_count":0,"master_deck":["Strike_R","Strike_R","Strike_R","Strike_R","Strike_R","Defend_R","Defend_R","Bash","Juggernaut","Ghostly Armor","Sword Boomerang","Perfected Strike+1","Body Slam","Perfected Strike"],"relics":["Burning Blood","Bird Faced Urn","Smiling Mask","Sundial"],"potions_floor_usage":[2,4,6,6,11],"damage_taken":[{"damage":11,"enemies":"Cultist","floor":1,"turns":4},{"damage":12,"enemies":"Jaw Worm","floor":2,"turns":3},{"damage":10,"enemies":"Small Slimes","floor":4,"turns":3},{"damage":14,"enemies":"Gremlin Nob","floor":6,"turns":3},{"damage":34,"enemies":"Lagavulin","floor":8,"turns":6},{"damage":35,"enemies":"Exordium Wildlife","floor":10,"turns":4},{"damage":12,"enemies":"Exordium Thugs","floor":11,"turns":2}],"seed_played":"-5200307640976986827","potions_obtained":[{"floor":1,"key":"Fruit Juice"},{"floor":3,"key":"LiquidBronze"},{"floor":3,"key":"FearPotion"},{"floor":3,"key":"Poison Potion"},{"floor":10,"key":"Swift Potion"}],"is_trial":false,"path_per_floor":["M","M","?","M","$","E","R","E","T","M"],"character_chosen":"IRONCLAD","items_purchased":[],"campfire_rested":0,"item_purchase_floors":[],"current_hp_per_floor":[75,74,74,70,70,62,62,36,36,9,0],"gold":170,"neow_bonus":"TRANSFORM_TWO_CARDS","is_prod":false,"is_daily":false,"chose_seed":false,"campfire_upgraded":1,"win_rate":0,"timestamp":1537753207,"path_taken":["M","M","?","?","$","E","R","E","T","M","M"],"build_version":"2018-09-20","purchased_purges":0,"victory":false,"max_hp_per_floor":[80,85,85,85,85,85,85,85,85,85,85],"card_choices":[{"not_picked":["Shockwave","Rampage","Sentinel"],"picked":"SKIP","floor":1},{"not_picked":["Anger","Clash"],"picked":"Sword Boomerang","floor":2},{"not_picked":["Uppercut","Anger"],"picked":"Perfected Strike","floor":4},{"not_picked":["Fire Breathing","Clothesline","Havoc"],"picked":"SKIP","floor":6},{"not_picked":["Clothesline","Dark Embrace"],"picked":"Body Slam","floor":8},{"not_picked":["Headbutt","Cleave"],"picked":"Perfected Strike","floor":10}],"player_experience":388357,"relics_obtained":[{"floor":6,"key":"Bird Faced Urn"},{"floor":8,"key":"Smiling Mask"},{"floor":9,"key":"Sundial"}],"event_choices":[{"event_name":"The Lab","player_choice":"Got Potions","floor":3,"damage_taken":0}],"is_beta":false,"boss_relics":[],"items_purged_floors":[],"is_endless":false,"potions_floor_spawned":[1,10],"killed_by":"Exordium Thugs","ascension_level":2}