{"gold_per_floor":[118,118,136,156,156,156,174,174,200,212,231,245,245],"floor_reached":13,"playtime":231,"items_purged":[],"score":79,"play_id":"cd3f7230-2f32-452f-b512-f60ddf14fcd3","local_time":"20180706003127","is_ascension_mode":false,"campfire_choices":[{"data":"Sever Soul","floor":6,"key":"SMITH"},{"data":"Bash","floor":8,"key":"SMITH"}],"neow_cost":"NONE","seed_source_timestamp":1291352908628039,"circlet_count":0,"master_deck":["Strike_R","Strike_R","Strike_R","Strike_R","Strike_R","Defend_R","Defend_R","Bash+1","Sever Soul+1","Cleave"],"relics":["Sozu","Omamori"],"potions_floor_usage":[],"damage_taken":[{"damage":12,"enemies":"Small Slimes","floor":1,"turns":3},{"damage":11,"enemies":"Jaw Worm","floor":3,"turns":2},{"damage":6,"enemies":"2 Louse","floor":4,"turns":2},{"damage":5,"enemies":"Large Slime","floor":7,"turns":5},{"damage":10,"enemies":"Exordium Thugs","floor":10,"turns":3},{"damage":10,"enemies":"Looter","floor":11,"turns":2},{"damage":6,"enemies":"Exordium Wildlife","floor":12,"turns":3},{"damage":19,"enemies":"3 Sentries","floor":13,"turns":2}],"seed_played":"1505026050397321982","potions_obtained":[],"is_trial":false,"path_per_floor":["M","?","M","M","?","R","M","R","T","M","M","M"],"character_chosen":"IRONCLAD","items_purchased":[],"campfire_rested":0,"item_purchase_floors":[],"current_hp_per_floor":[68,68,57,51,44,44,39,39,39,29,19,13,0],"gold":245,"neow_bonus":"BOSS_RELIC","is_prod":false,"is_daily":false,"chose_seed":false,"campfire_upgraded":2,"win_rate":0.0,"timestamp":1530851487,"path_taken":["M","?","M","M","?","R","M","R","T","M","M","M","E"],"build_version":"2018-06-28","purchased_purges":0,"victory":false,"max_hp_per_floor":[80,80,80,80,80,80,80,80,80,80,80,80,80],"card_choices":[{"not_picked":["Blood for Blood","Bloodletting"],"picked":"Sever Soul","floor":1},{"not_picked":["Body Slam","Sword Boomerang","Twin Strike"],"picked":"SKIP","floor":3},{"not_picked":["True Grit","Body Slam","Thunderclap"],"picked":"SKIP","floor":4},{"not_picked":["Feel No Pain","Rage","Sentinel"],"picked":"SKIP","floor":7},{"not_picked":["Havoc","Rupture","Dropkick"],"picked":"SKIP","floor":10},{"not_picked":["Corruption","Iron Wave"],"picked":"Cleave","floor":11},{"not_picked":["Headbutt","Clothesline","Flame Barrier"],"picked":"SKIP","floor":12}],"player_experience":70479,"relics_obtained":[{"floor":9,"key":"Omamori"}],"event_choices":[{"event_name":"Living Wall","player_choice":"Forget","floor":2,"damage_taken":0},{"event_name":"Golden Wing","player_choice":"Card Removal","floor":5,"damage_taken":0}],"boss_relics":[],"items_purged_floors":[],"is_endless":false,"potions_floor_spawned":[1,4,11],"killed_by":"3 Sentries","ascension_level":0}