{"gold_per_floor":[114,289,239,12,12,12,43,43,43,57,82,82,93,110,110,207,207,218,40,52,52,72,136,136,146,169,194,194,194,209,209,209,209],"floor_reached":33,"playtime":884,"items_purged":["Defend_R","Strike_R"],"score":366,"play_id":"6249f8ad-deb4-46a3-922f-26f625fd7e2a","local_time":"20190325002101","is_ascension_mode":true,"campfire_choices":[{"data":"Bash","floor":6,"key":"SMITH"},{"data":"Barricade","floor":8,"key":"SMITH"},{"data":"Iron Wave","floor":12,"key":"SMITH"},{"data":"Body Slam","floor":15,"key":"SMITH"},{"data":"Shrug It Off","floor":24,"key":"SMITH"},{"data":"Metallicize","floor":28,"key":"SMITH"},{"data":"Entrench","floor":32,"key":"SMITH"}],"neow_cost":"NONE","seed_source_timestamp":7867588929988792,"circlet_count":0,"master_deck":["Strike_R+1","Strike_R+1","Strike_R+1","Strike_R+1","Defend_R+1","Defend_R+1","Defend_R+1","Bash+1","True Grit","Immolate+1","Barricade+1","Entrench+1","Iron Wave+1","Body Slam+1","Offering","Metallicize+1","Shrug It Off+1","Entrench+1"],"relics":["Burning Blood","NeowsBlessing","Omamori","Strawberry","Red Skull","Coffee Dripper","Tiny Chest","Regal Pillow","Dream Catcher"],"potions_floor_usage":[11,16,18,20,23,30,33],"damage_taken":[{"damage":0,"enemies":"2 Louse","floor":1,"turns":1},{"damage":0,"enemies":"Lagavulin","floor":7,"turns":1},{"damage":0,"enemies":"Small Slimes","floor":10,"turns":1},{"damage":20,"enemies":"3 Sentries","floor":11,"turns":4},{"damage":0,"enemies":"Jaw Worm","floor":13,"turns":4},{"damage":13,"enemies":"Blue Slaver","floor":14,"turns":3},{"damage":47,"enemies":"Hexaghost","floor":16,"turns":9},{"damage":24,"enemies":"3 Byrds","floor":18,"turns":5},{"damage":14,"enemies":"2 Thieves","floor":20,"turns":2},{"damage":6,"enemies":"Centurion and Healer","floor":22,"turns":5},{"damage":27,"enemies":"Book of Stabbing","floor":23,"turns":4},{"damage":6,"enemies":"Snake Plant","floor":25,"turns":3},{"damage":27,"enemies":"Slavers","floor":27,"turns":5},{"damage":12,"enemies":"Snecko","floor":30,"turns":3},{"damage":6,"enemies":"Colosseum Slavers","floor":31,"turns":5},{"damage":48,"enemies":"Automaton","floor":33,"turns":6}],"seed_played":"114186948955631205","potions_obtained":[{"floor":1,"key":"Weak Potion"},{"floor":7,"key":"Swift Potion"},{"floor":14,"key":"AttackPotion"},{"floor":16,"key":"Poison Potion"},{"floor":22,"key":"PowerPotion"},{"floor":23,"key":"Swift Potion"},{"floor":30,"key":"SpeedPotion"}],"is_trial":false,"path_per_floor":["M","?","?","$","?","R","E","R","T","M","E","R","M","M","R","B",null,"M","$","M","$","M","E","R","M","T","E","R","?","M","?","R","B"],"character_chosen":"IRONCLAD","items_purchased":["Immolate","Metallicize"],"campfire_rested":0,"item_purchase_floors":[4,19],"current_hp_per_floor":[80,80,80,80,80,80,80,80,87,87,73,73,79,72,72,31,87,69,69,61,61,61,40,40,40,40,19,19,19,13,13,13,0],"gold":209,"neow_bonus":"THREE_ENEMY_KILL","is_prod":false,"is_daily":false,"chose_seed":false,"campfire_upgraded":7,"win_rate":0,"timestamp":1553487661,"path_taken":["M","?","?","$","?","R","E","R","T","M","E","R","M","M","R","BOSS","M","$","M","$","M","E","R","M","T","E","R","?","M","?","R","BOSS"],"build_version":"2019-01-23","purchased_purges":2,"victory":false,"max_hp_per_floor":[80,80,80,80,80,80,80,80,87,87,87,87,87,87,87,87,87,87,87,87,87,87,87,87,87,87,87,87,87,87,87,87,87],"card_choices":[{"not_picked":["Power Through","Combust"],"picked":"True Grit","floor":1},{"not_picked":["Intimidate","True Grit"],"picked":"Barricade","floor":7},{"not_picked":["Thunderclap","Spot Weakness"],"picked":"Entrench","floor":10},{"not_picked":["Twin Strike","Perfected Strike"],"picked":"Iron Wave","floor":11},{"not_picked":["Shrug It Off","Bludgeon"],"picked":"Body Slam","floor":13},{"not_picked":["Evolve","Thunderclap","Rupture"],"picked":"SKIP","floor":14},{"not_picked":["Feed","Demon Form"],"picked":"Offering","floor":16},{"not_picked":["Uppercut","Whirlwind+1","Burning Pact"],"picked":"SKIP","floor":18},{"not_picked":["Wild Strike","Sword Boomerang","Fire Breathing+1"],"picked":"SKIP","floor":20},{"not_picked":["Wild Strike+1","True Grit","Thunderclap"],"picked":"SKIP","floor":22},{"not_picked":["Fire Breathing","Armaments"],"picked":"Shrug It Off","floor":23},{"not_picked":["Armaments","Rupture+1"],"picked":"Entrench+1","floor":25},{"not_picked":["Immolate","True Grit","Flex"],"picked":"SKIP","floor":27},{"not_picked":["Havoc","Power Through","Anger"],"picked":"SKIP","floor":30}],"player_experience":488585,"relics_obtained":[{"floor":7,"key":"Omamori"},{"floor":9,"key":"Strawberry"},{"floor":11,"key":"Red Skull"},{"floor":23,"key":"Tiny Chest"},{"floor":26,"key":"Regal Pillow"},{"floor":27,"key":"Dream Catcher"}],"event_choices":[{"damage_healed":0,"gold_gain":175,"player_choice":"AGREE","damage_taken":0,"max_hp_gain":0,"max_hp_loss":0,"event_name":"Liars Game","floor":2,"gold_loss":0,"cards_obtained":["Doubt"]},{"cards_removed":["Doubt"],"damage_healed":0,"gold_gain":0,"player_choice":"Card Removal","damage_taken":0,"max_hp_gain":0,"max_hp_loss":0,"event_name":"The Cleric","floor":3,"gold_loss":50},{"damage_healed":0,"gold_gain":0,"player_choice":"Grow","damage_taken":0,"max_hp_gain":0,"max_hp_loss":0,"event_name":"Living Wall","floor":5,"gold_loss":0,"cards_upgraded":["Immolate"]},{"damage_healed":0,"gold_gain":0,"player_choice":"Simplicity","damage_taken":0,"max_hp_gain":0,"max_hp_loss":0,"event_name":"Back to Basics","floor":29,"gold_loss":0,"cards_upgraded":["Strike_R","Strike_R","Strike_R","Strike_R","Defend_R","Defend_R","Defend_R"]},{"damage_healed":0,"gold_gain":0,"player_choice":"Fight","damage_taken":0,"max_hp_gain":0,"max_hp_loss":0,"event_name":"Colosseum","floor":31,"gold_loss":0},{"damage_healed":0,"gold_gain":0,"player_choice":"Fled From Nobs","damage_taken":0,"max_hp_gain":0,"max_hp_loss":0,"event_name":"Colosseum","floor":31,"gold_loss":0}],"is_beta":false,"boss_relics":[{"not_picked":["Mark of Pain","Runic Cube"],"picked":"Coffee Dripper"}],"items_purged_floors":[4,19],"is_endless":false,"potions_floor_spawned":[1,7,14,16,22,23,30,31],"killed_by":"Automaton","ascension_level":3}