{"gold_per_floor":[115,190,115,134,152,217,229,229,229,106,106,121,121],"floor_reached":13,"playtime":358,"items_purged":["Defend_B","Defend_B"],"score":85,"play_id":"2dc077e3-9845-4b9f-8d71-32646dafaf52","local_time":"20180709124734","is_ascension_mode":false,"campfire_choices":[{"floor":8,"key":"REST"}],"neow_cost":"","seed_source_timestamp":1594599977812303,"circlet_count":0,"master_deck":["Strike_B","Strike_B","Strike_B","Strike_B","Defend_B","Defend_B","Zap","Dualcast","Coolheaded","Streamline","Compile Driver","Loop","Cold Snap","Ball Lightning"],"relics":["Cracked Core","Tiny Chest","Toxic Egg 2","Dodecahedron"],"potions_floor_usage":[6,7],"damage_taken":[{"damage":7,"enemies":"Jaw Worm","floor":1,"turns":4},{"damage":4,"enemies":"Cultist","floor":4,"turns":3},{"damage":5,"enemies":"2 Louse","floor":5,"turns":2},{"damage":14,"enemies":"Gremlin Nob","floor":6,"turns":3},{"damage":18,"enemies":"Lots of Slimes","floor":7,"turns":3},{"damage":11,"enemies":"2 Fungi Beasts","floor":12,"turns":4},{"damage":33,"enemies":"Exordium Thugs","floor":13,"turns":4}],"seed_played":"2793646090946731528","potions_obtained":[{"floor":5,"key":"Fire Potion"},{"floor":6,"key":"Fruit Juice"},{"floor":12,"key":"Poison Potion"}],"is_trial":false,"path_per_floor":["M","?","$","M","M","E","M","R","T","$","?","M"],"character_chosen":"DEFECT","items_purchased":["Ball Lightning"],"campfire_rested":1,"item_purchase_floors":[10],"current_hp_per_floor":[68,61,61,57,52,38,25,49,49,49,37,26,0],"gold":121,"neow_bonus":"","is_prod":false,"is_daily":false,"chose_seed":false,"campfire_upgraded":0,"win_rate":0.0,"timestamp":1531154854,"path_taken":["M","?","$","M","M","E","?","R","T","$","?","M","M"],"build_version":"2018-07-05","purchased_purges":2,"victory":false,"max_hp_per_floor":[75,75,75,75,75,75,80,80,80,80,80,80,80],"card_choices":[{"not_picked":["Redo","Sweeping Beam"],"picked":"Coolheaded","floor":1},{"not_picked":["Force Field","Steam"],"picked":"Streamline","floor":4},{"not_picked":["FTL","Steam"],"picked":"Compile Driver","floor":5},{"not_picked":["Aggregate","Multi-Cast"],"picked":"Loop","floor":6},{"not_picked":["Consume","Redo"],"picked":"Cold Snap","floor":7},{"not_picked":["Reinforced Body+1","Go for the Eyes","Redo+1"],"picked":"SKIP","floor":12}],"player_experience":146944,"relics_obtained":[{"floor":6,"key":"Tiny Chest"},{"floor":9,"key":"Toxic Egg 2"}],"event_choices":[{"event_name":"FaceTrader","player_choice":"Touch","floor":2,"damage_taken":0},{"event_name":"Scrap Ooze","player_choice":"success","floor":11,"damage_taken":12}],"boss_relics":[],"items_purged_floors":[3,10],"is_endless":false,"potions_floor_spawned":[5,6,12],"killed_by":"Exordium Thugs","ascension_level":0}