{"gold_per_floor":[216,216,227,80,92,92,102,115,115,128],"floor_reached":10,"playtime":509,"items_purged":["Defend_B"],"score":62,"play_id":"e0f96e5c-df0b-4f24-93d7-6bcbdc1e2221","local_time":"20180801095020","is_ascension_mode":false,"campfire_choices":[{"data":"Gash","floor":6,"key":"SMITH"}],"neow_cost":"NONE","seed_source_timestamp":1820755452010833,"circlet_count":0,"master_deck":["Strike_B","Strike_B","Strike_B","Strike_B","Defend_B","Defend_B","Zap","Dualcast","Gash+1","Scrape"],"relics":["Cracked Core","Question Card"],"potions_floor_usage":[10],"damage_taken":[{"damage":6,"enemies":"Jaw Worm","floor":1,"turns":2},{"damage":0,"enemies":"Cultist","floor":3,"turns":2},{"damage":9,"enemies":"Small Slimes","floor":5,"turns":3},{"damage":41,"enemies":"Exordium Thugs","floor":7,"turns":4},{"damage":0,"enemies":"2 Fungi Beasts","floor":8,"turns":2},{"damage":5,"enemies":"Lots of Slimes","floor":10,"turns":3}],"seed_played":"1325177412445589767","potions_obtained":[{"floor":5,"key":"Block Potion"},{"floor":8,"key":"Fire Potion"},{"floor":10,"key":"Explosive Potion"}],"is_trial":false,"path_per_floor":["M","?","M","$","M","R","M","M","T"],"character_chosen":"DEFECT","items_purchased":["Scrape"],"campfire_rested":0,"item_purchase_floors":[4],"current_hp_per_floor":[69,62,62,62,53,53,12,12,12,7],"gold":128,"neow_bonus":"HUNDRED_GOLD","is_prod":false,"is_daily":false,"chose_seed":false,"campfire_upgraded":1,"win_rate":0,"timestamp":1533131420,"path_taken":["M","?","M","$","M","R","M","?","T","M"],"build_version":"2018-07-26","purchased_purges":1,"victory":false,"max_hp_per_floor":[75,75,75,75,75,75,75,75,75,75],"card_choices":[{"not_picked":["Compile Driver","Steam","Reprogram"],"picked":"SKIP","floor":1},{"not_picked":["Redo","Barrage"],"picked":"Gash","floor":3},{"not_picked":["Capacitor","Coolheaded","Hello World"],"picked":"SKIP","floor":5},{"not_picked":["Reprogram","Sweeping Beam","Conserve Battery"],"picked":"SKIP","floor":7},{"not_picked":["Conserve Battery","Consume","Stack"],"picked":"SKIP","floor":8},{"not_picked":["Streamline","Redo","Rip and Tear","Double Energy"],"picked":"SKIP","floor":10},{"not_picked":["Streamline","Redo","Rip and Tear","Double Energy"],"picked":"SKIP","floor":10},{"not_picked":["Streamline","Redo","Rip and Tear","Double Energy"],"picked":"SKIP","floor":10}],"player_experience":299985,"relics_obtained":[{"floor":9,"key":"Question Card"}],"event_choices":[{"event_name":"Golden Wing","player_choice":"Card Removal","floor":2,"damage_taken":0}],"is_beta":false,"boss_relics":[],"items_purged_floors":[4],"is_endless":false,"potions_floor_spawned":[5,8,10],"killed_by":"Lots of Slimes","ascension_level":0}