{"gold_per_floor":[110,110,185,195,210,135,135,151,174,174,185,202,213,247,247,247],"floor_reached":16,"playtime":357,"items_purged":["Strike_B"],"score":104,"play_id":"cdc17489-8681-4190-882a-7af5cc02ec9b","local_time":"20180709220050","is_ascension_mode":false,"campfire_choices":[{"data":"Biased Cognition","floor":7,"key":"SMITH"},{"floor":15,"key":"REST"}],"neow_cost":"TEN_PERCENT_HP_LOSS","seed_source_timestamp":1627797071796990,"circlet_count":0,"master_deck":["Strike_B","Strike_B","Strike_B","Defend_B","Defend_B","Zap","Dualcast","Biased Cognition+1","Steam Power","Auto Shields","Lockon+1","Streamline+1"],"relics":["Cracked Core","Art of War","Happy Flower","Whetstone"],"potions_floor_usage":[5,13,14],"damage_taken":[{"damage":14,"enemies":"2 Louse","floor":1,"turns":2},{"damage":0,"enemies":"Cultist","floor":4,"turns":2},{"damage":2,"enemies":"Jaw Worm","floor":5,"turns":2},{"damage":3,"enemies":"Red Slaver","floor":8,"turns":3},{"damage":12,"enemies":"Blue Slaver","floor":11,"turns":2},{"damage":10,"enemies":"Exordium Thugs","floor":12,"turns":3},{"damage":0,"enemies":"Looter","floor":13,"turns":2},{"damage":18,"enemies":"Gremlin Nob","floor":14,"turns":3},{"damage":42,"enemies":"Hexaghost","floor":16,"turns":7}],"seed_played":"6858314474448497436","potions_obtained":[{"floor":1,"key":"EssenceOfSteel"},{"floor":5,"key":"Block Potion"},{"floor":13,"key":"LiquidBronze"}],"is_trial":false,"path_per_floor":["M","?","?","M","M","$","R","M","T","?","M","M","M","E","R"],"character_chosen":"DEFECT","items_purchased":[],"campfire_rested":1,"item_purchase_floors":[],"current_hp_per_floor":[54,54,43,43,41,41,41,38,38,60,48,38,38,20,40,0],"gold":247,"neow_bonus":"TRANSFORM_TWO_CARDS","is_prod":false,"is_daily":false,"chose_seed":false,"campfire_upgraded":1,"win_rate":0.0,"timestamp":1531188050,"path_taken":["M","?","?","M","M","$","R","?","T","?","?","M","M","E","R","BOSS"],"build_version":"2018-07-05","purchased_purges":1,"victory":false,"max_hp_per_floor":[68,68,68,68,68,68,68,68,68,68,68,68,68,68,68,68],"card_choices":[{"not_picked":["Undo","Sunder"],"picked":"Auto Shields","floor":1},{"not_picked":["Barrage","Turbo","Reprogram"],"picked":"SKIP","floor":4},{"not_picked":["Reinforced Body","BootSequence","Barrage"],"picked":"SKIP","floor":5},{"not_picked":["Leap","Echo Form"],"picked":"Lockon","floor":8},{"not_picked":["Recycle","Turbo","Compile Driver"],"picked":"SKIP","floor":11},{"not_picked":["Compile Driver","Go for the Eyes"],"picked":"Streamline","floor":12},{"not_picked":["Lockon","Blizzard","Go for the Eyes"],"picked":"SKIP","floor":13},{"not_picked":["Rebound","Sweeping Beam","Gash"],"picked":"SKIP","floor":14}],"player_experience":162551,"relics_obtained":[{"floor":9,"key":"Happy Flower"},{"floor":14,"key":"Whetstone"}],"event_choices":[{"event_name":"Wheel of Change","player_choice":"Relic","floor":2,"damage_taken":0},{"event_name":"World of Goop","player_choice":"Gather Gold","floor":3,"damage_taken":0},{"event_name":"Big Fish","player_choice":"Banana","floor":10,"damage_taken":0}],"boss_relics":[],"items_purged_floors":[6],"is_endless":false,"potions_floor_spawned":[1,5,13],"killed_by":"Hexaghost","ascension_level":0}