{"gold_per_floor":[119,119,136,61,75,75,75,75,75,92,102,119,119,194,194,295,295,315,315,315,331,331,331,346,246,246,121,138,149,149,196,196,300,300,313,325,54,65,65,65,84,96,96,111,145,1,18,18,18,18],"floor_reached":50,"playtime":1449,"items_purged":["Regret","Defend_R","Parasite","Defend_R"],"score":468,"play_id":"5ce0f02e-28d0-4b3c-948d-e4029a30e5a5","local_time":"20180718150237","is_ascension_mode":false,"campfire_choices":[{"data":"Defend_R","floor":6,"key":"SMITH"},{"data":"Sword Boomerang","floor":15,"key":"SMITH"},{"floor":23,"key":"REST"},{"data":"Bash","floor":30,"key":"SMITH"},{"data":"Thunderclap","floor":32,"key":"SMITH"},{"data":"Defend_R","floor":40,"key":"SMITH"},{"floor":49,"key":"REST"}],"neow_cost":"NONE","seed_source_timestamp":628924745784402,"circlet_count":0,"master_deck":["Strike_R","Strike_R+1","Strike_R","Strike_R+1","Strike_R","Defend_R+1","Defend_R+1","Bash+1","Thunderclap+1","Sword Boomerang+1","Flex+1","Bludgeon+1","Necronomicurse"],"relics":["Black Blood","Gambling Chip","Letter Opener","Necronomicon","Frozen Egg 2","Bag of Preparation","Velvet Choker","Tiny Chest","Mercury Hourglass","Ancient Tea Set","Vajra"],"potions_floor_usage":[16,16,16,21,21,33,38,41,44,48,50,50],"damage_taken":[{"damage":0,"enemies":"Small Slimes","floor":1,"turns":3},{"damage":6,"enemies":"2 Louse","floor":3,"turns":2},{"damage":14,"enemies":"Jaw Worm","floor":5,"turns":4},{"damage":12,"enemies":"Blue Slaver","floor":10,"turns":3},{"damage":15,"enemies":"Looter","floor":11,"turns":3},{"damage":10,"enemies":"Large Slime","floor":12,"turns":4},{"damage":53,"enemies":"Slime Boss","floor":16,"turns":11},{"damage":10,"enemies":"Chosen","floor":18,"turns":3},{"damage":33,"enemies":"2 Thieves","floor":21,"turns":5},{"damage":2,"enemies":"Centurion and Healer","floor":24,"turns":4},{"damage":0,"enemies":"Snake Plant","floor":28,"turns":1},{"damage":15,"enemies":"Snecko","floor":29,"turns":3},{"damage":55,"enemies":"Collector","floor":33,"turns":4},{"damage":0,"enemies":"Flame Bruiser 1 Orb","floor":35,"turns":2},{"damage":0,"enemies":"Orb Walker","floor":36,"turns":1},{"damage":28,"enemies":"Maw","floor":38,"turns":5},{"damage":12,"enemies":"Transient","floor":41,"turns":5},{"damage":0,"enemies":"Spire Growth","floor":42,"turns":2},{"damage":42,"enemies":"4 Shapes","floor":44,"turns":3},{"damage":17,"enemies":"2 Orb Walkers","floor":45,"turns":3},{"damage":18,"enemies":"Sphere and 2 Shapes","floor":47,"turns":2},{"damage":0,"enemies":"Maw","floor":48,"turns":1},{"damage":56,"enemies":"Awakened One","floor":50,"turns":3}],"seed_played":"-7675407027813028478","potions_obtained":[{"floor":3,"key":"AttackPotion"},{"floor":10,"key":"Swift Potion"},{"floor":11,"key":"BloodPotion"},{"floor":18,"key":"Swift Potion"},{"floor":19,"key":"Regen Potion"},{"floor":19,"key":"SmokeBomb"},{"floor":21,"key":"SteroidPotion"},{"floor":33,"key":"Swift Potion"},{"floor":35,"key":"Explosive Potion"},{"floor":41,"key":"SkillPotion"},{"floor":42,"key":"Strength Potion"},{"floor":45,"key":"LiquidBronze"}],"is_trial":false,"path_per_floor":["M","?","M","$","M","R","?","?","T","M","M","M","?","?","R","B",null,"M","?","?","M","?","R","M","$","T","$","M","M","R","T","R","B",null,"M","M","$","M","$","R","M","M","T","M","E","$","M","M","R"],"character_chosen":"IRONCLAD","items_purchased":["Tiny Chest","Vajra"],"campfire_rested":2,"item_purchase_floors":[37,46],"current_hp_per_floor":[80,80,80,80,72,72,56,76,76,70,61,57,57,46,46,7,80,80,80,64,55,55,79,80,80,80,77,77,72,72,72,72,27,77,77,77,77,59,59,59,57,67,67,35,28,28,20,30,53,0],"gold":18,"neow_bonus":"THREE_CARDS","is_prod":false,"is_daily":false,"chose_seed":false,"campfire_upgraded":5,"win_rate":0,"timestamp":1531940557,"path_taken":["M","?","M","$","M","R","?","?","T","M","?","M","?","?","R","BOSS","M","?","?","M","?","R","M","?","T","$","M","M","R","?","R","BOSS","M","M","$","M","$","R","?","M","T","M","E","$","M","M","R","BOSS"],"build_version":"2018-07-12","purchased_purges":4,"victory":false,"max_hp_per_floor":[80,80,80,80,80,80,80,80,80,80,80,80,80,80,80,80,80,80,80,80,80,80,80,80,80,80,77,77,77,77,77,77,77,77,77,77,77,77,77,77,77,77,77,77,77,77,77,77,77,77],"card_choices":[{"not_picked":["Iron Wave","Wild Strike"],"picked":"Thunderclap","floor":0},{"not_picked":["Pommel Strike","Iron Wave"],"picked":"Sword Boomerang","floor":1},{"not_picked":["Pummel","Pommel Strike"],"picked":"Flex","floor":3},{"not_picked":["Headbutt","Infernal Blade","Heavy Blade"],"picked":"SKIP","floor":5},{"not_picked":["Hemokinesis","Heavy Blade","Iron Wave"],"picked":"SKIP","floor":10},{"not_picked":["Thunderclap","Iron Wave","Pommel Strike"],"picked":"SKIP","floor":11},{"not_picked":["Headbutt","Shockwave","Body Slam"],"picked":"SKIP","floor":12},{"not_picked":["Immolate","Brutality"],"picked":"Bludgeon","floor":16},{"not_picked":["Twin Strike","Searing Blow+1","Flame Barrier+1"],"picked":"SKIP","floor":18},{"not_picked":["Cleave","Anger","Blood for Blood+1"],"picked":"SKIP","floor":21},{"not_picked":["Evolve","Corruption+1","Body Slam+1"],"picked":"SKIP","floor":24},{"not_picked":["Flame Barrier","Metallicize+1","Wild Strike"],"picked":"SKIP","floor":28},{"not_picked":["Heavy Blade","Shrug It Off+1","Body Slam+1"],"picked":"SKIP","floor":29},{"not_picked":["Metallicize+1","Flex","Iron Wave+1"],"picked":"SKIP","floor":35},{"not_picked":["Fire Breathing+1","Heavy Blade+1","Flex+1"],"picked":"SKIP","floor":36},{"not_picked":["Blood for Blood+1","Combust+1","Burning Pact+1"],"picked":"SKIP","floor":38},{"not_picked":["Twin Strike","Cleave","Power Through"],"picked":"SKIP","floor":41},{"not_picked":["Sword Boomerang+1","Shrug It Off","Cleave"],"picked":"SKIP","floor":42},{"not_picked":["Rage","Seeing Red+1","Searing Blow+1"],"picked":"SKIP","floor":44},{"not_picked":["Clothesline","Intimidate+1","Immolate"],"picked":"SKIP","floor":45},{"not_picked":["Whirlwind+1","Perfected Strike+1","Sentinel+1"],"picked":"SKIP","floor":47}],"player_experience":263989,"relics_obtained":[{"floor":9,"key":"Letter Opener"},{"floor":20,"key":"Necronomicon"},{"floor":26,"key":"Frozen Egg 2"},{"floor":31,"key":"Bag of Preparation"},{"floor":43,"key":"Mercury Hourglass"},{"floor":45,"key":"Ancient Tea Set"}],"event_choices":[{"event_name":"Big Fish","player_choice":"Box","floor":2,"damage_taken":0},{"event_name":"Shining Light","player_choice":"Entered Light","floor":7,"damage_taken":0},{"event_name":"Mushrooms","player_choice":"Healed and dodged fight","floor":8,"damage_taken":0},{"event_name":"Living Wall","player_choice":"Grow","floor":13,"damage_taken":0},{"event_name":"World of Goop","player_choice":"Gather Gold","floor":14,"damage_taken":0},{"event_name":"The Lab","player_choice":"Got Potions","floor":19,"damage_taken":0},{"event_name":"Cursed Tome","player_choice":"Obtained Book","floor":20,"damage_taken":0},{"event_name":"Upgrade Shrine","player_choice":"Upgraded","floor":22,"damage_taken":0}],"boss_relics":[{"not_picked":["Tiny House","Coffee Dripper"],"picked":"Black Blood"},{"not_picked":["Orrery","Empty Cage"],"picked":"Velvet Choker"}],"items_purged_floors":[4,25,27,37],"is_endless":false,"potions_floor_spawned":[3,10,11,12,18,21,33,35,41,42,45],"killed_by":"Awakened One","ascension_level":0}