{"gold_per_floor":[118,5,18,28,203,234,234,248,248,275,275,350,350,366,366,469,469,486,140,160,35,46,46,75,92,165,181,181],"floor_reached":28,"playtime":1255,"items_purged":["Defend_G","Doubt","Strike_G"],"score":250,"play_id":"088a7a0e-c2b3-44e7-858b-fbcf4065838e","local_time":"20180711133030","is_ascension_mode":false,"campfire_choices":[{"floor":7,"key":"REST"},{"floor":11,"key":"REST"},{"data":"Bouncing Flask","floor":15,"key":"SMITH"},{"floor":23,"key":"REST"}],"neow_cost":"TEN_PERCENT_HP_LOSS","seed_source_timestamp":18787106901550,"circlet_count":0,"master_deck":["Defend_G","Defend_G","Defend_G","Defend_G","Strike_G","Strike_G","Strike_G","Strike_G","Survivor","Neutralize","Flying Knee","Bouncing Flask+1","Footwork","Backflip","Acrobatics","Bane","Bouncing Flask+1","Bouncing Flask+1","Crippling Poison+1","Prepared+1","Backflip+1","Footwork"],"relics":["Ring of the Snake","Prayer Wheel","Centennial Puzzle","Dream Catcher","Toxic Egg 2","Sozu","Bottled Lightning","Blood Vial","Shuriken"],"potions_floor_usage":[10,18],"damage_taken":[{"damage":3,"enemies":"2 Louse","floor":1,"turns":2},{"damage":10,"enemies":"Small Slimes","floor":3,"turns":4},{"damage":0,"enemies":"Cultist","floor":4,"turns":3},{"damage":23,"enemies":"Gremlin Nob","floor":6,"turns":5},{"damage":8,"enemies":"Large Slime","floor":8,"turns":5},{"damage":14,"enemies":"Lagavulin","floor":10,"turns":5},{"damage":11,"enemies":"Exordium Wildlife","floor":14,"turns":3},{"damage":36,"enemies":"The Guardian","floor":16,"turns":8},{"damage":6,"enemies":"Spheric Guardian","floor":18,"turns":3},{"damage":12,"enemies":"Shell Parasite","floor":20,"turns":3},{"damage":18,"enemies":"3 Cultists","floor":22,"turns":5},{"damage":37,"enemies":"Gremlin Leader","floor":24,"turns":6},{"damage":2,"enemies":"Cultist and Chosen","floor":25,"turns":5},{"damage":0,"enemies":"Snecko","floor":27,"turns":4},{"damage":19,"enemies":"Slavers","floor":28,"turns":1}],"seed_played":"-6910758259807637137","potions_obtained":[{"floor":6,"key":"Block Potion"},{"floor":16,"key":"EssenceOfSteel"}],"is_trial":false,"path_per_floor":["M","$","M","M","?","E","R","M","T","E","R","?","?","M","R","B",null,"M","$","M","$","M","R","E","M","T","M"],"character_chosen":"THE_SILENT","items_purchased":["Footwork","Bottled Lightning"],"campfire_rested":3,"item_purchase_floors":[2,19],"current_hp_per_floor":[60,60,50,50,50,27,45,37,37,23,41,30,51,40,40,4,63,57,57,45,45,27,45,8,8,8,10,0],"gold":181,"neow_bonus":"ONE_RARE_RELIC","is_prod":false,"is_daily":false,"chose_seed":false,"campfire_upgraded":1,"win_rate":0,"timestamp":1531330230,"path_taken":["M","$","M","M","?","E","R","M","T","E","R","?","?","M","R","BOSS","M","$","M","$","M","R","E","M","T","M","E"],"build_version":"2018-07-05","purchased_purges":3,"victory":false,"max_hp_per_floor":[63,63,63,63,63,63,63,63,63,63,63,63,63,63,63,63,63,63,63,63,63,63,63,63,63,63,63,63],"card_choices":[{"not_picked":["Underhanded Strike","Noxious Fumes"],"picked":"Flying Knee","floor":1},{"not_picked":["Noxious Fumes","PiercingWail"],"picked":"Bouncing Flask","floor":1},{"not_picked":["Endless Agony","Deflect"],"picked":"Backflip","floor":3},{"not_picked":["Acrobatics","Sucker Punch","Underhanded Strike"],"picked":"SKIP","floor":3},{"not_picked":["Prepared","Deflect"],"picked":"Acrobatics","floor":4},{"not_picked":["Quick Slash","Endless Agony","Dagger Spray"],"picked":"SKIP","floor":4},{"not_picked":["Terror","Finisher","Riddle With Holes"],"picked":"SKIP","floor":6},{"not_picked":["Escape Plan","Flechettes"],"picked":"Bane","floor":8},{"not_picked":["Masterful Stab","PiercingWail","Skewer"],"picked":"SKIP","floor":8},{"not_picked":["Deadly Poison","A Thousand Cuts"],"picked":"Bouncing Flask","floor":10},{"not_picked":["All Out Attack","Underhanded Strike"],"picked":"Bouncing Flask+1","floor":11},{"not_picked":["Outmaneuver+1","Escape Plan+1","Prepared+1"],"picked":"SKIP","floor":14},{"not_picked":["Quick Slash","PiercingWail+1","Infinite Blades"],"picked":"SKIP","floor":14},{"not_picked":["Setup+1","PiercingWail+1","Dodge and Roll+1"],"picked":"SKIP","floor":18},{"not_picked":["Eviscerate","Blade Dance+1","Sucker Punch+1"],"picked":"SKIP","floor":18},{"not_picked":["Poisoned Stab","Sucker Punch"],"picked":"Crippling Poison+1","floor":20},{"not_picked":["Escape Plan+1","All Out Attack","Dagger Spray+1"],"picked":"SKIP","floor":20},{"not_picked":["Acrobatics+1","PiercingWail+1"],"picked":"Prepared+1","floor":22},{"not_picked":["Quick Slash+1","Sucker Punch"],"picked":"Backflip+1","floor":22},{"not_picked":["Dagger Throw","Reflex+1"],"picked":"Footwork","floor":23},{"not_picked":["Flying Knee","Eviscerate","Sucker Punch"],"picked":"SKIP","floor":24},{"not_picked":["Dash","Phantasmal Killer+1","PiercingWail+1"],"picked":"SKIP","floor":25},{"not_picked":["PiercingWail+1","Backstab","Bouncing Flask+1"],"picked":"SKIP","floor":25},{"not_picked":["Dodge and Roll+1","Bane","Corpse Explosion+1"],"picked":"SKIP","floor":27},{"not_picked":["Concentrate+1","Deflect+1","Underhanded Strike+1"],"picked":"SKIP","floor":27}],"player_experience":219134,"relics_obtained":[{"floor":6,"key":"Centennial Puzzle"},{"floor":9,"key":"Dream Catcher"},{"floor":10,"key":"Toxic Egg 2"},{"floor":24,"key":"Blood Vial"},{"floor":26,"key":"Shuriken"}],"event_choices":[{"event_name":"Liars Game","player_choice":"agreed","floor":5,"damage_taken":0},{"event_name":"World of Goop","player_choice":"Gather Gold","floor":12,"damage_taken":0},{"event_name":"Big Fish","player_choice":"Banana","floor":13,"damage_taken":0}],"boss_relics":[{"not_picked":["Black Star","Philosopher\u0027s Stone"],"picked":"Sozu"}],"items_purged_floors":[2,19,21],"is_endless":false,"potions_floor_spawned":[6,16,24,25],"killed_by":"Slavers","ascension_level":0}