{"gold_per_floor":[118,43,143,153,81,81,114,125,175,204,220,220,236,236,236,331,331,321,321,174,273,291,291,191,191,191,191,0,0,0,0,0,103,103,121,121,121,121,121,121,133,133,157,157,206,0,11,30,30,30],"floor_reached":51,"playtime":1809,"items_purged":["Strike_R","Defend_R"],"score":697,"play_id":"beec6c54-ee87-4a58-a05a-3e213d51a4e7","local_time":"20180730153417","is_ascension_mode":false,"campfire_choices":[{"data":"Demon Form","floor":6,"key":"SMITH"},{"floor":12,"key":"REST"},{"floor":15,"key":"REST"},{"data":"Rage","floor":23,"key":"SMITH"},{"floor":25,"key":"REST"},{"data":"Armaments","floor":27,"key":"SMITH"},{"data":"Bash","floor":32,"key":"SMITH"},{"floor":40,"key":"REST"},{"data":"Bite","floor":42,"key":"SMITH"},{"data":"Bite","floor":44,"key":"SMITH"},{"data":"Defend_R","floor":49,"key":"SMITH"}],"neow_cost":"NONE","seed_source_timestamp":1667279362222551,"circlet_count":0,"master_deck":["Defend_R","Defend_R+1","Bash+1","Demon Form+1","Rage+1","Armaments+1","Whirlwind+1","Necronomicurse","Bite+1","Bite","Bite","Bite","Bite+1","Writhe","Shrug It Off+1"],"relics":["Burning Blood","Art of War","Bottled Lightning","Runic Dome","Necronomicon","Whetstone","Juzu Bracelet","Shuriken","Busted Crown","Gambling Chip","Dream Catcher","Lantern","Red Mask"],"potions_floor_usage":[7,10,16,33,39,50,50,50],"damage_taken":[{"damage":6,"enemies":"Cultist","floor":1,"turns":3},{"damage":7,"enemies":"Small Slimes","floor":4,"turns":3},{"damage":29,"enemies":"3 Sentries","floor":7,"turns":6},{"damage":14,"enemies":"Jaw Worm","floor":8,"turns":4},{"damage":42,"enemies":"Lagavulin","floor":10,"turns":6},{"damage":6,"enemies":"Blue Slaver","floor":11,"turns":5},{"damage":22,"enemies":"Exordium Wildlife","floor":13,"turns":5},{"damage":52,"enemies":"The Guardian","floor":16,"turns":8},{"damage":20,"enemies":"2 Thieves","floor":18,"turns":4},{"damage":17,"enemies":"Shell Parasite","floor":22,"turns":5},{"damage":54,"enemies":"Automaton","floor":33,"turns":8},{"damage":33,"enemies":"Flame Bruiser 1 Orb","floor":35,"turns":4},{"damage":34,"floor":39,"turns":4},{"damage":18,"enemies":"Orb Walker","floor":41,"turns":3},{"damage":17,"enemies":"3 Darklings","floor":47,"turns":3},{"damage":13,"enemies":"4 Shapes","floor":48,"turns":1},{"damage":42,"enemies":"Donu and Deca","floor":50,"turns":5}],"seed_played":"5862403195424548371","potions_obtained":[{"floor":4,"key":"Explosive Potion"},{"floor":7,"key":"Regen Potion"},{"floor":13,"key":"SteroidPotion"},{"floor":16,"key":"EssenceOfSteel"},{"floor":33,"key":"SkillPotion"},{"floor":39,"key":"SkillPotion"},{"floor":47,"key":"Dexterity Potion"},{"floor":48,"key":"Explosive Potion"}],"is_trial":false,"path_per_floor":["M","$","?","M","$","R","E","M","T","E","M","R","M","?","R","B",null,"M","?","$","?","M","R","$","R","T","R","?","T","?","?","R","B",null,"M","?","?","?","?","R","M","R","T","R","T","?","M","M","R","B"],"character_chosen":"IRONCLAD","items_purchased":["Rage","Whetstone"],"campfire_rested":4,"item_purchase_floors":[5,20],"current_hp_per_floor":[80,80,80,79,79,79,56,48,48,28,30,54,40,33,57,13,80,66,50,50,50,41,41,41,65,65,65,65,65,65,65,65,54,80,56,76,76,76,56,80,70,70,70,70,70,70,69,62,62,33],"gold":30,"neow_bonus":"ONE_RANDOM_RARE_CARD","is_prod":false,"is_daily":false,"chose_seed":false,"campfire_upgraded":7,"win_rate":0,"timestamp":1532979257,"path_taken":["M","?","?","M","$","R","E","M","T","E","M","R","?","?","R","BOSS","M","?","$","?","M","R","$","R","T","R","?","?","?","?","R","BOSS","M","?","?","?","?","R","M","R","T","R","?","?","M","M","R","BOSS"],"build_version":"2018-07-26","purchased_purges":2,"victory":true,"max_hp_per_floor":[80,80,80,80,80,80,80,80,80,80,80,80,80,80,80,80,80,80,80,80,80,80,80,80,80,80,80,80,80,80,80,80,80,80,80,80,80,80,80,80,80,80,80,80,80,80,80,80,80,80],"card_choices":[{"not_picked":["Twin Strike","Warcry"],"picked":"Shrug It Off","floor":1},{"not_picked":["Burning Pact","Exhume","Carnage"],"picked":"SKIP","floor":4},{"not_picked":["Flex","Warcry"],"picked":"Armaments","floor":7},{"not_picked":["Power Through","Havoc","Dual Wield"],"picked":"SKIP","floor":8},{"not_picked":["Bludgeon","Rupture","Uppercut"],"picked":"SKIP","floor":10},{"not_picked":["Havoc","Cleave","Body Slam"],"picked":"SKIP","floor":11},{"not_picked":["Spot Weakness","Body Slam"],"picked":"Whirlwind","floor":13},{"not_picked":["Feel No Pain+1","Rupture+1","Pommel Strike"],"picked":"SKIP","floor":18},{"not_picked":["Perfected Strike","Iron Wave","Havoc"],"picked":"SKIP","floor":22},{"not_picked":["Twin Strike+1"],"picked":"SKIP","floor":35},{"not_picked":["Burning Pact"],"picked":"SKIP","floor":41},{"not_picked":[],"picked":"Shrug It Off+1","floor":47},{"not_picked":["Wild Strike"],"picked":"SKIP","floor":48}],"player_experience":285605,"relics_obtained":[{"floor":7,"key":"Art of War"},{"floor":9,"key":"Blood Vial"},{"floor":10,"key":"Bottled Lightning"},{"floor":19,"key":"Necronomicon"},{"floor":26,"key":"Juzu Bracelet"},{"floor":29,"key":"Shuriken"},{"floor":39,"key":"Gambling Chip"},{"floor":43,"key":"Dream Catcher"},{"floor":45,"key":"Lantern"}],"event_choices":[{"event_name":"Golden Shrine","player_choice":"Pray","floor":3,"damage_taken":0},{"event_name":"Golden Wing","player_choice":"Card Removal","floor":14,"damage_taken":0},{"event_name":"Cursed Tome","player_choice":"Obtained Book","floor":19,"damage_taken":0},{"event_name":"Nest","player_choice":"Stole From Cult","floor":21,"damage_taken":0},{"event_name":"Masked Bandits","player_choice":"Paid Bandits 191 gold","floor":28,"damage_taken":0},{"event_name":"Beggar","player_choice":"Ignored","floor":30,"damage_taken":0},{"event_name":"Vampires","player_choice":"Became a vampire (Vial)","floor":31,"damage_taken":0},{"event_name":"Winding Halls","player_choice":"Writhe","floor":36,"damage_taken":0},{"event_name":"Falling","player_choice":"Removed Skill","floor":37,"damage_taken":0},{"event_name":"SensoryStone","player_choice":"Memory 1","floor":38,"damage_taken":0},{"event_name":"MindBloom","player_choice":"Fight","floor":39,"damage_taken":0},{"event_name":"Tomb of Lord Red Mask","player_choice":"Paid","floor":46,"damage_taken":0}],"is_beta":false,"boss_relics":[{"not_picked":["Snecko Eye","Black Blood"],"picked":"Runic Dome"},{"not_picked":["Tiny House","Calling Bell"],"picked":"Busted Crown"}],"items_purged_floors":[2,24],"is_endless":false,"potions_floor_spawned":[4,7,13,16,33,39,47,48],"ascension_level":0}