{"gold_per_floor":[19,119,44,44,55,87,97,97,97,107,121,131,131,142,142,247,247,266,72,72,91,106,106,118,118,118,130,146,146,162,173,173,173],"floor_reached":33,"playtime":1296,"items_purged":["Defend_R"],"score":255,"play_id":"f405805d-59c2-431a-ae17-80d1c75b8c85","local_time":"20180706135428","is_ascension_mode":false,"campfire_choices":[{"floor":8,"key":"REST"},{"floor":13,"key":"REST"},{"floor":15,"key":"REST"},{"floor":23,"key":"REST"},{"floor":25,"key":"REST"},{"floor":29,"key":"REST"},{"floor":32,"key":"REST"}],"neow_cost":"NO_GOLD","seed_source_timestamp":1338471486935855,"circlet_count":0,"master_deck":["Strike_R","Strike_R","Strike_R","Strike_R","Strike_R","Defend_R","Defend_R","Defend_R","Bash","Spot Weakness+1","Bludgeon","Sword Boomerang","Bloodletting+1","Bludgeon","Whirlwind+1","Thunderclap"],"relics":["Burning Blood","Sundial","Toxic Egg 2","Bottled Lightning","Mummified Hand","Runic Dome","DollysMirror","Oddly Smooth Stone"],"potions_floor_usage":[6,16,16,16,33,33,33],"damage_taken":[{"damage":6,"enemies":"Cultist","floor":1,"turns":3},{"damage":17,"enemies":"Small Slimes","floor":5,"turns":3},{"damage":24,"enemies":"Gremlin Nob","floor":6,"turns":4},{"damage":11,"enemies":"Jaw Worm","floor":7,"turns":2},{"damage":31,"enemies":"Lots of Slimes","floor":10,"turns":5},{"damage":10,"enemies":"Looter","floor":11,"turns":2},{"damage":18,"enemies":"Large Slime","floor":12,"turns":6},{"damage":17,"enemies":"Blue Slaver","floor":14,"turns":3},{"damage":46,"enemies":"Hexaghost","floor":16,"turns":6},{"damage":15,"enemies":"Chosen","floor":18,"turns":4},{"damage":33,"enemies":"2 Thieves","floor":21,"turns":3},{"damage":24,"enemies":"Snake Plant","floor":22,"turns":2},{"damage":24,"enemies":"3 Cultists","floor":24,"turns":4},{"damage":18,"enemies":"Snecko","floor":27,"turns":4},{"damage":15,"enemies":"Centurion and Healer","floor":28,"turns":2},{"damage":18,"enemies":"Snake Plant","floor":30,"turns":2},{"damage":10,"enemies":"Cultist and Chosen","floor":31,"turns":4},{"damage":85,"enemies":"Champ","floor":33,"turns":5}],"seed_played":"3485684938294400527","potions_obtained":[{"floor":1,"key":"SkillPotion"},{"floor":5,"key":"Ancient Potion"},{"floor":10,"key":"LiquidBronze"},{"floor":12,"key":"LiquidBronze"},{"floor":16,"key":"GamblersBrew"},{"floor":22,"key":"Regen Potion"},{"floor":24,"key":"PowerPotion"},{"floor":27,"key":"FearPotion"}],"is_trial":false,"path_per_floor":["M","?","$","?","M","E","M","R","T","M","M","M","R","M","R","B",null,"M","$","?","M","M","R","M","R","T","M","M","R","M","M","R"],"character_chosen":"IRONCLAD","items_purchased":["DollysMirror"],"campfire_rested":7,"item_purchase_floors":[19],"current_hp_per_floor":[80,80,80,73,62,44,39,63,63,38,34,22,46,35,59,19,80,71,71,71,44,26,50,32,56,56,44,35,59,47,43,67,0],"gold":173,"neow_bonus":"ONE_RARE_RELIC","is_prod":false,"is_daily":false,"chose_seed":false,"campfire_upgraded":0,"win_rate":0,"timestamp":1530899668,"path_taken":["M","?","$","?","M","E","M","R","T","?","M","M","R","M","R","BOSS","M","$","?","M","M","R","M","R","T","M","M","R","M","M","R","BOSS"],"build_version":"2018-07-05","purchased_purges":1,"victory":false,"max_hp_per_floor":[80,80,80,80,80,80,80,80,80,80,80,80,80,80,80,80,80,80,80,80,80,80,80,80,80,80,80,80,80,80,80,80,80],"card_choices":[{"not_picked":["Metallicize","Evolve","Cleave"],"picked":"SKIP","floor":1},{"not_picked":["Anger","Body Slam"],"picked":"Spot Weakness+1","floor":5},{"not_picked":["Pommel Strike","Warcry+1"],"picked":"Bludgeon","floor":6},{"not_picked":["Shrug It Off+1","Havoc+1"],"picked":"Sword Boomerang","floor":7},{"not_picked":["Evolve","Headbutt"],"picked":"Bloodletting+1","floor":10},{"not_picked":["Shockwave+1","Havoc+1","Brutality"],"picked":"SKIP","floor":11},{"not_picked":["Disarm+1","Clash","Pommel Strike"],"picked":"SKIP","floor":12},{"not_picked":["Uppercut","Cleave","Rupture"],"picked":"SKIP","floor":14},{"not_picked":["Havoc+1","Shrug It Off+1","Iron Wave"],"picked":"SKIP","floor":18},{"not_picked":["Corruption","Headbutt"],"picked":"Whirlwind+1","floor":21},{"not_picked":["Headbutt","Heavy Blade+1","Iron Wave+1"],"picked":"SKIP","floor":22},{"not_picked":["Havoc+1","Reckless Charge","Berserk"],"picked":"SKIP","floor":24},{"not_picked":["Hemokinesis","Headbutt+1","Body Slam"],"picked":"SKIP","floor":27},{"not_picked":["Warcry+1","Feel No Pain+1","Dropkick+1"],"picked":"SKIP","floor":28},{"not_picked":["Clothesline+1","True Grit+1"],"picked":"Thunderclap","floor":30},{"not_picked":["Body Slam","Wild Strike","Thunderclap"],"picked":"SKIP","floor":31}],"player_experience":92816,"relics_obtained":[{"floor":6,"key":"Bottled Lightning"},{"floor":9,"key":"Mummified Hand"},{"floor":26,"key":"Oddly Smooth Stone"}],"event_choices":[{"event_name":"Golden Shrine","player_choice":"Pray","floor":2,"damage_taken":0},{"event_name":"Scrap Ooze","player_choice":"success","floor":4,"damage_taken":7},{"event_name":"Beggar","player_choice":"Ignored","floor":20,"damage_taken":0}],"boss_relics":[{"not_picked":["Astrolabe","Busted Crown"],"picked":"Runic Dome"}],"items_purged_floors":[3],"is_endless":false,"potions_floor_spawned":[1,5,10,12,16,22,24,27],"killed_by":"Champ","ascension_level":0}