{"gold_per_floor":[115,215,22,33,50,78,78,92,118,39,49,69,87,103,103,208,208,228,240,240,251,279,279,279],"floor_reached":24,"playtime":518,"items_purged":["Zap"],"score":232,"play_id":"8dbdca6b-ef04-483c-ba1d-7eaa822dd59d","local_time":"20190324235704","is_ascension_mode":true,"campfire_choices":[{"data":"Hyperbeam","floor":7,"key":"SMITH"},{"floor":15,"key":"REST"},{"data":"Scrape","floor":23,"key":"SMITH"}],"neow_cost":"NONE","seed_source_timestamp":7866518052249397,"circlet_count":0,"master_deck":["Strike_B","Strike_B","Strike_B","Strike_B","Defend_B","Defend_B+1","Defend_B+1","Dualcast","Hyperbeam+1","Gash","FTL","Sweeping Beam","Gash","Beam Cell","Gash","Scrape+1","Go for the Eyes+1"],"relics":["Cracked Core","Oddly Smooth Stone","War Paint","Busted Crown","Red Mask"],"potions_floor_usage":[8,11,16,16,16,18,22,22,22,24],"damage_taken":[{"damage":12,"enemies":"Jaw Worm","floor":1,"turns":2},{"damage":0,"enemies":"Cultist","floor":4,"turns":2},{"damage":0,"enemies":"Small Slimes","floor":5,"turns":1},{"damage":20,"enemies":"3 Sentries","floor":6,"turns":3},{"damage":0,"enemies":"Looter","floor":8,"turns":2},{"damage":0,"enemies":"2 Fungi Beasts","floor":11,"turns":1},{"damage":0,"enemies":"Exordium Wildlife","floor":12,"turns":2},{"damage":0,"enemies":"Gremlin Gang","floor":13,"turns":1},{"damage":11,"enemies":"Looter","floor":14,"turns":2},{"damage":37,"enemies":"The Guardian","floor":16,"turns":6},{"damage":3,"enemies":"Shell Parasite","floor":18,"turns":2},{"damage":3,"enemies":"3 Byrds","floor":19,"turns":3},{"damage":39,"enemies":"Snake Plant","floor":21,"turns":3},{"damage":0,"enemies":"Masked Bandits","floor":22,"turns":2},{"damage":37,"enemies":"Slavers","floor":24,"turns":4}],"seed_played":"4086414585527713244","potions_obtained":[{"floor":4,"key":"Swift Potion"},{"floor":6,"key":"Swift Potion"},{"floor":8,"key":"Strength Potion"},{"floor":12,"key":"GamblersBrew"},{"floor":14,"key":"Poison Potion"},{"floor":16,"key":"SpeedPotion"},{"floor":19,"key":"Strength Potion"},{"floor":21,"key":"EntropicBrew"}],"is_trial":false,"path_per_floor":["M","?","$","M","M","E","R","M","T","$","M","M","M","M","R","B",null,"M","M","?","M","?","R","E"],"character_chosen":"DEFECT","items_purchased":["FTL","Sweeping Beam","Scrape"],"campfire_rested":1,"item_purchase_floors":[3,3,10],"current_hp_per_floor":[63,63,63,63,63,43,43,43,43,43,43,43,43,32,54,17,75,72,69,69,30,30,30,0],"gold":279,"neow_bonus":"ONE_RANDOM_RARE_CARD","is_prod":false,"is_daily":false,"chose_seed":false,"campfire_upgraded":2,"win_rate":0,"timestamp":1553486224,"path_taken":["M","?","$","M","M","E","R","?","T","?","M","M","?","M","R","BOSS","M","M","?","M","?","R","E"],"build_version":"2019-01-23","purchased_purges":1,"victory":false,"max_hp_per_floor":[75,75,75,75,75,75,75,75,75,75,75,75,75,75,75,75,75,75,75,75,75,75,75,75],"card_choices":[{"not_picked":["Conserve Battery","Leap"],"picked":"Gash","floor":1},{"not_picked":["Capacitor","Cold Snap"],"picked":"Gash","floor":4},{"not_picked":["Loop","Steam","Self Repair"],"picked":"SKIP","floor":5},{"not_picked":["Sweeping Beam","Sunder"],"picked":"Beam Cell","floor":6},{"not_picked":["Doom and Gloom","Steam Power"],"picked":"Gash","floor":8},{"not_picked":["Undo","Meteor Strike","Reinforced Body"],"picked":"SKIP","floor":11},{"not_picked":["Beam Cell","Doom and Gloom","Rebound"],"picked":"SKIP","floor":12},{"not_picked":["Sweeping Beam","Cold Snap","Conserve Battery"],"picked":"SKIP","floor":13},{"not_picked":["Stack","Beam Cell","Capacitor"],"picked":"SKIP","floor":14},{"not_picked":["Undo+1"],"picked":"SKIP","floor":18},{"not_picked":["Undo+1"],"picked":"SKIP","floor":19},{"not_picked":["Static Discharge+1"],"picked":"SKIP","floor":21},{"not_picked":[],"picked":"Go for the Eyes+1","floor":22}],"player_experience":487550,"relics_obtained":[{"floor":6,"key":"Oddly Smooth Stone"},{"floor":9,"key":"War Paint"},{"floor":22,"key":"Red Mask"}],"event_choices":[{"damage_healed":0,"gold_gain":100,"player_choice":"Pray","damage_taken":0,"max_hp_gain":0,"max_hp_loss":0,"event_name":"Golden Shrine","floor":2,"gold_loss":0},{"cards_removed":["Defend_B"],"damage_healed":0,"gold_gain":0,"player_choice":"Elegance","damage_taken":0,"max_hp_gain":0,"max_hp_loss":0,"event_name":"Back to Basics","floor":20,"gold_loss":0},{"damage_healed":0,"gold_gain":0,"player_choice":"Fought Bandits","damage_taken":0,"max_hp_gain":0,"max_hp_loss":0,"event_name":"Masked Bandits","floor":22,"gold_loss":0}],"is_beta":false,"boss_relics":[{"not_picked":["Philosopher\u0027s Stone","Eternal Feather"],"picked":"Busted Crown"}],"items_purged_floors":[3],"is_endless":false,"potions_floor_spawned":[4,6,8,12,14,16,19,21],"killed_by":"Slavers","ascension_level":3}