{"gold_per_floor":[112,125,50,50,50,50,76,76,122,151,151,51,51,62,62,165,165,177,192,211,211,231,231,246,277,303,319,336,336,351,351,363,375],"floor_reached":33,"playtime":951,"items_purged":["Defend_R","Defend_R"],"score":332,"play_id":"461789c8-0cbe-432e-a693-c08c48ac4b54","local_time":"20180924075838","is_ascension_mode":true,"campfire_choices":[{"data":"Perfected Strike","floor":6,"key":"SMITH"},{"data":"Battle Trance","floor":8,"key":"SMITH"},{"data":"Pommel Strike","floor":15,"key":"SMITH"},{"data":"Shrug It Off","floor":23,"key":"SMITH"},{"floor":29,"key":"REST"},{"floor":32,"key":"REST"}],"neow_cost":"NONE","seed_source_timestamp":247423767787204,"circlet_count":0,"master_deck":["Strike_R","Strike_R","Strike_R","Strike_R","Strike_R","Bash","Perfected Strike+1","Battle Trance+1","Pommel Strike+1","Shrug It Off+1","Flex+1","Perfected Strike","Perfected Strike+1","Pommel Strike"],"relics":["Burning Blood","NeowsBlessing","Bronze Scales","Strawberry","Art of War","Blue Candle","Sozu","War Paint","Red Skull","MawBank"],"potions_floor_usage":[],"damage_taken":[{"damage":0,"enemies":"Cultist","floor":1,"turns":1},{"damage":0,"enemies":"2 Louse","floor":2,"turns":1},{"damage":0,"enemies":"Lagavulin","floor":7,"turns":1},{"damage":20,"enemies":"Gremlin Nob","floor":10,"turns":4},{"damage":0,"enemies":"Small Slimes","floor":14,"turns":2},{"damage":75,"enemies":"The Guardian","floor":16,"turns":8},{"damage":0,"enemies":"Spheric Guardian","floor":18,"turns":2},{"damage":12,"enemies":"Chosen","floor":19,"turns":2},{"damage":29,"enemies":"Centurion and Healer","floor":20,"turns":3},{"damage":8,"enemies":"Chosen and Byrds","floor":22,"turns":4},{"damage":8,"enemies":"Snake Plant","floor":24,"turns":2},{"damage":40,"enemies":"Book of Stabbing","floor":25,"turns":3},{"damage":2,"enemies":"Cultist and Chosen","floor":27,"turns":4},{"damage":6,"enemies":"3 Cultists","floor":28,"turns":3},{"damage":14,"enemies":"Centurion and Healer","floor":30,"turns":3},{"damage":73,"enemies":"Champ","floor":33,"turns":5}],"seed_played":"-767283628700196169","potions_obtained":[{"floor":2,"key":"Ancient Potion"},{"floor":7,"key":"Ancient Potion"}],"is_trial":false,"path_per_floor":["M","M","$","?","?","R","E","R","T","E","?","$","?","M","R","B",null,"M","M","M","$","M","R","M","E","T","M","M","R","M","T","R"],"character_chosen":"IRONCLAD","items_purchased":[],"campfire_rested":2,"item_purchase_floors":[],"current_hp_per_floor":[80,80,80,80,80,80,87,87,87,73,73,73,73,79,79,10,87,87,81,58,58,56,56,54,20,20,24,24,50,42,42,68,0],"gold":375,"neow_bonus":"THREE_ENEMY_KILL","is_prod":false,"is_daily":false,"chose_seed":false,"campfire_upgraded":4,"win_rate":0,"timestamp":1537790318,"path_taken":["M","M","$","?","?","R","E","R","T","E","?","$","?","M","R","BOSS","M","?","M","$","M","R","M","E","T","M","M","R","M","?","R","BOSS"],"build_version":"2018-09-20","purchased_purges":2,"victory":false,"max_hp_per_floor":[80,80,80,80,80,80,87,87,87,87,87,87,87,87,87,87,87,87,87,87,87,87,87,87,87,87,87,87,87,87,87,87,87],"card_choices":[{"not_picked":["Pommel Strike","Intimidate"],"picked":"Perfected Strike","floor":1},{"not_picked":["Dropkick","Spot Weakness"],"picked":"Battle Trance","floor":2},{"not_picked":["Armaments","True Grit","Sentinel"],"picked":"SKIP","floor":7},{"not_picked":["Blood for Blood","Warcry","Corruption"],"picked":"SKIP","floor":10},{"not_picked":["Whirlwind","Spot Weakness"],"picked":"Pommel Strike","floor":14},{"not_picked":["Bloodletting","Sword Boomerang"],"picked":"Shrug It Off","floor":18},{"not_picked":["Body Slam","Headbutt"],"picked":"Flex","floor":19},{"not_picked":["Blood for Blood+1","Body Slam","Cleave"],"picked":"SKIP","floor":20},{"not_picked":["Body Slam","Iron Wave","Limit Break"],"picked":"SKIP","floor":22},{"not_picked":["Thunderclap+1","Body Slam"],"picked":"Perfected Strike","floor":24},{"not_picked":["Entrench","Shockwave","Armaments"],"picked":"SKIP","floor":25},{"not_picked":["Battle Trance+1","Combust","Corruption"],"picked":"SKIP","floor":27},{"not_picked":["Sever Soul","Twin Strike"],"picked":"Perfected Strike+1","floor":28},{"not_picked":["Armaments","Flex+1"],"picked":"Pommel Strike","floor":30}],"player_experience":394991,"relics_obtained":[{"floor":7,"key":"Strawberry"},{"floor":9,"key":"Art of War"},{"floor":10,"key":"Blue Candle"},{"floor":25,"key":"War Paint"},{"floor":26,"key":"Red Skull"},{"floor":31,"key":"MawBank"}],"event_choices":[{"event_name":"Big Fish","player_choice":"Box","floor":4,"damage_taken":0},{"event_name":"Fountain of Cleansing","player_choice":"Removed Curse","floor":5,"damage_taken":0},{"event_name":"Living Wall","player_choice":"Forget","floor":11,"damage_taken":0},{"event_name":"Bonfire Elementals","player_choice":"BASIC","floor":13,"damage_taken":0}],"is_beta":false,"boss_relics":[{"not_picked":["Black Star","Calling Bell"],"picked":"Sozu"}],"items_purged_floors":[3,12],"is_endless":false,"potions_floor_spawned":[2,7,18,19,22,28],"killed_by":"Champ","ascension_level":2}