{"gold_per_floor":[114,128,144,69,69,98,117,117,117,129,149,149,183,201,201,302,302,290,32,46,146,146,146],"floor_reached":23,"playtime":2387,"items_purged":["Strike_R"],"score":223,"play_id":"12ceddc5-2e52-4772-99ba-87007dad5b3c","local_time":"20190327000057","is_ascension_mode":true,"campfire_choices":[{"data":"Clothesline","floor":8,"key":"SMITH"},{"data":"Bash","floor":12,"key":"SMITH"},{"data":"Cleave","floor":15,"key":"SMITH"}],"neow_cost":"NONE","seed_source_timestamp":80688873534557,"circlet_count":0,"master_deck":["Strike_R","Strike_R","Defend_R","Defend_R","Defend_R","Defend_R","Bash+1","Purity","Cleave+1","Clothesline+1","Iron Wave","Armaments","Shrug It Off","Double Tap","Shrug It Off","Rampage","Iron Wave"],"relics":["Burning Blood","Ancient Tea Set","Vajra","Self Forming Clay","Empty Cage","Meat on the Bone","StoneCalendar","Blue Candle"],"potions_floor_usage":[14,16,16,20,21,21],"damage_taken":[{"damage":9,"enemies":"Jaw Worm","floor":1,"turns":4},{"damage":1,"enemies":"Cultist","floor":2,"turns":3},{"damage":10,"enemies":"Small Slimes","floor":3,"turns":3},{"damage":37,"enemies":"Lagavulin","floor":6,"turns":8},{"damage":4,"enemies":"3 Louse","floor":7,"turns":4},{"damage":10,"enemies":"2 Fungi Beasts","floor":10,"turns":3},{"damage":7,"enemies":"Looter","floor":11,"turns":3},{"damage":14,"enemies":"3 Sentries","floor":13,"turns":9},{"damage":6,"enemies":"Lots of Slimes","floor":14,"turns":2},{"damage":23,"enemies":"Slime Boss","floor":16,"turns":14},{"damage":14,"enemies":"2 Thieves","floor":18,"turns":4},{"damage":38,"enemies":"Spheric Guardian","floor":20,"turns":6},{"damage":16,"enemies":"Colosseum Slavers","floor":21,"turns":5},{"damage":37,"enemies":"Colosseum Nobs","floor":21,"turns":5},{"damage":45,"enemies":"Gremlin Leader","floor":23,"turns":4}],"seed_played":"-8745506505197763515","potions_obtained":[{"floor":6,"key":"EssenceOfSteel"},{"floor":7,"key":"Ancient Potion"},{"floor":13,"key":"Energy Potion"},{"floor":14,"key":"Ancient Potion"},{"floor":16,"key":"LiquidBronze"},{"floor":20,"key":"Fire Potion"}],"is_trial":false,"path_per_floor":["?","M","?","?"],"character_chosen":"IRONCLAD","items_purchased":["Meat on the Bone"],"campfire_rested":0,"item_purchase_floors":[19],"current_hp_per_floor":[77,80,76,76,80,49,51,51,51,47,46,46,38,38,38,21,80,72,72,52,35,35,0],"gold":146,"neow_bonus":"RANDOM_COLORLESS","is_prod":false,"is_daily":false,"chose_seed":false,"campfire_upgraded":3,"win_rate":0,"timestamp":1553655657,"path_taken":["M","M","M","$","?","E","?","R","T","M","M","R","E","M","R","BOSS","M","$","M","?","?","E"],"build_version":"2019-01-23","purchased_purges":1,"victory":false,"max_hp_per_floor":[80,80,80,80,80,80,80,80,80,80,80,80,80,80,80,80,80,80,80,80,80,80,80],"card_choices":[{"not_picked":["Armaments","Rupture"],"picked":"Cleave","floor":1},{"not_picked":["Intimidate","Perfected Strike","Dual Wield"],"picked":"SKIP","floor":2},{"not_picked":["Dropkick","Heavy Blade"],"picked":"Clothesline","floor":3},{"not_picked":["Thunderclap","Headbutt"],"picked":"Iron Wave","floor":6},{"not_picked":["Sword Boomerang","Corruption","Havoc"],"picked":"SKIP","floor":7},{"not_picked":["Battle Trance","Body Slam"],"picked":"Armaments","floor":10},{"not_picked":["Battle Trance","Perfected Strike","Combust"],"picked":"SKIP","floor":11},{"not_picked":["Cleave","Sever Soul","Anger"],"picked":"SKIP","floor":13},{"not_picked":["Flex","Pommel Strike"],"picked":"Shrug It Off","floor":14},{"not_picked":["Juggernaut","Brutality"],"picked":"Double Tap","floor":16},{"not_picked":["Blood for Blood","Warcry","True Grit"],"picked":"SKIP","floor":18},{"not_picked":["Burning Pact+1","Corruption"],"picked":"Shrug It Off","floor":20},{"not_picked":["Twin Strike","Cleave"],"picked":"Rampage","floor":21}],"player_experience":463505,"relics_obtained":[{"floor":6,"key":"Ancient Tea Set"},{"floor":9,"key":"Vajra"},{"floor":13,"key":"Self Forming Clay"},{"floor":21,"key":"StoneCalendar"},{"floor":21,"key":"Blue Candle"}],"event_choices":[{"damage_healed":4,"gold_gain":0,"player_choice":"Full Heal","damage_taken":0,"max_hp_gain":0,"max_hp_loss":0,"event_name":"Wheel of Change","floor":5,"gold_loss":0},{"damage_healed":0,"gold_gain":0,"player_choice":"Fight","damage_taken":0,"max_hp_gain":0,"max_hp_loss":0,"event_name":"Colosseum","floor":21,"gold_loss":0},{"damage_healed":0,"gold_gain":0,"player_choice":"Fought Nobs","damage_taken":0,"max_hp_gain":0,"max_hp_loss":0,"event_name":"Colosseum","floor":21,"gold_loss":0},{"damage_healed":0,"gold_gain":0,"player_choice":"Copied","damage_taken":0,"max_hp_gain":0,"max_hp_loss":0,"event_name":"Duplicator","floor":22,"gold_loss":0,"cards_obtained":["Iron Wave"]}],"is_beta":false,"boss_relics":[{"not_picked":["Runic Dome","Calling Bell"],"picked":"Empty Cage"}],"items_purged_floors":[4],"is_endless":false,"potions_floor_spawned":[6,7,13,14,16,20,21],"killed_by":"Gremlin Leader","ascension_level":2}