{"gold_per_floor":[112,112,212,227,177,202,202,202,227,152,167,194,233,233,233,362,362,377,277,277,290,389,389,413,437,519,519],"floor_reached":27,"playtime":3489,"items_purged":["Defend_G","Defend_G"],"score":219,"play_id":"f3ed8e73-17d2-4439-a9bd-8756991be914","local_time":"20180710130357","is_ascension_mode":false,"campfire_choices":[{"floor":7,"key":"REST"},{"data":"Calculated Gamble","floor":15,"key":"SMITH"},{"data":"Die Die Die","floor":23,"key":"SMITH"}],"neow_cost":"","seed_source_timestamp":1678856188477788,"circlet_count":0,"master_deck":["Defend_G","Defend_G","Strike_G","Strike_G","Strike_G","Strike_G","Survivor","Neutralize","Neutralize","Dagger Throw","Die Die Die+1","Footwork","Calculated Gamble+1","Backflip","Cloak And Dagger","Cloak And Dagger"],"relics":["Ring of the Snake","Calipers","Golden Idol","Boot","Centennial Puzzle","Bag of Preparation","Busted Crown","Prayer Wheel","Shuriken"],"potions_floor_usage":[16,16,24,24],"damage_taken":[{"damage":1,"enemies":"2 Louse","floor":1,"turns":3},{"damage":0,"enemies":"Cultist","floor":4,"turns":3},{"damage":32,"enemies":"Lagavulin","floor":6,"turns":7},{"damage":0,"enemies":"Small Slimes","floor":11,"turns":1},{"damage":16,"enemies":"3 Sentries","floor":13,"turns":5},{"damage":29,"enemies":"The Guardian","floor":16,"turns":14},{"damage":9,"enemies":"2 Thieves","floor":18,"turns":5},{"damage":15,"enemies":"3 Byrds","floor":21,"turns":4},{"damage":19,"enemies":"Snecko","floor":24,"turns":6},{"damage":11,"enemies":"3 Cultists","floor":25,"turns":5},{"damage":11,"enemies":"Slaver and Parasite","floor":27,"turns":3}],"seed_played":"-4697156725464362151","potions_obtained":[{"floor":6,"key":"Poison Potion"},{"floor":11,"key":"Energy Potion"},{"floor":13,"key":"Fire Potion"},{"floor":16,"key":"Poison Potion"},{"floor":18,"key":"GhostInAJar"}],"is_trial":false,"path_per_floor":["M","?","?","M","?","E","R","?","T","$","M","T","E","?","R","B",null,"M","$","T","M","?","R","M","M","T"],"character_chosen":"THE_SILENT","items_purchased":[],"campfire_rested":1,"item_purchase_floors":[],"current_hp_per_floor":[69,69,69,69,69,37,58,58,58,58,58,58,42,42,42,13,65,56,56,56,41,41,41,22,11,11,0],"gold":519,"neow_bonus":"","is_prod":false,"is_daily":false,"chose_seed":false,"campfire_upgraded":2,"win_rate":0,"timestamp":1531242237,"path_taken":["M","?","?","M","?","E","R","?","T","$","?","?","E","?","R","BOSS","M","$","?","?","?","R","M","M","T","?"],"build_version":"2018-07-05","purchased_purges":2,"victory":false,"max_hp_per_floor":[70,70,70,70,70,70,70,65,65,65,65,65,65,65,65,65,65,65,65,65,65,65,65,65,65,65,65],"card_choices":[{"not_picked":["Underhanded Strike","Caltrops","Concentrate"],"picked":"SKIP","floor":1},{"not_picked":["Prepared","Quick Slash","Concentrate"],"picked":"SKIP","floor":4},{"not_picked":["Setup","All Out Attack","Blade Dance"],"picked":"SKIP","floor":6},{"not_picked":["Heel Hook","Terror"],"picked":"Footwork","floor":11},{"not_picked":["Caltrops","Skewer","Poisoned Stab"],"picked":"SKIP","floor":13},{"not_picked":[],"picked":"Backflip","floor":18},{"not_picked":["Sucker Punch"],"picked":"SKIP","floor":21},{"not_picked":["Dagger Spray+1"],"picked":"SKIP","floor":21},{"not_picked":[],"picked":"Cloak And Dagger","floor":24},{"not_picked":["Poisoned Stab"],"picked":"SKIP","floor":24},{"not_picked":[],"picked":"Cloak And Dagger","floor":25},{"not_picked":["Deflect"],"picked":"SKIP","floor":25}],"player_experience":182334,"relics_obtained":[{"floor":6,"key":"Calipers"},{"floor":9,"key":"Boot"},{"floor":12,"key":"Centennial Puzzle"},{"floor":13,"key":"Bag of Preparation"},{"floor":20,"key":"Prayer Wheel"},{"floor":26,"key":"Shuriken"}],"event_choices":[{"event_name":"Match and Keep!","player_choice":"3 cards matched","floor":2,"damage_taken":0},{"event_name":"Wheel of Change","player_choice":"Gold","floor":3,"damage_taken":0},{"event_name":"The Cleric","player_choice":"Card Removal","floor":5,"damage_taken":0},{"event_name":"Golden Idol","player_choice":"Lose Max HP","floor":8,"damage_taken":0},{"event_name":"Transmorgrifier","player_choice":"Transform","floor":14,"damage_taken":0},{"event_name":"Nest","player_choice":"Stole From Cult","floor":22,"damage_taken":0}],"boss_relics":[{"not_picked":["Fusion Hammer","Eternal Feather"],"picked":"Busted Crown"}],"items_purged_floors":[10,19],"is_endless":false,"potions_floor_spawned":[6,11,13,16,18],"killed_by":"Slaver and Parasite","ascension_level":0}