{"gold_per_floor":[18,268,268,284,304,304,324,107,107,119,119,119,136,0,0,0],"floor_reached":16,"playtime":760,"items_purged":["Defend_G","Defend_G"],"score":92,"play_id":"eeb1b27e-80db-4263-afc4-43cee2a2eff9","local_time":"20180706095232","is_ascension_mode":false,"campfire_choices":[{"data":"Backstab","floor":6,"key":"SMITH"},{"data":"Bane","floor":12,"key":"SMITH"},{"data":"Crippling Poison","floor":15,"key":"SMITH"}],"neow_cost":"NO_GOLD","seed_source_timestamp":1324491783490568,"circlet_count":0,"master_deck":["Defend_G","Strike_G","Strike_G","Strike_G","Strike_G","Strike_G","Survivor","Neutralize","Bane+1","Flying Knee","Backstab+1","Deadly Poison","Envenom+1","Crippling Poison+1"],"relics":["Ring of the Snake","Blue Candle"],"potions_floor_usage":[4,16],"damage_taken":[{"damage":0,"enemies":"Small Slimes","floor":1,"turns":3},{"damage":0,"enemies":"Cultist","floor":4,"turns":2},{"damage":8,"enemies":"Jaw Worm","floor":5,"turns":3},{"damage":6,"enemies":"2 Fungi Beasts","floor":7,"turns":2},{"damage":10,"enemies":"Exordium Thugs","floor":10,"turns":3},{"damage":0,"enemies":"Looter","floor":13,"turns":1},{"damage":52,"enemies":"Slime Boss","floor":16,"turns":7}],"seed_played":"-2589666255246449519","potions_obtained":[{"floor":1,"key":"Fire Potion"},{"floor":5,"key":"Ancient Potion"},{"floor":10,"key":"Weak Potion"}],"is_trial":false,"path_per_floor":["M","?","?","M","M","R","M","$","T","M","?","R","M","$","R"],"character_chosen":"THE_SILENT","items_purchased":["Envenom","Crippling Poison"],"campfire_rested":0,"item_purchase_floors":[8,14],"current_hp_per_floor":[70,70,70,70,62,62,56,56,56,46,46,46,46,46,46,0],"gold":0,"neow_bonus":"REMOVE_TWO","is_prod":false,"is_daily":false,"chose_seed":false,"campfire_upgraded":3,"win_rate":0.0,"timestamp":1530885152,"path_taken":["M","?","?","M","M","R","M","?","T","M","?","R","M","$","R","BOSS"],"build_version":"2018-07-05","purchased_purges":2,"victory":false,"max_hp_per_floor":[70,70,70,70,70,70,70,70,70,70,70,70,70,70,70,70],"card_choices":[{"not_picked":["Terror","Catalyst"],"picked":"Bane","floor":1},{"not_picked":["Calculated Gamble","Backflip"],"picked":"Flying Knee","floor":4},{"not_picked":["Dagger Throw","Expertise"],"picked":"Backstab","floor":5},{"not_picked":["Underhanded Strike","Predator"],"picked":"Deadly Poison","floor":7},{"not_picked":["Sucker Punch","Caltrops","Calculated Gamble"],"picked":"SKIP","floor":10},{"not_picked":["Dagger Spray","Dagger Throw","Prepared"],"picked":"SKIP","floor":13}],"player_experience":79640,"relics_obtained":[{"floor":9,"key":"Blue Candle"}],"event_choices":[{"event_name":"Golden Shrine","player_choice":"Desecrate","floor":2,"damage_taken":0},{"event_name":"Purifier","player_choice":"One Purge","floor":3,"damage_taken":0},{"event_name":"Upgrade Shrine","player_choice":"Upgraded","floor":11,"damage_taken":0}],"boss_relics":[],"items_purged_floors":[8,14],"is_endless":false,"potions_floor_spawned":[1,5,10],"killed_by":"Slime Boss","ascension_level":0}