{"gold_per_floor":[219,63,82,257,273,273,293,293,318,343,343,343,358,74,74,178,178,195,207,82,82,82,82,97,97,97,113,113,142,142,177,177,273,273,284,284,299,651,951,951,971,988,1042,1042],"floor_reached":44,"playtime":1360,"items_purged":["Zap","Doubt","Undo"],"score":516,"play_id":"16c98b1c-63df-4f62-93bd-ff8e5f1e0c2f","local_time":"20180925132442","is_ascension_mode":true,"campfire_choices":[{"data":"Sweeping Beam","floor":6,"key":"SMITH"},{"data":"Streamline","floor":8,"key":"SMITH"},{"floor":12,"key":"REST"},{"data":"Rainbow","floor":15,"key":"SMITH"},{"data":"Streamline","floor":25,"key":"SMITH"},{"floor":28,"key":"REST"},{"floor":30,"key":"REST"},{"floor":32,"key":"REST"},{"floor":40,"key":"REST"}],"neow_cost":"NONE","seed_source_timestamp":352977173899820,"circlet_count":0,"master_deck":["Dualcast","Beam Cell","Melter","Sweeping Beam+1","Streamline+1","Melter","Streamline+1","Rainbow+1","Conserve Battery","Scrape","Steam","Scrape","Darkness","Rebound","Rebound","Chill"],"relics":["Cracked Core","Strawberry","Anchor","Pandora\u0027s Box","Sundial","Gremlin Horn","Mummified Hand","Busted Crown","Old Coin","Orichalcum"],"potions_floor_usage":[10,10,33,33,38,44],"damage_taken":[{"damage":1,"enemies":"Cultist","floor":1,"turns":3},{"damage":12,"enemies":"Jaw Worm","floor":3,"turns":2},{"damage":0,"enemies":"Small Slimes","floor":5,"turns":2},{"damage":11,"enemies":"Blue Slaver","floor":7,"turns":3},{"damage":36,"enemies":"3 Sentries","floor":10,"turns":7},{"damage":0,"enemies":"2 Fungi Beasts","floor":13,"turns":2},{"damage":34,"enemies":"Hexaghost","floor":16,"turns":8},{"damage":12,"enemies":"Chosen","floor":18,"turns":4},{"damage":19,"enemies":"Shell Parasite","floor":19,"turns":4},{"damage":0,"enemies":"Sentry and Sphere","floor":24,"turns":2},{"damage":30,"enemies":"Centurion and Healer","floor":27,"turns":6},{"damage":28,"enemies":"Gremlin Leader","floor":29,"turns":5},{"damage":38,"enemies":"Slavers","floor":31,"turns":4},{"damage":62,"enemies":"Automaton","floor":33,"turns":8},{"damage":12,"enemies":"Orb Walker","floor":35,"turns":3},{"damage":19,"enemies":"3 Shapes","floor":37,"turns":4},{"damage":22,"enemies":"Mysterious Sphere","floor":38,"turns":3},{"damage":50,"enemies":"Maw","floor":41,"turns":7},{"damage":0,"enemies":"Sphere and 2 Shapes","floor":42,"turns":3},{"damage":17,"enemies":"Spire Growth","floor":44,"turns":2}],"seed_played":"-4327238224073651023","potions_obtained":[{"floor":5,"key":"Swift Potion"},{"floor":7,"key":"FearPotion"},{"floor":10,"key":"FairyPotion"},{"floor":11,"key":"SpeedPotion"},{"floor":11,"key":"Strength Potion"},{"floor":24,"key":"FearPotion"},{"floor":37,"key":"Strength Potion"},{"floor":38,"key":"Ancient Potion"}],"is_trial":false,"path_per_floor":["M","$","M","?","M","R","M","R","T","E","?","R","M","$","R","B",null,"M","M","$","?","?","$","M","R","T","M","R","E","R","E","R","B",null,"M","?","M","?","?","R","M","M","T"],"character_chosen":"DEFECT","items_purchased":["Melter","Sweeping Beam","Streamline","Rainbow"],"campfire_rested":5,"item_purchase_floors":[2,2,14,14],"current_hp_per_floor":[74,74,62,62,62,62,51,51,58,22,22,46,46,46,46,12,82,70,51,51,51,78,78,78,78,78,48,72,44,68,30,54,8,82,70,70,51,29,29,52,2,2,2,0],"gold":1042,"neow_bonus":"HUNDRED_GOLD","is_prod":false,"is_daily":false,"chose_seed":false,"campfire_upgraded":4,"win_rate":0,"timestamp":1537896282,"path_taken":["M","$","?","?","M","R","M","R","T","E","?","R","M","$","R","BOSS","M","?","$","?","?","$","?","R","T","M","R","E","R","E","R","BOSS","M","?","?","?","?","R","M","M","T","M"],"build_version":"2018-09-20","purchased_purges":3,"victory":false,"max_hp_per_floor":[75,75,75,75,75,75,75,75,82,82,82,82,82,82,82,82,82,82,82,82,82,82,82,82,82,82,82,82,82,82,82,82,82,82,82,78,78,78,78,78,78,78,78,78],"card_choices":[{"not_picked":["Coolheaded","Aggregate"],"picked":"Beam Cell","floor":1},{"not_picked":["Compile Driver","Steam","Cold Snap"],"picked":"SKIP","floor":3},{"not_picked":["Redo","Ball Lightning"],"picked":"Streamline","floor":5},{"not_picked":["Cold Snap","Turbo","Steam Power"],"picked":"SKIP","floor":7},{"not_picked":["Barrage","Rebound","Scrape"],"picked":"SKIP","floor":10},{"not_picked":["Compile Driver","Rebound"],"picked":"Melter","floor":13},{"not_picked":["Rip and Tear","Steam","Coolheaded"],"picked":"SKIP","floor":18},{"not_picked":["Loop","Recycle","Glacier"],"picked":"SKIP","floor":19},{"not_picked":["Barrage","Coolheaded","Steam Power"],"picked":"SKIP","floor":24},{"not_picked":["Conserve Battery+1","Rebound","Barrage"],"picked":"SKIP","floor":27},{"not_picked":["Force Field","Skim","Aggregate"],"picked":"SKIP","floor":29},{"not_picked":["Rebound+1","Leap","Go for the Eyes+1"],"picked":"SKIP","floor":31},{"not_picked":["Genetic Algorithm"],"picked":"SKIP","floor":35},{"not_picked":["Hologram"],"picked":"SKIP","floor":37},{"not_picked":[],"picked":"Chill","floor":38},{"not_picked":["Steam Power"],"picked":"SKIP","floor":41},{"not_picked":["Coolheaded+1"],"picked":"SKIP","floor":42}],"player_experience":408534,"relics_obtained":[{"floor":9,"key":"Strawberry"},{"floor":10,"key":"Anchor"},{"floor":26,"key":"Sundial"},{"floor":29,"key":"Gremlin Horn"},{"floor":31,"key":"Mummified Hand"},{"floor":38,"key":"Old Coin"},{"floor":43,"key":"Orichalcum"}],"event_choices":[{"event_name":"Liars Game","player_choice":"agreed","floor":4,"damage_taken":0},{"event_name":"The Lab","player_choice":"Got Potions","floor":11,"damage_taken":0},{"event_name":"The Library","player_choice":"Heal","floor":22,"damage_taken":0},{"event_name":"Winding Halls","player_choice":"Max HP","floor":36,"damage_taken":0},{"event_name":"Mysterious Sphere","player_choice":"Fight","floor":38,"damage_taken":0},{"event_name":"Wheel of Change","player_choice":"Gold","floor":39,"damage_taken":0}],"is_beta":false,"boss_relics":[{"not_picked":["FrozenCore","Eternal Feather"],"picked":"Pandora\u0027s Box"},{"not_picked":["Velvet Choker","Orrery"],"picked":"Busted Crown"}],"items_purged_floors":[2,14,20],"is_endless":false,"potions_floor_spawned":[5,7,10,24,29,31,37,38],"killed_by":"Spire Growth","ascension_level":2}