{"gold_per_floor":[109,128,128,4,4,4,22,22,47,63,15,25,57,68,68,172,172,185,39,54,54,68,102,112,124,149,399,399,399,411,411,411,510,510,526,526,537,537,548,548,548,548,571,571,622,622,497,145,145,145],"floor_reached":50,"playtime":2206,"items_purged":["Defend_R","Defend_R","Defend_R","Bash"],"score":660,"play_id":"f3325660-76e9-4fa1-8691-c75d5822d766","local_time":"20180705152458","is_ascension_mode":false,"campfire_choices":[{"data":"Thunderclap","floor":6,"key":"SMITH"},{"data":"Wild Strike","floor":8,"key":"SMITH"},{"data":"Perfected Strike","floor":15,"key":"SMITH"},{"floor":29,"key":"REST"},{"floor":32,"key":"REST"},{"floor":40,"key":"REST"},{"floor":44,"key":"REST"},{"floor":46,"key":"REST"},{"floor":49,"key":"REST"}],"neow_cost":"","seed_source_timestamp":1256589769734201,"circlet_count":0,"master_deck":["Strike_R+1","Strike_R","Strike_R","Strike_R","Strike_R","Perfected Strike+1","Thunderclap+1","Wild Strike+1","Reckless Charge","Perfected Strike+1","Cleave","Warcry","Immolate","Reckless Charge","Wild Strike","Double Tap","Pommel Strike","Perfected Strike","Warcry+1","Perfected Strike+1","Perfected Strike","Offering","Regret","Wild Strike+1","Spot Weakness","Reaper","Secret Weapon","Secret Weapon"],"relics":["Burning Blood","Blood Vial","Darkstone Periapt","Orrery","Whetstone","Juzu Bracelet","Velvet Choker","Prayer Wheel","Anchor","Girya"],"potions_floor_usage":[16,16,23,24,33,33,45,50,50,50],"damage_taken":[{"damage":11,"enemies":"Jaw Worm","floor":1,"turns":4},{"damage":1,"enemies":"Cultist","floor":2,"turns":3},{"damage":0,"enemies":"Small Slimes","floor":7,"turns":2},{"damage":7,"enemies":"Blue Slaver","floor":10,"turns":2},{"damage":11,"enemies":"Exordium Wildlife","floor":12,"turns":2},{"damage":3,"enemies":"Gremlin Nob","floor":13,"turns":3},{"damage":0,"enemies":"2 Fungi Beasts","floor":14,"turns":2},{"damage":72,"enemies":"Hexaghost","floor":16,"turns":8},{"damage":37,"enemies":"3 Byrds","floor":18,"turns":4},{"damage":10,"enemies":"Spheric Guardian","floor":20,"turns":3},{"damage":25,"enemies":"Chosen and Byrds","floor":22,"turns":4},{"damage":31,"enemies":"Gremlin Leader","floor":23,"turns":4},{"damage":10,"enemies":"Sentry and Sphere","floor":24,"turns":3},{"damage":0,"enemies":"Snecko","floor":25,"turns":2},{"damage":24,"enemies":"Centurion and Healer","floor":30,"turns":3},{"damage":54,"enemies":"Automaton","floor":33,"turns":5},{"damage":50,"enemies":"3 Darklings","floor":35,"turns":5},{"damage":11,"enemies":"3 Shapes","floor":37,"turns":3},{"damage":20,"enemies":"Sphere and 2 Shapes","floor":39,"turns":2},{"damage":45,"floor":41,"turns":4},{"damage":42,"floor":45,"turns":3},{"damage":105,"enemies":"Awakened One","floor":50,"turns":5}],"seed_played":"-7936625952657058103","potions_obtained":[{"floor":7,"key":"PowerPotion"},{"floor":12,"key":"EssenceOfSteel"},{"floor":14,"key":"Ancient Potion"},{"floor":23,"key":"Regen Potion"},{"floor":25,"key":"Strength Potion"},{"floor":30,"key":"Block Potion"},{"floor":35,"key":"Ancient Potion"},{"floor":39,"key":"Swift Potion"},{"floor":42,"key":"BloodPotion"},{"floor":45,"key":"SkillPotion"}],"is_trial":false,"path_per_floor":["M","M","?","$","?","R","M","R","T","M","$","M","E","M","R","B",null,"M","$","M","?","M","E","M","M","T","?","?","R","M","?","R","B",null,"M","?","M","?","M","R","?","?","T","R","?","R","$","$","R"],"character_chosen":"IRONCLAD","items_purchased":["Wild Strike","Perfected Strike","Perfected Strike","Secret Weapon"],"campfire_rested":6,"item_purchase_floors":[4,11,19,48],"current_hp_per_floor":[75,80,85,85,85,85,85,85,85,84,84,80,85,85,85,19,85,54,54,52,52,35,12,19,27,27,33,33,60,44,44,71,25,91,48,48,53,53,41,68,35,35,35,62,51,78,78,78,91,0],"gold":145,"neow_bonus":"","is_prod":false,"is_daily":false,"chose_seed":false,"campfire_upgraded":3,"win_rate":0.0,"timestamp":1530818698,"path_taken":["M","M","?","$","?","R","M","R","T","M","$","?","E","M","R","BOSS","M","$","M","?","?","E","?","?","T","?","?","R","M","?","R","BOSS","M","?","M","?","M","R","?","?","T","R","?","R","?","$","R","BOSS"],"build_version":"2018-06-28","purchased_purges":4,"victory":false,"max_hp_per_floor":[80,80,85,85,85,85,85,85,85,85,85,85,85,85,85,85,85,85,85,85,85,85,85,85,85,85,91,91,91,91,91,91,91,91,91,91,91,91,91,91,91,91,91,91,91,91,91,91,91,91],"card_choices":[{"not_picked":["Havoc","Corruption"],"picked":"Perfected Strike","floor":1},{"not_picked":["Seeing Red","Power Through"],"picked":"Thunderclap","floor":2},{"not_picked":["Clothesline","Dual Wield","Flame Barrier"],"picked":"SKIP","floor":7},{"not_picked":["Armaments","Havoc"],"picked":"Reckless Charge","floor":10},{"not_picked":["Rampage","Heavy Blade"],"picked":"Cleave","floor":12},{"not_picked":["Entrench","Sword Boomerang"],"picked":"Warcry","floor":13},{"not_picked":["Heavy Blade","Second Wind"],"picked":"Pommel Strike","floor":14},{"not_picked":["Berserk","Demon Form"],"picked":"Immolate","floor":16},{"not_picked":["Rage","Wild Strike"],"picked":"Reckless Charge","floor":17},{"not_picked":["Armaments","Shrug It Off"],"picked":"Wild Strike","floor":17},{"not_picked":["Combust","Thunderclap"],"picked":"Double Tap","floor":17},{"not_picked":["Bloodletting+1","Havoc+1"],"picked":"Pommel Strike","floor":18},{"not_picked":["Shrug It Off","Carnage"],"picked":"Warcry+1","floor":20},{"not_picked":["Havoc","Searing Blow","Heavy Blade+1"],"picked":"SKIP","floor":22},{"not_picked":["Spot Weakness","Body Slam"],"picked":"Perfected Strike","floor":23},{"not_picked":["Anger","Sword Boomerang","Blood for Blood"],"picked":"SKIP","floor":24},{"not_picked":["Flame Barrier","Warcry"],"picked":"Offering","floor":25},{"not_picked":["Whirlwind","Intimidate"],"picked":"Wild Strike+1","floor":30},{"not_picked":["Feed","Impervious"],"picked":"Reaper","floor":33},{"not_picked":["Anger","Clothesline","Twin Strike+1"],"picked":"SKIP","floor":35},{"not_picked":["Clash+1","Seeing Red","True Grit"],"picked":"SKIP","floor":37},{"not_picked":["Transmutation","Apotheosis"],"picked":"Secret Weapon","floor":38},{"not_picked":["Wild Strike+1","Twin Strike","Second Wind+1"],"picked":"SKIP","floor":39}],"player_experience":50111,"relics_obtained":[{"floor":9,"key":"Blood Vial"},{"floor":13,"key":"Darkstone Periapt"},{"floor":23,"key":"Whetstone"},{"floor":26,"key":"Juzu Bracelet"},{"floor":41,"key":"Prayer Wheel"},{"floor":43,"key":"Anchor"},{"floor":45,"key":"Girya"}],"event_choices":[{"event_name":"Big Fish","player_choice":"Donut","floor":3,"damage_taken":0},{"event_name":"Living Wall","player_choice":"Grow","floor":5,"damage_taken":0},{"event_name":"Duplicator","player_choice":"One dupe","floor":21,"damage_taken":0},{"event_name":"Golden Shrine","player_choice":"Desecrate","floor":27,"damage_taken":0},{"event_name":"The Mausoleum","player_choice":"No","floor":28,"damage_taken":0},{"event_name":"Transmorgrifier","player_choice":"Transform","floor":31,"damage_taken":0},{"event_name":"Falling","player_choice":"Removed Attack","floor":36,"damage_taken":0},{"event_name":"SensoryStone","player_choice":"Memory 1","floor":38,"damage_taken":0},{"event_name":"MindBloom","player_choice":"Fight","floor":41,"damage_taken":0},{"event_name":"The Lab","player_choice":"Got Potions","floor":42,"damage_taken":0},{"event_name":"Mysterious Sphere","player_choice":"Fight","floor":45,"damage_taken":0}],"boss_relics":[{"not_picked":["White Beast Statue","Fusion Hammer"],"picked":"Orrery"},{"not_picked":["Cursed Key","Black Blood"],"picked":"Velvet Choker"}],"items_purged_floors":[4,19,47,48],"is_endless":false,"potions_floor_spawned":[7,12,14,23,25,30,35,39,45],"killed_by":"Awakened One","ascension_level":0}