{"gold_per_floor":[13,13,32,32,52,52,72,90,90,107,117,129,129,145,145,244,244,259,259,278,288,304,304,154,164,164,164,164,196,161,174,174,278,278,295,45,61,76,76,76,176,0,0,0,13,32,32],"floor_reached":47,"playtime":6112,"items_purged":[],"score":495,"play_id":"07f40dc7-749b-4290-be6f-3dfd69e0c7c0","local_time":"20190203125754","is_ascension_mode":false,"campfire_choices":[{"data":"Bane","floor":6,"key":"SMITH"},{"data":"Burst","floor":13,"key":"SMITH"},{"data":"Leg Sweep","floor":15,"key":"SMITH"},{"floor":23,"key":"REST"},{"data":"Footwork","floor":28,"key":"SMITH"},{"data":"Noxious Fumes","floor":32,"key":"SMITH"},{"floor":40,"key":"REST"},{"data":"Night Terror","floor":44,"key":"SMITH"}],"neow_cost":"NO_GOLD","seed_source_timestamp":1988761650801,"circlet_count":0,"master_deck":["Defend_G+1","Defend_G+1","Defend_G+1","Defend_G+1","Defend_G+1","Strike_G+1","Strike_G+1","Survivor","Neutralize+1","Bane+1","Poisoned Stab","Leg Sweep+1","Expertise","Burst+1","Bouncing Flask","Noxious Fumes+1","Deflect","Footwork+1","Deadly Poison","Caltrops","Crippling Poison","Night Terror+1","Deadly Poison","Deadly Poison","Dodge and Roll+1","Parasite","Bane"],"relics":["Ring of the Snake","Regal Pillow","Black Star","Ninja Scroll","Snake Skull","Shuriken","Philosopher\u0027s Stone","Pear","Mango","Red Mask","Darkstone Periapt"],"potions_floor_usage":[14,18,21,22,29,38,41,41],"damage_taken":[{"damage":1,"enemies":"2 Louse","floor":1,"turns":5},{"damage":0,"enemies":"Small Slimes","floor":3,"turns":4},{"damage":0,"enemies":"Jaw Worm","floor":5,"turns":3},{"damage":0,"enemies":"Looter","floor":7,"turns":3},{"damage":0,"enemies":"Blue Slaver","floor":8,"turns":3},{"damage":6,"enemies":"Gremlin Gang","floor":10,"turns":7},{"damage":0,"enemies":"Looter","floor":11,"turns":4},{"damage":2,"enemies":"Large Slime","floor":12,"turns":9},{"damage":2,"enemies":"3 Louse","floor":14,"turns":3},{"damage":10,"enemies":"The Guardian","floor":16,"turns":9},{"damage":8,"enemies":"Chosen","floor":18,"turns":5},{"damage":2,"enemies":"Spheric Guardian","floor":20,"turns":5},{"damage":0,"enemies":"Snecko","floor":21,"turns":6},{"damage":20,"enemies":"Cultist and Chosen","floor":22,"turns":8},{"damage":6,"enemies":"Snake Plant","floor":25,"turns":6},{"damage":14,"enemies":"Book of Stabbing","floor":29,"turns":11},{"damage":11,"enemies":"Centurion and Healer","floor":31,"turns":6},{"damage":35,"enemies":"Champ","floor":33,"turns":14},{"damage":0,"enemies":"Orb Walker","floor":35,"turns":4},{"damage":0,"enemies":"3 Shapes","floor":37,"turns":5},{"damage":31,"enemies":"Maw","floor":38,"turns":7},{"damage":0,"enemies":"Mind Bloom Boss Battle","floor":41,"turns":5},{"damage":23,"enemies":"Transient","floor":45,"turns":5},{"damage":16,"enemies":"Writhing Mass","floor":46,"turns":6},{"damage":70,"enemies":"2 Orb Walkers","floor":47,"turns":5}],"seed_played":"-5385661387220510355","potions_obtained":[{"floor":7,"key":"Block Potion"},{"floor":8,"key":"EssenceOfSteel"},{"floor":14,"key":"Ancient Potion"},{"floor":16,"key":"Swift Potion"},{"floor":20,"key":"AttackPotion"},{"floor":21,"key":"LiquidBronze"},{"floor":31,"key":"Explosive Potion"},{"floor":35,"key":"Poison Potion"}],"is_trial":false,"path_per_floor":["?","?","M","?","?","M","?","?","?","?"],"character_chosen":"THE_SILENT","items_purchased":["Footwork","Regen Potion","Crippling Poison","Pear"],"campfire_rested":2,"item_purchase_floors":[24,24,30,36],"current_hp_per_floor":[69,55,55,60,60,60,60,60,60,54,54,52,52,50,50,40,75,67,67,65,65,45,75,75,69,69,75,75,71,71,60,60,25,75,75,85,85,54,54,85,99,99,99,99,76,66,0],"gold":32,"neow_bonus":"REMOVE_TWO","is_prod":false,"is_daily":false,"chose_seed":false,"campfire_upgraded":6,"win_rate":0.0,"timestamp":1549209474,"path_taken":["M","?","M","?","M","R","?","M","T","M","M","M","R","M","R","BOSS","M","?","M","M","M","R","$","M","T","?","R","E","$","M","R","BOSS","M","$","?","M","?","R","?","?","T","R","M","M","?"],"build_version":"2019-01-23","purchased_purges":0,"victory":false,"max_hp_per_floor":[70,70,70,75,75,75,75,75,75,75,75,75,75,75,75,75,75,75,75,75,75,75,75,75,75,75,75,75,75,75,75,75,75,75,75,85,85,85,85,85,99,99,99,99,99,105,105],"card_choices":[{"not_picked":["Dagger Throw","Acrobatics"],"picked":"Bane","floor":1},{"not_picked":["Blade Dance","Reflex"],"picked":"Poisoned Stab","floor":3},{"not_picked":["Cloak And Dagger","Dagger Throw","Heel Hook"],"picked":"SKIP","floor":5},{"not_picked":["Acrobatics","Dagger Spray","Flying Knee"],"picked":"SKIP","floor":7},{"not_picked":["Blade Dance","Reflex"],"picked":"Leg Sweep","floor":8},{"not_picked":["Underhanded Strike","PiercingWail"],"picked":"Expertise","floor":10},{"not_picked":["Dagger Throw","Underhanded Strike"],"picked":"Burst","floor":11},{"not_picked":["Dagger Throw","Acrobatics"],"picked":"Bouncing Flask","floor":12},{"not_picked":["Cloak And Dagger","Blade Dance"],"picked":"Noxious Fumes","floor":14},{"not_picked":["PiercingWail","Underhanded Strike+1","Slice"],"picked":"SKIP","floor":18},{"not_picked":["Prepared","Quick Slash+1"],"picked":"Deflect","floor":20},{"not_picked":["Sucker Punch","Underhanded Strike","Flechettes+1"],"picked":"SKIP","floor":21},{"not_picked":["Eviscerate","Malaise","Skewer"],"picked":"SKIP","floor":22},{"not_picked":["Dodge and Roll","Escape Plan"],"picked":"Deadly Poison","floor":25},{"not_picked":["Terror+1","Heel Hook"],"picked":"Caltrops","floor":29},{"not_picked":["Skewer","Flying Knee","Slice+1"],"picked":"SKIP","floor":31},{"not_picked":["Die Die Die","A Thousand Cuts"],"picked":"Night Terror","floor":33},{"not_picked":["Poisoned Stab+1","Outmaneuver+1"],"picked":"Deadly Poison","floor":35},{"not_picked":["Bouncing Flask","Dagger Throw+1"],"picked":"Deadly Poison","floor":37},{"not_picked":["Underhanded Strike","Skewer","Cloak And Dagger"],"picked":"SKIP","floor":38},{"not_picked":["Bouncing Flask+1","PiercingWail+1"],"picked":"Dodge and Roll+1","floor":41},{"not_picked":["Quick Slash+1","Blade Dance","Tactician+1"],"picked":"SKIP","floor":45},{"not_picked":["Underhanded Strike+1","Malaise"],"picked":"Bane","floor":46}],"player_experience":84608,"relics_obtained":[{"floor":9,"key":"Regal Pillow"},{"floor":26,"key":"Ninja Scroll"},{"floor":29,"key":"Snake Skull"},{"floor":29,"key":"Shuriken"},{"floor":41,"key":"Mango"},{"floor":43,"key":"Darkstone Periapt"}],"event_choices":[{"damage_healed":0,"gold_gain":0,"player_choice":"Entered Light","damage_taken":14,"max_hp_gain":0,"max_hp_loss":0,"event_name":"Shining Light","floor":2,"gold_loss":0,"cards_upgraded":["Strike_G","Neutralize"]},{"damage_healed":0,"gold_gain":0,"player_choice":"Donut","damage_taken":0,"max_hp_gain":5,"max_hp_loss":0,"event_name":"Big Fish","floor":4,"gold_loss":0},{"damage_healed":0,"gold_gain":0,"player_choice":"Simplicity","damage_taken":0,"max_hp_gain":0,"max_hp_loss":0,"event_name":"Back to Basics","floor":19,"gold_loss":0,"cards_upgraded":["Defend_G","Defend_G","Defend_G","Defend_G","Defend_G","Strike_G","Strike_G"]},{"damage_healed":6,"gold_gain":0,"player_choice":"Full Heal","damage_taken":0,"max_hp_gain":0,"max_hp_loss":0,"event_name":"Wheel of Change","floor":27,"gold_loss":0},{"cards_removed":["Strike_G"],"damage_healed":0,"gold_gain":0,"player_choice":"Removed Attack","damage_taken":0,"max_hp_gain":0,"max_hp_loss":0,"event_name":"Falling","floor":39,"gold_loss":0},{"damage_healed":0,"gold_gain":0,"player_choice":"Fight","damage_taken":0,"max_hp_gain":0,"max_hp_loss":0,"event_name":"MindBloom","floor":41,"gold_loss":0},{"damage_healed":0,"gold_gain":0,"player_choice":"Paid","damage_taken":0,"relics_obtained":["Red Mask"],"max_hp_gain":0,"max_hp_loss":0,"event_name":"Tomb of Lord Red Mask","floor":42,"gold_loss":176},{"damage_healed":0,"gold_gain":0,"player_choice":"Fight","damage_taken":0,"max_hp_gain":0,"max_hp_loss":0,"event_name":"Mysterious Sphere","floor":47,"gold_loss":0}],"is_beta":false,"boss_relics":[{"not_picked":["Ectoplasm","Snecko Eye"],"picked":"Black Star"},{"not_picked":["Calling Bell","Coffee Dripper"],"picked":"Philosopher\u0027s Stone"}],"items_purged_floors":[],"is_endless":false,"potions_floor_spawned":[7,8,14,16,20,21,25,31,35,37],"killed_by":"2 Orb Walkers","ascension_level":0}