{"gold_per_floor":[110,110,35,45,45,57,84,96,131,160,201,229,258,445,457,469],"floor_reached":16,"playtime":365,"items_purged":["Decay"],"score":102,"play_id":"4da6019c-fb93-433d-8040-420a45b2cad9","local_time":"20180803001031","is_ascension_mode":false,"campfire_choices":[{"data":"Body Slam","floor":6,"key":"SMITH"},{"data":"Shrug It Off","floor":8,"key":"SMITH"},{"floor":15,"key":"REST"}],"neow_cost":"NONE","seed_source_timestamp":1958911042600262,"circlet_count":0,"master_deck":["Strike_R","Strike_R","Strike_R","Strike_R","Strike_R","Defend_R","Defend_R","Defend_R","Defend_R","Bash","Body Slam+1","Shrug It Off+1","Doubt"],"relics":["Burning Blood","MawBank","Blood Vial","Darkstone Periapt"],"potions_floor_usage":[11,16],"damage_taken":[{"damage":12,"enemies":"Small Slimes","floor":1,"turns":3},{"damage":0,"enemies":"Cultist","floor":4,"turns":4},{"damage":7,"enemies":"Jaw Worm","floor":7,"turns":4},{"damage":12,"enemies":"Blue Slaver","floor":10,"turns":2},{"damage":52,"enemies":"Lagavulin","floor":11,"turns":7},{"damage":5,"enemies":"Lots of Slimes","floor":12,"turns":6},{"damage":8,"enemies":"Red Slaver","floor":13,"turns":3},{"damage":70,"enemies":"Slime Boss","floor":16,"turns":6}],"seed_played":"-6023628367415433573","potions_obtained":[{"floor":4,"key":"Fire Potion"},{"floor":10,"key":"Explosive Potion"},{"floor":11,"key":"SneckoOil"},{"floor":12,"key":"AttackPotion"}],"is_trial":false,"path_per_floor":["M","?","$","M","?","R","M","R","T","M","E","M","M","?","R"],"character_chosen":"IRONCLAD","items_purchased":[],"campfire_rested":1,"item_purchase_floors":[],"current_hp_per_floor":[74,74,74,80,80,80,79,79,79,74,30,33,33,39,64,0],"gold":469,"neow_bonus":"THREE_CARDS","is_prod":false,"is_daily":false,"chose_seed":false,"campfire_upgraded":2,"win_rate":0,"timestamp":1533269431,"path_taken":["M","?","$","M","?","R","M","R","T","M","E","M","M","?","R","BOSS"],"build_version":"2018-08-02","purchased_purges":1,"victory":false,"max_hp_per_floor":[80,80,80,80,80,80,80,80,80,80,80,80,80,86,86,86],"card_choices":[{"not_picked":["Metallicize","Headbutt"],"picked":"Body Slam","floor":0},{"not_picked":["Whirlwind","Thunderclap"],"picked":"Shrug It Off","floor":1},{"not_picked":["Sword Boomerang","Rampage","Havoc"],"picked":"SKIP","floor":4},{"not_picked":["Warcry","Inflame","Wild Strike"],"picked":"SKIP","floor":7},{"not_picked":["Thunderclap","Carnage","Havoc"],"picked":"SKIP","floor":10},{"not_picked":["Iron Wave","Headbutt","Pommel Strike"],"picked":"SKIP","floor":11},{"not_picked":["Warcry","Double Tap","Shockwave"],"picked":"SKIP","floor":12},{"not_picked":["Corruption","Rampage","Sword Boomerang"],"picked":"SKIP","floor":13}],"player_experience":332349,"relics_obtained":[{"floor":9,"key":"Blood Vial"},{"floor":11,"key":"Darkstone Periapt"}],"event_choices":[{"event_name":"Wheel of Change","player_choice":"Curse","floor":2,"damage_taken":0},{"event_name":"WeMeetAgain","player_choice":"Potion","floor":5,"damage_taken":0},{"event_name":"Liars Game","player_choice":"agreed","floor":14,"damage_taken":0}],"is_beta":false,"boss_relics":[],"items_purged_floors":[3],"is_endless":false,"potions_floor_spawned":[4,10,11,12],"killed_by":"Slime Boss","ascension_level":0}