{"gold_per_floor":[113,125,50,50,62,62,73,73,98,273,253,269,169,194,194,194],"floor_reached":16,"playtime":1302,"items_purged":["Pain","Defend_G"],"score":92,"play_id":"b2d720b4-5574-4f5e-b293-0bb125b9834e","local_time":"20180711154219","is_ascension_mode":false,"campfire_choices":[{"data":"Bouncing Flask","floor":6,"key":"SMITH"},{"floor":15,"key":"REST"}],"neow_cost":"CURSE","seed_source_timestamp":26650466667025,"circlet_count":0,"master_deck":["Defend_G","Defend_G","Defend_G","Defend_G","Strike_G","Strike_G","Strike_G","Strike_G","Strike_G","Survivor","Neutralize","Burst","Footwork","Bouncing Flask+1","Backflip","Injury","Doubt"],"relics":["Ring of the Snake","Blood Vial","Golden Idol","Bronze Scales"],"potions_floor_usage":[7,16,16],"damage_taken":[{"damage":9,"enemies":"2 Louse","floor":1,"turns":4},{"damage":16,"enemies":"Small Slimes","floor":2,"turns":5},{"damage":1,"enemies":"Cultist","floor":5,"turns":4},{"damage":1,"enemies":"Exordium Wildlife","floor":7,"turns":3},{"damage":5,"enemies":"Blue Slaver","floor":12,"turns":4},{"damage":12,"enemies":"3 Louse","floor":14,"turns":3},{"damage":51,"enemies":"Slime Boss","floor":16,"turns":10}],"seed_played":"-6958228649552698569","potions_obtained":[{"floor":2,"key":"SpeedPotion"},{"floor":5,"key":"GhostInAJar"},{"floor":7,"key":"Weak Potion"},{"floor":11,"key":"GhostInAJar"}],"is_trial":false,"path_per_floor":["M","M","$","?","M","R","M","?","T","?","?","M","$","M","R"],"character_chosen":"THE_SILENT","items_purchased":[],"campfire_rested":1,"item_purchase_floors":[],"current_hp_per_floor":[61,45,45,38,39,39,40,40,40,40,40,37,37,27,48,0],"gold":194,"neow_bonus":"THREE_RARE_CARDS","is_prod":false,"is_daily":false,"chose_seed":false,"campfire_upgraded":1,"win_rate":0,"timestamp":1531338139,"path_taken":["M","M","$","?","?","R","M","?","T","?","?","?","$","M","R","BOSS"],"build_version":"2018-07-05","purchased_purges":2,"victory":false,"max_hp_per_floor":[70,70,70,70,70,70,70,70,70,70,70,70,70,70,70,70],"card_choices":[{"not_picked":["Tactician","Die Die Die"],"picked":"Burst","floor":0},{"not_picked":["Endless Agony","Blur"],"picked":"Footwork","floor":1},{"not_picked":["Backstab","Footwork"],"picked":"Bouncing Flask","floor":2},{"not_picked":["Deflect","Acrobatics"],"picked":"Backflip","floor":5},{"not_picked":["Accuracy","Poisoned Stab","Prepared"],"picked":"SKIP","floor":7},{"not_picked":["Skewer","Prepared","Backflip"],"picked":"SKIP","floor":12},{"not_picked":["Poisoned Stab","Backflip","Riddle With Holes"],"picked":"SKIP","floor":14}],"player_experience":226888,"relics_obtained":[{"floor":9,"key":"Bronze Scales"}],"event_choices":[{"event_name":"Scrap Ooze","player_choice":"success","floor":4,"damage_taken":7},{"event_name":"Golden Idol","player_choice":"Take Wound","floor":8,"damage_taken":0},{"event_name":"Liars Game","player_choice":"agreed","floor":10,"damage_taken":0},{"event_name":"The Woman in Blue","player_choice":"Bought 1 Potion","floor":11,"damage_taken":0}],"boss_relics":[],"items_purged_floors":[3,13],"is_endless":false,"potions_floor_spawned":[2,5,7,12],"killed_by":"Slime Boss","ascension_level":0}