{"gold_per_floor":[119,136,136,211,230,258,258,161,185,195,214,214,228,228,228,329,329,343,358,358,258,258,278,153,169,239,239],"floor_reached":27,"playtime":826,"items_purged":["Parasite","Strike_R","Strike_R"],"score":217,"play_id":"0466415f-eef7-41c9-96ad-19f9355cc5f6","local_time":"20180801162222","is_ascension_mode":false,"campfire_choices":[{"data":"Thunderclap","floor":12,"key":"SMITH"},{"data":"Anger","floor":15,"key":"SMITH"}],"neow_cost":"NONE","seed_source_timestamp":1843960695196974,"circlet_count":0,"master_deck":["Strike_R","Strike_R","Strike_R","Defend_R","Defend_R","Defend_R","Defend_R","Bash","Anger+1","Anger","Anger","Thunderclap+1","Pommel Strike","Pommel Strike","Battle Trance+1"],"relics":["Burning Blood","NeowsBlessing","Bag of Marbles","Centennial Puzzle","Mercury Hourglass","Snecko Eye","Pear"],"potions_floor_usage":[5,16,16],"damage_taken":[{"damage":0,"enemies":"Cultist","floor":1,"turns":1},{"damage":0,"enemies":"Jaw Worm","floor":2,"turns":1},{"damage":0,"enemies":"2 Louse","floor":3,"turns":1},{"damage":9,"enemies":"2 Fungi Beasts","floor":5,"turns":3},{"damage":50,"enemies":"Lagavulin","floor":6,"turns":6},{"damage":0,"enemies":"Large Slime","floor":10,"turns":4},{"damage":0,"enemies":"Gremlin Gang","floor":11,"turns":3},{"damage":7,"enemies":"Blue Slaver","floor":13,"turns":2},{"damage":32,"enemies":"Hexaghost","floor":16,"turns":7},{"damage":5,"enemies":"Chosen","floor":18,"turns":3},{"damage":19,"enemies":"Spheric Guardian","floor":19,"turns":4},{"damage":23,"enemies":"3 Cultists","floor":23,"turns":5},{"damage":5,"enemies":"Cultist and Chosen","floor":25,"turns":3},{"damage":44,"enemies":"Sentry and Sphere","floor":27,"turns":5}],"seed_played":"-8155159554343831685","potions_obtained":[{"floor":1,"key":"SpeedPotion"},{"floor":2,"key":"Fire Potion"},{"floor":11,"key":"PowerPotion"},{"floor":13,"key":"SteroidPotion"},{"floor":18,"key":"SkillPotion"}],"is_trial":false,"path_per_floor":["M","M","M","?","M","E","?","$","T","M","M","R","M","T","R","B",null,"M","M","?","$","?","M","$","M","T"],"character_chosen":"IRONCLAD","items_purchased":["Anger"],"campfire_rested":0,"item_purchase_floors":[8],"current_hp_per_floor":[80,80,80,69,66,22,42,42,42,48,54,54,53,53,53,27,77,77,64,64,64,50,33,33,34,44,0],"gold":239,"neow_bonus":"THREE_ENEMY_KILL","is_prod":false,"is_daily":false,"chose_seed":false,"campfire_upgraded":2,"win_rate":0,"timestamp":1533154942,"path_taken":["M","?","M","?","M","E","?","?","T","M","M","R","M","?","R","BOSS","M","M","?","$","?","M","$","M","T","M"],"build_version":"2018-07-26","purchased_purges":3,"victory":false,"max_hp_per_floor":[80,80,80,80,80,80,80,77,77,77,77,77,77,77,77,77,77,77,77,77,77,82,82,82,82,92,92],"card_choices":[{"not_picked":["Metallicize","Sword Boomerang","Reckless Charge"],"picked":"SKIP","floor":1},{"not_picked":["Headbutt","Body Slam","Clothesline"],"picked":"SKIP","floor":2},{"not_picked":["Rampage","Thunderclap","Power Through"],"picked":"SKIP","floor":3},{"not_picked":["Iron Wave","Fire Breathing"],"picked":"Anger","floor":5},{"not_picked":["Combust","Clothesline"],"picked":"Anger","floor":6},{"not_picked":["Shockwave","Shrug It Off"],"picked":"Thunderclap","floor":10},{"not_picked":["True Grit","Flame Barrier","Dark Embrace"],"picked":"SKIP","floor":11},{"not_picked":["Body Slam","Combust","Dropkick"],"picked":"SKIP","floor":13},{"not_picked":["Headbutt","Spot Weakness"],"picked":"Pommel Strike","floor":18},{"not_picked":["Havoc+1","Dual Wield+1","Sever Soul"],"picked":"SKIP","floor":19},{"not_picked":["Rampage","Rage","Sever Soul"],"picked":"SKIP","floor":23},{"not_picked":["Anger","Entrench"],"picked":"Battle Trance+1","floor":25}],"player_experience":322260,"relics_obtained":[{"floor":6,"key":"Bag of Marbles"},{"floor":9,"key":"Centennial Puzzle"},{"floor":14,"key":"Mercury Hourglass"},{"floor":26,"key":"Pear"}],"event_choices":[{"event_name":"World of Goop","player_choice":"Gather Gold","floor":4,"damage_taken":0},{"event_name":"Mushrooms","player_choice":"Healed and dodged fight","floor":7,"damage_taken":0},{"event_name":"The Library","player_choice":"Read","floor":20,"damage_taken":0},{"event_name":"Forgotten Altar","player_choice":"Shed Blood","floor":22,"damage_taken":0}],"is_beta":false,"boss_relics":[{"not_picked":["Philosopher\u0027s Stone","Black Star"],"picked":"Snecko Eye"}],"items_purged_floors":[8,21,24],"is_endless":false,"potions_floor_spawned":[1,2,11,13,18],"killed_by":"Sentry and Sphere","ascension_level":0}