{"gold_per_floor":[111,126,48,123,137,137,137,137,137,137,151,151],"floor_reached":12,"playtime":231,"items_purged":[],"score":94,"play_id":"5352ab92-e180-44a3-bfcd-d7db363ae8b0","local_time":"20190326013622","is_ascension_mode":true,"campfire_choices":[{"data":"Storm","floor":6,"key":"SMITH"},{"data":"Defragment","floor":8,"key":"SMITH"}],"neow_cost":"NONE","seed_source_timestamp":7959166741699832,"circlet_count":0,"master_deck":["Strike_B","Strike_B","Strike_B","Strike_B","Defend_B","Defend_B","Defend_B","Defend_B","Zap","Dualcast","Echo Form","Ball Lightning","Skim","Defragment+1","Storm+1"],"relics":["Cracked Core","Pear","Juzu Bracelet"],"potions_floor_usage":[7],"damage_taken":[{"damage":0,"enemies":"2 Louse","floor":1,"turns":2},{"damage":6,"enemies":"Jaw Worm","floor":2,"turns":4},{"damage":1,"enemies":"Cultist","floor":5,"turns":3},{"damage":10,"enemies":"3 Sentries","floor":7,"turns":2},{"damage":36,"enemies":"Exordium Thugs","floor":11,"turns":4},{"damage":32,"enemies":"Gremlin Nob","floor":12,"turns":3}],"seed_played":"-2598436018306309523","potions_obtained":[{"floor":1,"key":"SmokeBomb"},{"floor":2,"key":"SteroidPotion"}],"is_trial":false,"path_per_floor":["M","M","$","?","M","R","E","R","T","T","M","E"],"character_chosen":"DEFECT","items_purchased":["Defragment"],"campfire_rested":0,"item_purchase_floors":[3],"current_hp_per_floor":[75,69,69,58,57,57,47,47,57,57,21,0],"gold":151,"neow_bonus":"ONE_RANDOM_RARE_CARD","is_prod":false,"is_daily":false,"chose_seed":false,"campfire_upgraded":2,"win_rate":0,"timestamp":1553578582,"path_taken":["M","M","$","?","M","R","E","R","T","?","M","E"],"build_version":"2019-01-23","purchased_purges":0,"victory":false,"max_hp_per_floor":[75,75,75,75,75,75,75,75,85,85,85,85],"card_choices":[{"not_picked":["Glacier","Go for the Eyes"],"picked":"Ball Lightning","floor":1},{"not_picked":["FTL","Hologram"],"picked":"Skim","floor":2},{"not_picked":["Conserve Battery","Leap"],"picked":"Storm","floor":5},{"not_picked":["Doom and Gloom","Blizzard","Steam"],"picked":"SKIP","floor":11}],"player_experience":520764,"relics_obtained":[{"floor":9,"key":"Pear"},{"floor":10,"key":"Juzu Bracelet"}],"event_choices":[{"damage_healed":0,"gold_gain":75,"player_choice":"Gather Gold","damage_taken":11,"max_hp_gain":0,"max_hp_loss":0,"event_name":"World of Goop","floor":4,"gold_loss":0}],"is_beta":false,"boss_relics":[],"items_purged_floors":[],"is_endless":false,"potions_floor_spawned":[1,2,7],"killed_by":"Gremlin Nob","ascension_level":4}