{"gold_per_floor":[117,42,52,70,70,70,81,31,31,41,41,75,75,93,93,196,196,206,216,216],"floor_reached":20,"playtime":967,"items_purged":["Defend_R"],"score":176,"play_id":"a2227688-28fc-4c87-ae87-8162c6ecc8dd","local_time":"20180706161321","is_ascension_mode":false,"campfire_choices":[{"data":"Thunderclap","floor":6,"key":"SMITH"},{"floor":11,"key":"REST"},{"floor":13,"key":"REST"},{"data":"Flex","floor":15,"key":"SMITH"}],"neow_cost":"NONE","seed_source_timestamp":1347133809029804,"circlet_count":0,"master_deck":["Strike_R","Strike_R","Strike_R","Strike_R","Strike_R","Defend_R","Defend_R","Bash","Thunderclap+1","Flex+1","Sword Boomerang","Sword Boomerang"],"relics":["Philosopher\u0027s Stone","Frozen Egg 2","Letter Opener","Busted Crown"],"potions_floor_usage":[12,12,14,18],"damage_taken":[{"damage":0,"enemies":"Cultist","floor":1,"turns":2},{"damage":3,"enemies":"2 Louse","floor":3,"turns":2},{"damage":6,"enemies":"Jaw Worm","floor":4,"turns":3},{"damage":24,"enemies":"Lots of Slimes","floor":7,"turns":2},{"damage":0,"enemies":"2 Fungi Beasts","floor":10,"turns":2},{"damage":20,"enemies":"3 Sentries","floor":12,"turns":4},{"damage":15,"enemies":"Red Slaver","floor":14,"turns":2},{"damage":63,"enemies":"Hexaghost","floor":16,"turns":7},{"damage":13,"enemies":"3 Byrds","floor":18,"turns":3},{"damage":22,"enemies":"Shell Parasite","floor":19,"turns":3},{"damage":45,"enemies":"Snake Plant","floor":20,"turns":2}],"seed_played":"6215967669152611176","potions_obtained":[{"floor":1,"key":"Poison Potion"},{"floor":4,"key":"Explosive Potion"},{"floor":12,"key":"BloodPotion"},{"floor":16,"key":"Block Potion"},{"floor":19,"key":"Block Potion"}],"is_trial":false,"path_per_floor":["M","$","M","M","$","R","M","?","T","M","R","E","R","M","R","B",null,"M","M"],"character_chosen":"IRONCLAD","items_purchased":[],"campfire_rested":2,"item_purchase_floors":[],"current_hp_per_floor":[80,80,77,71,71,71,47,47,47,47,71,51,75,68,68,5,80,67,45,0],"gold":216,"neow_bonus":"BOSS_RELIC","is_prod":false,"is_daily":false,"chose_seed":false,"campfire_upgraded":2,"win_rate":0,"timestamp":1530908001,"path_taken":["M","$","M","?","?","R","M","?","T","M","R","E","R","M","R","BOSS","M","M","?"],"build_version":"2018-07-05","purchased_purges":1,"victory":false,"max_hp_per_floor":[80,80,80,80,80,80,80,80,80,80,80,80,80,80,80,80,80,80,80,80],"card_choices":[{"not_picked":["Hemokinesis","Pommel Strike"],"picked":"Thunderclap","floor":1},{"not_picked":["Sentinel","Warcry","Shockwave"],"picked":"SKIP","floor":3},{"not_picked":["Fire Breathing","Rage","Hemokinesis"],"picked":"SKIP","floor":4},{"not_picked":["Wild Strike","Shockwave"],"picked":"Flex","floor":7},{"not_picked":["Havoc","Headbutt"],"picked":"Sword Boomerang","floor":10},{"not_picked":["True Grit","Juggernaut+1","Armaments"],"picked":"SKIP","floor":12},{"not_picked":["Sever Soul","Havoc"],"picked":"Sword Boomerang","floor":14},{"not_picked":["Shrug It Off"],"picked":"SKIP","floor":18},{"not_picked":["Dual Wield+1"],"picked":"SKIP","floor":19}],"player_experience":101339,"relics_obtained":[{"floor":9,"key":"Frozen Egg 2"},{"floor":12,"key":"Letter Opener"}],"event_choices":[{"event_name":"The Cleric","player_choice":"Card Removal","floor":8,"damage_taken":0}],"boss_relics":[{"not_picked":["Eternal Feather","Runic Pyramid"],"picked":"Busted Crown"}],"items_purged_floors":[2],"is_endless":false,"potions_floor_spawned":[1,4,12,16,19],"killed_by":"Snake Plant","ascension_level":0}