{"gold_per_floor":[112,125,2,17,32,32,47,11,34,34,49,64,76,1,1,102,102,113,113,113,13,23,53,53,53],"floor_reached":25,"playtime":1845,"items_purged":["Defend_R","Defend_R"],"score":215,"play_id":"006faa2e-feac-47be-96c8-33b13723dc83","local_time":"20180704122419","is_ascension_mode":false,"campfire_choices":[{"data":"Cleave","floor":6,"key":"SMITH"},{"floor":10,"key":"REST"},{"floor":15,"key":"REST"},{"data":"Cleave","floor":24,"key":"SMITH"}],"neow_cost":"FIFTY_PERCENT_DAMAGE","seed_source_timestamp":1159684716244217,"circlet_count":0,"master_deck":["Strike_R","Strike_R","Strike_R","Strike_R","Strike_R","Defend_R","Defend_R","Bash","Offering","Perfected Strike","Cleave+1","Bandage Up","True Grit","Flex","Perfected Strike","Headbutt","Rampage","Cleave+1","Dropkick","Power Through","Reaper","Cleave+1","Offering","Rampage","Reckless Charge+1"],"relics":["Black Blood","Boot","Juzu Bracelet"],"potions_floor_usage":[16,16],"damage_taken":[{"damage":13,"enemies":"Cultist","floor":1,"turns":4},{"damage":7,"enemies":"2 Louse","floor":2,"turns":2},{"damage":4,"enemies":"Jaw Worm","floor":4,"turns":2},{"damage":9,"enemies":"Large Slime","floor":5,"turns":4},{"damage":22,"enemies":"Exordium Wildlife","floor":7,"turns":3},{"damage":20,"enemies":"Lots of Slimes","floor":11,"turns":3},{"damage":4,"enemies":"Large Slime","floor":12,"turns":3},{"damage":11,"enemies":"Blue Slaver","floor":13,"turns":2},{"damage":55,"enemies":"Hexaghost","floor":16,"turns":9},{"damage":23,"enemies":"2 Thieves","floor":18,"turns":4},{"damage":28,"enemies":"Shell Parasite","floor":22,"turns":5},{"damage":56,"enemies":"Slavers","floor":23,"turns":4},{"damage":34,"enemies":"Book of Stabbing","floor":25,"turns":3}],"seed_played":"-6395816863228900225","potions_obtained":[{"floor":4,"key":"EssenceOfSteel"},{"floor":7,"key":"Weak Potion"},{"floor":11,"key":"SmokeBomb"},{"floor":12,"key":"Explosive Potion"},{"floor":23,"key":"Swift Potion"}],"is_trial":false,"path_per_floor":["M","M","$","M","M","R","M","$","T","R","M","M","M","$","R","B",null,"M","?","?","$","M","E","R"],"character_chosen":"IRONCLAD","items_purchased":["Bandage Up","True Grit","Rampage"],"campfire_rested":2,"item_purchase_floors":[3,3,8],"current_hp_per_floor":[33,32,32,38,39,39,27,27,27,51,41,47,42,42,66,21,80,71,71,71,71,61,31,31,0],"gold":53,"neow_bonus":"THREE_RARE_CARDS","is_prod":false,"is_daily":false,"chose_seed":false,"campfire_upgraded":2,"win_rate":0.0,"timestamp":1530721459,"path_taken":["M","M","$","M","?","R","M","$","T","R","M","M","M","$","R","BOSS","M","?","?","$","M","E","R","E"],"build_version":"2018-06-28","purchased_purges":2,"victory":false,"max_hp_per_floor":[80,80,80,80,80,80,80,80,80,80,80,80,80,80,80,80,80,80,80,80,80,80,80,80,80],"card_choices":[{"not_picked":["Impervious","Feed"],"picked":"Offering","floor":0},{"not_picked":["Thunderclap","Hemokinesis"],"picked":"Perfected Strike","floor":1},{"not_picked":["Metallicize","Rage"],"picked":"Cleave","floor":2},{"not_picked":["True Grit","Dual Wield"],"picked":"Flex","floor":4},{"not_picked":["Anger","Burning Pact"],"picked":"Perfected Strike","floor":5},{"not_picked":["Hemokinesis","Clothesline"],"picked":"Headbutt","floor":7},{"not_picked":["Rupture","True Grit"],"picked":"Cleave","floor":11},{"not_picked":["Rage","Iron Wave"],"picked":"Dropkick","floor":12},{"not_picked":["Shockwave","Entrench"],"picked":"Power Through","floor":13},{"not_picked":["Demon Form","Juggernaut"],"picked":"Reaper","floor":16},{"not_picked":["Headbutt","Anger"],"picked":"Cleave+1","floor":18},{"not_picked":["Flex","Shockwave"],"picked":"Rampage","floor":22},{"not_picked":["Corruption","Rampage"],"picked":"Reckless Charge+1","floor":23}],"player_experience":1773,"relics_obtained":[{"floor":9,"key":"Boot"},{"floor":23,"key":"Juzu Bracelet"}],"event_choices":[{"event_name":"Duplicator","player_choice":"One dupe","floor":19,"damage_taken":0},{"event_name":"Vampires","player_choice":"Ignored","floor":20,"damage_taken":0}],"boss_relics":[{"not_picked":["White Beast Statue","Orrery"],"picked":"Black Blood"}],"items_purged_floors":[14,21],"is_endless":false,"potions_floor_spawned":[4,7,11,12,23],"killed_by":"Book of Stabbing","ascension_level":0}