{"gold_per_floor":[112,131,131,143,68,68,82,82,135,135,135,163,113,138,138,211,211,227,142,241,259,259,259,33,67,67,77,27,27,40,68,68,139,139,152,152,170,170,42,42,61,61,86,100,128,128,128,139,139,139],"floor_reached":51,"playtime":2806,"items_purged":["Strike_R","Strike_R","Double Tap"],"score":1216,"play_id":"87247491-989d-4a88-8561-1c530b7b1aa5","local_time":"20190331002852","is_ascension_mode":true,"campfire_choices":[{"data":"Hemokinesis","floor":6,"key":"SMITH"},{"data":"Uppercut","floor":11,"key":"SMITH"},{"data":"True Grit","floor":15,"key":"SMITH"},{"floor":23,"key":"REST"},{"floor":32,"key":"REST"},{"floor":40,"key":"REST"},{"floor":46,"key":"REST"},{"floor":49,"key":"REST"}],"neow_cost":"NONE","seed_source_timestamp":44663334945900,"circlet_count":0,"master_deck":["AscendersBane","Defend_R","Defend_R","Defend_R","Defend_R","Bash","True Grit+1","Hemokinesis+1","Clothesline","Clothesline","Battle Trance","Uppercut+1","Flame Barrier","Flame Barrier","Apotheosis","Whirlwind","Feed","Exhume"],"relics":["Burning Blood","Ancient Tea Set","Smiling Mask","Anchor","Gambling Chip","Fusion Hammer","Juzu Bracelet","Pear","Sundial","FossilizedHelix","Snecko Eye","Omamori","Blue Candle"],"potions_floor_usage":[14,33,33,48,50],"damage_taken":[{"damage":4,"enemies":"Jaw Worm","floor":1,"turns":4},{"damage":0,"enemies":"Cultist","floor":2,"turns":3},{"damage":0,"enemies":"Small Slimes","floor":4,"turns":3},{"damage":8,"enemies":"Looter","floor":7,"turns":3},{"damage":22,"enemies":"3 Sentries","floor":12,"turns":10},{"damage":15,"enemies":"Lagavulin","floor":14,"turns":5},{"damage":34,"enemies":"Hexaghost","floor":16,"turns":10},{"damage":12,"enemies":"3 Byrds","floor":18,"turns":4},{"damage":11,"enemies":"Chosen","floor":21,"turns":7},{"damage":26,"enemies":"Gremlin Leader","floor":25,"turns":15},{"damage":2,"enemies":"Snake Plant","floor":27,"turns":4},{"damage":16,"enemies":"3 Cultists","floor":30,"turns":7},{"damage":22,"enemies":"Book of Stabbing","floor":31,"turns":7},{"damage":16,"enemies":"Automaton","floor":33,"turns":15},{"damage":0,"enemies":"3 Darklings","floor":35,"turns":4},{"damage":2,"enemies":"3 Shapes","floor":37,"turns":8},{"damage":0,"enemies":"Writhing Mass","floor":41,"turns":6},{"damage":11,"enemies":"Sphere and 2 Shapes","floor":44,"turns":6},{"damage":40,"enemies":"Nemesis","floor":45,"turns":9},{"damage":12,"enemies":"3 Darklings","floor":48,"turns":3},{"damage":65,"enemies":"Awakened One","floor":50,"turns":18}],"seed_played":"-166811412592215801","potions_obtained":[{"floor":0,"key":"SpeedPotion"},{"floor":0,"key":"Fire Potion"},{"floor":0,"key":"SmokeBomb"},{"floor":22,"key":"Ancient Potion"},{"floor":22,"key":"SpeedPotion"},{"floor":37,"key":"AttackPotion"}],"is_trial":false,"path_per_floor":["?","M","?","?","?","?","?","?","?","$","?","?","?","?"],"character_chosen":"IRONCLAD","items_purchased":["Apotheosis","Ancient Potion"],"campfire_rested":5,"item_purchase_floors":[24,39],"current_hp_per_floor":[70,75,75,75,75,75,73,73,73,66,66,50,50,41,41,13,60,54,54,54,49,49,71,71,61,61,65,65,65,55,39,64,54,77,83,83,93,93,93,93,97,92,92,94,64,94,84,82,107,52],"gold":139,"neow_bonus":"THREE_SMALL_POTIONS","is_prod":false,"is_daily":false,"chose_seed":false,"campfire_upgraded":3,"win_rate":0,"timestamp":1554006532,"path_taken":["M","M","?","M","$","R","?","?","T","?","R","E","?","E","R","BOSS","M","?","?","M","?","R","$","E","T","M","?","?","M","E","R","BOSS","M","?","M","?","$","R","M","?","T","M","E","R","?","M","R","BOSS"],"build_version":"2019-01-23","purchased_purges":3,"victory":true,"max_hp_per_floor":[75,75,75,75,75,75,75,75,75,75,75,75,75,75,75,75,75,75,75,75,75,75,75,75,85,85,85,85,85,85,85,85,85,85,85,85,93,93,93,93,97,92,92,99,103,103,103,107,107,111],"card_choices":[{"not_picked":["Thunderclap","Twin Strike"],"picked":"True Grit","floor":1},{"not_picked":["Flex","Wild Strike"],"picked":"Hemokinesis","floor":2},{"not_picked":["Berserk","Rampage"],"picked":"Clothesline","floor":4},{"not_picked":["Warcry","Havoc"],"picked":"Battle Trance","floor":7},{"not_picked":["Body Slam","Perfected Strike"],"picked":"Flame Barrier","floor":12},{"not_picked":["Twin Strike","True Grit"],"picked":"Flame Barrier","floor":14},{"not_picked":["Berserk","Exhume"],"picked":"Double Tap","floor":16},{"not_picked":["Wild Strike+1","Anger","Flex+1"],"picked":"SKIP","floor":18},{"not_picked":["Headbutt","Infernal Blade","True Grit"],"picked":"SKIP","floor":21},{"not_picked":["Cleave","Iron Wave","Evolve+1"],"picked":"SKIP","floor":25},{"not_picked":["Intimidate","Body Slam","Bloodletting"],"picked":"SKIP","floor":27},{"not_picked":["Warcry","Iron Wave"],"picked":"Whirlwind","floor":30},{"not_picked":["Sword Boomerang+1","True Grit"],"picked":"Feed","floor":31},{"not_picked":["Immolate","Dark Embrace"],"picked":"Exhume","floor":33},{"not_picked":["Dual Wield","Thunderclap","Sentinel"],"picked":"SKIP","floor":35},{"not_picked":["Havoc","Clash","Inflame"],"picked":"SKIP","floor":37},{"not_picked":["Fire Breathing","Entrench","Clothesline"],"picked":"SKIP","floor":41},{"not_picked":["Havoc","Body Slam+1","Battle Trance+1"],"picked":"SKIP","floor":44},{"not_picked":["Warcry","Dual Wield","Reckless Charge+1"],"picked":"SKIP","floor":45},{"not_picked":["True Grit","Battle Trance","Pummel"],"picked":"SKIP","floor":48}],"player_experience":369609,"relics_obtained":[{"floor":9,"key":"Ancient Tea Set"},{"floor":12,"key":"Anchor"},{"floor":14,"key":"Gambling Chip"},{"floor":25,"key":"Pear"},{"floor":26,"key":"Sundial"},{"floor":31,"key":"FossilizedHelix"},{"floor":43,"key":"Omamori"},{"floor":45,"key":"Blue Candle"}],"event_choices":[{"damage_healed":0,"gold_gain":0,"cards_transformed":["Strike_R"],"player_choice":"Transformed","damage_taken":0,"max_hp_gain":0,"max_hp_loss":0,"event_name":"Transmorgrifier","floor":3,"gold_loss":0,"cards_obtained":["Clothesline"]},{"damage_healed":0,"gold_gain":0,"cards_transformed":["Strike_R"],"player_choice":"Change","damage_taken":0,"max_hp_gain":0,"max_hp_loss":0,"event_name":"Living Wall","floor":8,"gold_loss":0,"cards_obtained":["Uppercut"]},{"damage_healed":0,"gold_gain":0,"player_choice":"Success","damage_taken":7,"relics_obtained":["Smiling Mask"],"max_hp_gain":0,"max_hp_loss":0,"event_name":"Scrap Ooze","floor":10,"gold_loss":0},{"cards_removed":["Strike_R"],"damage_healed":0,"gold_gain":0,"player_choice":"Card Removal","damage_taken":0,"max_hp_gain":0,"max_hp_loss":0,"event_name":"The Cleric","floor":13,"gold_loss":50},{"damage_healed":0,"gold_gain":0,"player_choice":"Obtained Relic","damage_taken":0,"relics_obtained":["Juzu Bracelet"],"max_hp_gain":0,"max_hp_loss":0,"event_name":"Addict","floor":19,"gold_loss":85},{"damage_healed":0,"gold_gain":99,"player_choice":"Stole From Cult","damage_taken":0,"max_hp_gain":0,"max_hp_loss":0,"event_name":"Nest","floor":20,"gold_loss":0},{"damage_healed":0,"gold_gain":0,"player_choice":"Got Potions","damage_taken":0,"max_hp_gain":0,"max_hp_loss":0,"event_name":"Lab","floor":22,"gold_loss":0},{"damage_healed":0,"gold_gain":0,"player_choice":"Bet on Murderer","damage_taken":0,"max_hp_gain":0,"max_hp_loss":0,"event_name":"The Joust","floor":28,"gold_loss":50},{"damage_healed":0,"gold_gain":0,"player_choice":"Ignored","damage_taken":0,"max_hp_gain":0,"max_hp_loss":0,"event_name":"Mysterious Sphere","floor":36,"gold_loss":0},{"damage_healed":0,"gold_gain":0,"player_choice":"Ignored","damage_taken":0,"max_hp_gain":0,"max_hp_loss":0,"event_name":"Tomb of Lord Red Mask","floor":38,"gold_loss":0},{"damage_healed":0,"gold_gain":0,"player_choice":"Max HP","damage_taken":0,"max_hp_gain":0,"max_hp_loss":5,"event_name":"Winding Halls","floor":42,"gold_loss":0},{"damage_healed":0,"gold_gain":0,"player_choice":"Memory 3","damage_taken":10,"max_hp_gain":0,"max_hp_loss":0,"event_name":"SensoryStone","floor":47,"gold_loss":0}],"is_beta":false,"boss_relics":[{"not_picked":["Calling Bell","White Beast Statue"],"picked":"Fusion Hammer"},{"not_picked":["Orrery","Black Blood"],"picked":"Snecko Eye"}],"items_purged_floors":[5,24,39],"is_endless":false,"potions_floor_spawned":[4,12,25,27,30,31,37,41,45],"ascension_level":14}