{"gold_per_floor":[115,133,133,133,133,133,167,167,192,213,60,60,235,86,86,217,217,241,87,87,87,107,107,107,107,107,126,126,140,164,184,184,184],"floor_reached":33,"playtime":1241,"items_purged":["Injury","Defend_R"],"score":318,"play_id":"a1aa7fdd-ee1c-4e6a-a1b2-e94af568b838","local_time":"20190308140627","is_ascension_mode":false,"campfire_choices":[{"data":"Twin Strike","floor":6,"key":"SMITH"},{"data":"Whirlwind","floor":8,"key":"SMITH"},{"data":"Inflame","floor":12,"key":"SMITH"},{"data":"Defend_R","floor":15,"key":"SMITH"},{"data":"Strike_R","floor":23,"key":"SMITH"},{"data":"Strike_R","floor":25,"key":"SMITH"},{"data":"Strike_R","floor":28,"key":"SMITH"},{"floor":32,"key":"REST"}],"neow_cost":"NONE","seed_source_timestamp":6451522241580280,"circlet_count":0,"master_deck":["Strike_R+1","Strike_R+1","Strike_R","Strike_R","Strike_R+1","Defend_R","Defend_R","Defend_R+1","Sword Boomerang+1","Twin Strike+1","Whirlwind+1","Shrug It Off+1","Inflame+1","Battle Trance+1","Spot Weakness+1","Shrug It Off+1"],"relics":["Burning Blood","NeowsBlessing","Golden Idol","Toxic Egg 2","Strawberry","Omamori","White Beast Statue","Nilry\u0027s Codex","Paper Frog"],"potions_floor_usage":[16,16,22,27,30,30,33,33],"damage_taken":[{"damage":0,"enemies":"Jaw Worm","floor":1,"turns":1},{"damage":0,"enemies":"Small Slimes","floor":2,"turns":1},{"damage":0,"enemies":"Lagavulin","floor":7,"turns":1},{"damage":0,"enemies":"Cultist","floor":10,"turns":2},{"damage":0,"enemies":"Slime Boss","floor":16,"turns":5},{"damage":0,"enemies":"Spheric Guardian","floor":18,"turns":3},{"damage":2,"enemies":"Chosen","floor":22,"turns":3},{"damage":13,"enemies":"Centurion and Healer","floor":27,"turns":3},{"damage":21,"enemies":"Snake Plant","floor":29,"turns":3},{"damage":6,"enemies":"3 Cultists","floor":30,"turns":3},{"damage":16,"enemies":"Sentry and Sphere","floor":31,"turns":3},{"damage":108,"enemies":"Collector","floor":33,"turns":7}],"seed_played":"8090166055731411886","potions_obtained":[{"floor":2,"key":"BloodPotion"},{"floor":7,"key":"Ancient Potion"},{"floor":18,"key":"Regen Potion"},{"floor":22,"key":"AttackPotion"},{"floor":27,"key":"Explosive Potion"},{"floor":29,"key":"GamblersBrew"},{"floor":30,"key":"Regen Potion"},{"floor":31,"key":"Poison Potion"}],"is_trial":false,"path_per_floor":["M","M","?","?","?","R","E","R","T","M","$","R","?","$","R","B",null,"M","$","?","?","M","R","$","R","T","M","R","M","M","M","R","B"],"character_chosen":"IRONCLAD","items_purchased":["Inflame","Battle Trance+1","Spot Weakness+1","Shrug It Off+1"],"campfire_rested":1,"item_purchase_floors":[11,11,14,19],"current_hp_per_floor":[80,80,80,80,55,55,68,68,68,74,74,74,74,74,74,87,87,87,87,71,71,84,84,84,84,84,77,77,62,62,52,78,0],"gold":184,"neow_bonus":"THREE_ENEMY_KILL","is_prod":false,"is_daily":false,"chose_seed":false,"campfire_upgraded":7,"win_rate":0,"timestamp":1552071987,"path_taken":["M","M","?","?","?","R","E","R","T","M","$","R","?","$","R","BOSS","M","$","?","?","M","R","$","R","T","M","R","M","M","?","R","BOSS"],"build_version":"2019-01-23","purchased_purges":2,"victory":false,"max_hp_per_floor":[80,80,80,80,80,80,87,87,87,87,87,87,87,87,87,87,87,87,87,87,87,87,87,87,87,87,87,87,87,87,87,87,87],"card_choices":[{"not_picked":["True Grit","Shockwave"],"picked":"Sword Boomerang","floor":1},{"not_picked":["Heavy Blade","Pommel Strike"],"picked":"Twin Strike","floor":2},{"not_picked":["Wild Strike","Rupture"],"picked":"Whirlwind","floor":7},{"not_picked":["Body Slam","Anger"],"picked":"Shrug It Off+1","floor":10},{"not_picked":["Heavy Blade","Intimidate+1","Infernal Blade+1"],"picked":"SKIP","floor":18},{"not_picked":["Warcry+1","Clash","Shrug It Off+1"],"picked":"SKIP","floor":22},{"not_picked":["Dropkick+1","Anger","Shrug It Off+1"],"picked":"SKIP","floor":27},{"not_picked":["Perfected Strike","Disarm+1","Body Slam"],"picked":"SKIP","floor":29},{"not_picked":["Rampage+1","Clothesline","Thunderclap"],"picked":"SKIP","floor":30},{"not_picked":["Rampage","Power Through+1","Armaments+1"],"picked":"SKIP","floor":31}],"player_experience":451177,"relics_obtained":[{"floor":7,"key":"Strawberry"},{"floor":9,"key":"Omamori"},{"floor":20,"key":"Nilry\u0027s Codex"},{"floor":26,"key":"Paper Frog"}],"event_choices":[{"damage_healed":0,"gold_gain":0,"player_choice":"Grow","damage_taken":0,"max_hp_gain":0,"max_hp_loss":0,"event_name":"Living Wall","floor":3,"gold_loss":0,"cards_upgraded":["Sword Boomerang"]},{"damage_healed":0,"gold_gain":0,"player_choice":"Take Wound","damage_taken":0,"relics_obtained":["Golden Idol"],"max_hp_gain":0,"max_hp_loss":0,"event_name":"Golden Idol","floor":4,"gold_loss":0,"cards_obtained":["Injury"]},{"damage_healed":0,"gold_gain":0,"player_choice":"Success","damage_taken":25,"relics_obtained":["Toxic Egg 2"],"max_hp_gain":0,"max_hp_loss":0,"event_name":"Scrap Ooze","floor":5,"gold_loss":0},{"damage_healed":0,"gold_gain":175,"player_choice":"AGREE","damage_taken":0,"max_hp_gain":0,"max_hp_loss":0,"event_name":"Liars Game","floor":13,"gold_loss":0,"cards_obtained":["Doubt"]},{"damage_healed":0,"gold_gain":0,"player_choice":"Obtained Book","damage_taken":16,"max_hp_gain":0,"max_hp_loss":0,"event_name":"Cursed Tome","floor":20,"gold_loss":0},{"cards_removed":["Bash"],"damage_healed":0,"gold_gain":0,"player_choice":"Offered Basic","damage_taken":0,"max_hp_gain":0,"max_hp_loss":0,"event_name":"Bonfire Elementals","floor":21,"gold_loss":0}],"is_beta":false,"boss_relics":[{"not_picked":["Pandora\u0027s Box","Empty Cage"],"picked":"White Beast Statue"}],"items_purged_floors":[14,19],"is_endless":false,"potions_floor_spawned":[2,7,18,22,27,29,30,31],"killed_by":"Collector","ascension_level":0}