{"gold_per_floor":[110,110,110,130,145,178,178,194,194,16,44,44,72,86,86,191,191,211,126,126,226,226,258,275,125,149,149,163,163,175,189,189,294,294,313,313,328,129,140,140,165,177,200,200,226,240,240,240,240,240],"floor_reached":51,"playtime":3202,"items_purged":["Strike_G","Strike_G"],"score":1123,"play_id":"91885d12-1d53-490c-87a2-9d1c514ca3de","local_time":"20190328213302","is_ascension_mode":true,"campfire_choices":[{"data":"Neutralize","floor":7,"key":"SMITH"},{"floor":12,"key":"REST"},{"data":"Corpse Explosion","floor":15,"key":"SMITH"},{"floor":27,"key":"REST"},{"floor":29,"key":"REST"},{"data":"A Thousand Cuts","floor":32,"key":"SMITH"},{"floor":40,"key":"REST"},{"data":"Phantasmal Killer","floor":44,"key":"SMITH"},{"data":"Well Laid Plans","floor":47,"key":"SMITH"},{"floor":49,"key":"REST"}],"neow_cost":"TEN_PERCENT_HP_LOSS","seed_source_timestamp":31100787359000,"circlet_count":0,"master_deck":["Defend_G","Defend_G","Defend_G","Defend_G","Defend_G","Survivor","Neutralize+1","Corpse Explosion+1","Riddle With Holes","Flechettes","Endless Agony","Backflip","Backflip","Well Laid Plans+1","Backflip","Backflip","Dash","Deadly Poison","Dash","Deadly Poison+1","Phantasmal Killer+1","Backflip+1","Crippling Poison+1","PiercingWail+1"],"relics":["Ring of the Snake","Omamori","Kunai","Juzu Bracelet","Ginger","Ornamental Fan","Velvet Choker","Mummified Hand","Necronomicon","Bronze Scales","Potion Belt","Cursed Key","Du-Vu Doll","Bag of Preparation","Pear"],"potions_floor_usage":[6,33,41,42,45,50,50,50,50,50,50,50],"damage_taken":[{"damage":0,"enemies":"Small Slimes","floor":1,"turns":2},{"damage":0,"enemies":"Jaw Worm","floor":4,"turns":3},{"damage":0,"enemies":"2 Louse","floor":5,"turns":2},{"damage":24,"enemies":"Lagavulin","floor":6,"turns":7},{"damage":0,"enemies":"Red Slaver","floor":8,"turns":4},{"damage":26,"enemies":"3 Sentries","floor":11,"turns":5},{"damage":0,"enemies":"Lagavulin","floor":13,"turns":8},{"damage":0,"enemies":"Looter","floor":14,"turns":4},{"damage":4,"enemies":"The Guardian","floor":16,"turns":10},{"damage":0,"enemies":"Shell Parasite","floor":18,"turns":5},{"damage":15,"enemies":"Slavers","floor":23,"turns":2},{"damage":0,"enemies":"3 Byrds","floor":24,"turns":1},{"damage":0,"enemies":"Snake Plant","floor":28,"turns":3},{"damage":6,"enemies":"Shelled Parasite and Fungi","floor":30,"turns":3},{"damage":6,"enemies":"Snecko","floor":31,"turns":4},{"damage":20,"enemies":"Automaton","floor":33,"turns":7},{"damage":0,"enemies":"3 Shapes","floor":35,"turns":3},{"damage":5,"enemies":"Orb Walker","floor":37,"turns":3},{"damage":23,"enemies":"Jaw Worm Horde","floor":39,"turns":4},{"damage":0,"enemies":"Giant Head","floor":41,"turns":7},{"damage":2,"enemies":"Sphere and 2 Shapes","floor":42,"turns":4},{"damage":9,"enemies":"Reptomancer","floor":45,"turns":6},{"damage":11,"enemies":"Transient","floor":46,"turns":5},{"damage":0,"enemies":"Awakened One","floor":50,"turns":11}],"seed_played":"-4243992449799808462","potions_obtained":[{"floor":1,"key":"Poison Potion"},{"floor":4,"key":"Weak Potion"},{"floor":11,"key":"Ancient Potion"},{"floor":13,"key":"Explosive Potion"},{"floor":28,"key":"EssenceOfSteel"},{"floor":31,"key":"SteroidPotion"},{"floor":37,"key":"Block Potion"},{"floor":45,"key":"LiquidBronze"},{"floor":48,"key":"SpeedPotion"},{"floor":48,"key":"Ancient Potion"},{"floor":48,"key":"EntropicBrew"}],"is_trial":false,"path_per_floor":["?","?","?","?","?","?","?","?"],"character_chosen":"THE_SILENT","items_purchased":["Backflip","Juzu Bracelet","Dash","Strength Potion","SteroidPotion"],"campfire_rested":5,"item_purchase_floors":[10,10,25,38,38],"current_hp_per_floor":[63,68,68,68,68,44,44,44,44,44,18,38,38,38,38,34,60,60,60,48,48,32,17,17,17,17,38,38,59,53,47,47,27,62,62,62,57,57,34,55,55,53,53,53,54,43,43,43,67,67],"gold":240,"neow_bonus":"TRANSFORM_TWO_CARDS","is_prod":false,"is_daily":false,"chose_seed":false,"campfire_upgraded":5,"win_rate":0,"timestamp":1553823182,"path_taken":["M","?","?","M","M","E","R","M","T","$","E","R","E","M","R","BOSS","M","?","?","?","?","E","M","$","T","R","M","R","M","M","R","BOSS","M","?","M","$","M","R","E","M","T","R","E","M","R","?","R","BOSS"],"build_version":"2019-01-23","purchased_purges":2,"victory":true,"max_hp_per_floor":[63,68,68,68,68,68,68,68,68,68,68,68,68,68,68,68,68,68,68,73,73,73,73,73,73,73,73,73,73,73,73,73,73,73,73,73,73,73,73,73,73,73,73,73,83,83,83,83,83,83],"card_choices":[{"not_picked":["Riddle With Holes","Prepared","Reflex"],"picked":"SKIP","floor":1},{"not_picked":["Predator","Dagger Spray"],"picked":"Endless Agony","floor":4},{"not_picked":["Dagger Spray","Slice"],"picked":"Backflip","floor":5},{"not_picked":["Bane","Prepared","Underhanded Strike"],"picked":"SKIP","floor":6},{"not_picked":["Tactician","Outmaneuver","Dagger Throw"],"picked":"SKIP","floor":8},{"not_picked":["Backstab","Blade Dance"],"picked":"Well Laid Plans","floor":11},{"not_picked":["Grand Finale","Slice"],"picked":"Backflip","floor":13},{"not_picked":["Well Laid Plans","Outmaneuver"],"picked":"Backflip","floor":14},{"not_picked":["Night Terror","Grand Finale"],"picked":"A Thousand Cuts","floor":16},{"not_picked":["Tactician+1","Leg Sweep","Underhanded Strike+1"],"picked":"SKIP","floor":18},{"not_picked":["Noxious Fumes","Poisoned Stab"],"picked":"Dash","floor":23},{"not_picked":["Prepared","Finisher"],"picked":"Deadly Poison","floor":24},{"not_picked":["Cloak And Dagger","Poisoned Stab","Dagger Spray"],"picked":"SKIP","floor":28},{"not_picked":["Cloak And Dagger+1","Bane"],"picked":"Deadly Poison+1","floor":30},{"not_picked":["Infinite Blades","Reflex","Acrobatics"],"picked":"SKIP","floor":31},{"not_picked":["Corpse Explosion","Unload"],"picked":"Phantasmal Killer","floor":33},{"not_picked":["Sucker Punch+1","Poisoned Stab+1","Flying Knee"],"picked":"SKIP","floor":35},{"not_picked":["All Out Attack","Dagger Throw+1","Blade Dance+1"],"picked":"SKIP","floor":37},{"not_picked":["Finisher+1","Blade Dance"],"picked":"Backflip+1","floor":39},{"not_picked":["Escape Plan","Backflip","Dagger Spray"],"picked":"SKIP","floor":41},{"not_picked":["Sucker Punch","Noxious Fumes+1"],"picked":"Crippling Poison+1","floor":42},{"not_picked":["Outmaneuver","Doppelganger","Accuracy+1"],"picked":"SKIP","floor":45},{"not_picked":["Riddle With Holes+1","Calculated Gamble"],"picked":"PiercingWail+1","floor":46}],"player_experience":341044,"relics_obtained":[{"floor":6,"key":"Omamori"},{"floor":9,"key":"Kunai"},{"floor":11,"key":"Ginger"},{"floor":13,"key":"Ornamental Fan"},{"floor":22,"key":"Necronomicon"},{"floor":23,"key":"Bronze Scales"},{"floor":26,"key":"Potion Belt"},{"floor":41,"key":"Du-Vu Doll"},{"floor":43,"key":"Bag of Preparation"},{"floor":45,"key":"Pear"}],"event_choices":[{"damage_healed":0,"gold_gain":0,"player_choice":"Donut","damage_taken":0,"max_hp_gain":5,"max_hp_loss":0,"event_name":"Big Fish","floor":2,"gold_loss":0},{"damage_healed":0,"gold_gain":0,"cards_transformed":["Strike_G"],"player_choice":"Change","damage_taken":0,"max_hp_gain":0,"max_hp_loss":0,"event_name":"Living Wall","floor":3,"gold_loss":0,"cards_obtained":["Flechettes"]},{"damage_healed":0,"gold_gain":0,"player_choice":"Obtained Relic","damage_taken":0,"relics_obtained":["Mummified Hand"],"max_hp_gain":0,"max_hp_loss":0,"event_name":"Addict","floor":19,"gold_loss":85},{"damage_healed":0,"gold_gain":0,"player_choice":"Shed Blood","damage_taken":17,"max_hp_gain":5,"max_hp_loss":0,"event_name":"Forgotten Altar","floor":20,"gold_loss":0},{"damage_healed":0,"gold_gain":100,"player_choice":"Pray","damage_taken":0,"max_hp_gain":0,"max_hp_loss":0,"event_name":"Golden Shrine","floor":21,"gold_loss":0},{"damage_healed":0,"gold_gain":0,"player_choice":"Obtained Book","damage_taken":16,"max_hp_gain":0,"max_hp_loss":0,"event_name":"Cursed Tome","floor":22,"gold_loss":0},{"cards_removed":["A Thousand Cuts"],"damage_healed":0,"gold_gain":0,"player_choice":"Removed Power","damage_taken":0,"max_hp_gain":0,"max_hp_loss":0,"event_name":"Falling","floor":36,"gold_loss":0},{"damage_healed":0,"gold_gain":0,"player_choice":"Got Potions","damage_taken":0,"max_hp_gain":0,"max_hp_loss":0,"event_name":"Lab","floor":48,"gold_loss":0}],"is_beta":false,"boss_relics":[{"not_picked":["Tiny House","Orrery"],"picked":"Velvet Choker"},{"not_picked":["Runic Pyramid","Lizard Tail"],"picked":"Cursed Key"}],"items_purged_floors":[25,38],"is_endless":false,"potions_floor_spawned":[1,4,11,13,18,24,28,31,37,39,45],"ascension_level":7}