{"gold_per_floor":[116,116,81,4,15,15,28,28,51,86,26,26,40,75,75,75],"floor_reached":16,"playtime":427,"items_purged":["Defend_B"],"score":146,"play_id":"4fa3f6ee-1b0c-4857-b565-fdebec9d3c76","local_time":"20180925151734","is_ascension_mode":true,"campfire_choices":[{"data":"Streamline","floor":6,"key":"SMITH"},{"data":"FTL","floor":8,"key":"SMITH"},{"floor":15,"key":"REST"}],"neow_cost":"PERCENT_DAMAGE","seed_source_timestamp":360683405850983,"circlet_count":0,"master_deck":["Strike_B","Strike_B","Strike_B","Strike_B","Defend_B","Defend_B","Dualcast","Streamline+1","FTL+1","Skim","Rebound"],"relics":["Cracked Core","Orichalcum","The Courier","Golden Idol","Omamori"],"potions_floor_usage":[10,14],"damage_taken":[{"damage":0,"enemies":"2 Louse","floor":1,"turns":3},{"damage":0,"enemies":"Cultist","floor":5,"turns":2},{"damage":12,"enemies":"Jaw Worm","floor":7,"turns":2},{"damage":19,"enemies":"3 Sentries","floor":10,"turns":7},{"damage":5,"enemies":"Looter","floor":13,"turns":2},{"damage":0,"enemies":"Gremlin Nob","floor":14,"turns":3},{"damage":63,"enemies":"The Guardian","floor":16,"turns":7}],"seed_played":"-8263788478619654552","potions_obtained":[{"floor":5,"key":"SteroidPotion"},{"floor":7,"key":"SpeedPotion"}],"is_trial":false,"path_per_floor":["M","?","?","$","M","R","M","R","T","E","$","?","M","E","R"],"character_chosen":"DEFECT","items_purchased":["FTL"],"campfire_rested":1,"item_purchase_floors":[4],"current_hp_per_floor":[54,54,72,72,72,72,60,60,60,41,41,41,36,36,56,0],"gold":75,"neow_bonus":"REMOVE_TWO","is_prod":false,"is_daily":false,"chose_seed":false,"campfire_upgraded":2,"win_rate":0,"timestamp":1537903054,"path_taken":["M","?","?","$","M","R","?","R","T","E","?","?","M","E","R","BOSS"],"build_version":"2018-09-20","purchased_purges":1,"victory":false,"max_hp_per_floor":[75,75,75,75,75,75,75,75,75,75,75,69,69,69,69,69],"card_choices":[{"not_picked":["Go for the Eyes","Lockon"],"picked":"Streamline","floor":1},{"not_picked":["Recycle","Hello World","Defragment"],"picked":"SKIP","floor":5},{"not_picked":["Redo","Barrage","Lockon"],"picked":"SKIP","floor":7},{"not_picked":["Coolheaded","Reprogram"],"picked":"Skim","floor":10},{"not_picked":["Double Energy","Steam"],"picked":"Rebound","floor":13},{"not_picked":["Turbo","Recycle","Heatsinks"],"picked":"SKIP","floor":14}],"player_experience":413007,"relics_obtained":[{"floor":9,"key":"Orichalcum"},{"floor":10,"key":"The Courier"},{"floor":14,"key":"Omamori"}],"event_choices":[{"event_name":"The Woman in Blue","player_choice":"Bought 0 Potions","floor":2,"damage_taken":0},{"event_name":"The Cleric","player_choice":"Healed","floor":3,"damage_taken":0},{"event_name":"Golden Idol","player_choice":"Lose Max HP","floor":12,"damage_taken":0}],"is_beta":false,"boss_relics":[],"items_purged_floors":[11],"is_endless":false,"potions_floor_spawned":[5,7],"killed_by":"The Guardian","ascension_level":2}