{"gold_per_floor":[119,130,140,157,157,157,171,171,196,227,227,6,6,16,16,115,115,131,142,142,108,121,121,139,150,196,196],"floor_reached":27,"playtime":2053,"items_purged":["Defend_R"],"score":217,"play_id":"25f4a0b8-4ebf-4eaa-ab5c-dce347584edf","local_time":"20180704133735","is_ascension_mode":false,"campfire_choices":[{"floor":6,"key":"REST"},{"data":"Reaper","floor":8,"key":"SMITH"},{"floor":13,"key":"REST"},{"floor":15,"key":"REST"},{"data":"Searing Blow+1","floor":23,"key":"SMITH"}],"neow_cost":"FIFTY_PERCENT_DAMAGE","seed_source_timestamp":1163896555310649,"circlet_count":0,"master_deck":["Strike_R+1","Strike_R","Bash","Anger","Flex","Perfected Strike","Infernal Blade+1","Reaper+1","Perfected Strike","Feed","Iron Wave","Offering","Demon Form+1","Searing Blow+2","Sever Soul+1","Pummel+1","Burning Pact","Rampage","Headbutt+1","Sever Soul","Ghostly Armor+1"],"relics":["Burning Blood","Lantern","Boot","Astrolabe","Nilry\u0027s Codex","Whetstone"],"potions_floor_usage":[7,16,16],"damage_taken":[{"damage":5,"enemies":"Cultist","floor":1,"turns":4},{"damage":16,"enemies":"Jaw Worm","floor":2,"turns":4},{"damage":8,"enemies":"2 Louse","floor":3,"turns":3},{"damage":15,"enemies":"Large Slime","floor":4,"turns":6},{"damage":9,"enemies":"3 Louse","floor":7,"turns":4},{"damage":21,"enemies":"Lagavulin","floor":10,"turns":4},{"damage":12,"enemies":"Blue Slaver","floor":14,"turns":2},{"damage":40,"enemies":"Slime Boss","floor":16,"turns":9},{"damage":14,"enemies":"Chosen","floor":18,"turns":3},{"damage":14,"enemies":"Spheric Guardian","floor":19,"turns":3},{"damage":27,"enemies":"Cultist and Chosen","floor":22,"turns":5},{"damage":41,"enemies":"Centurion and Healer","floor":24,"turns":4},{"damage":29,"enemies":"Sentry and Sphere","floor":25,"turns":4},{"damage":31,"enemies":"3 Cultists","floor":27,"turns":4}],"seed_played":"-3834849248563518779","potions_obtained":[{"floor":2,"key":"Regen Potion"},{"floor":3,"key":"SpeedPotion"},{"floor":4,"key":"AttackPotion"},{"floor":19,"key":"FearPotion"},{"floor":24,"key":"SkillPotion"}],"is_trial":false,"path_per_floor":["M","M","M","M","?","R","M","R","T","E","?","$","R","M","R","B",null,"M","M","?","$","M","R","M","M","T"],"character_chosen":"IRONCLAD","items_purchased":["Feed","Rampage"],"campfire_rested":3,"item_purchase_floors":[12,21],"current_hp_per_floor":[41,31,29,20,20,44,53,53,53,38,31,31,55,52,76,47,83,83,78,62,62,55,55,27,13,13,0],"gold":196,"neow_bonus":"REMOVE_TWO","is_prod":false,"is_daily":false,"chose_seed":false,"campfire_upgraded":2,"win_rate":0.0,"timestamp":1530725855,"path_taken":["M","M","?","M","?","R","M","R","T","E","?","$","R","M","R","BOSS","M","M","?","$","M","R","M","M","T","M"],"build_version":"2018-06-28","purchased_purges":1,"victory":false,"max_hp_per_floor":[80,80,80,80,80,80,80,80,80,80,80,80,80,83,83,83,83,83,86,86,86,86,86,86,86,86,86],"card_choices":[{"not_picked":["True Grit","Dual Wield"],"picked":"Anger","floor":1},{"not_picked":["Thunderclap","Intimidate"],"picked":"Flex","floor":2},{"not_picked":["True Grit","Rampage"],"picked":"Perfected Strike","floor":3},{"not_picked":["Flex","True Grit"],"picked":"Infernal Blade","floor":4},{"not_picked":["Second Wind","Intimidate"],"picked":"Reaper","floor":7},{"not_picked":["Berserk","Shrug It Off"],"picked":"Perfected Strike","floor":10},{"not_picked":["Armaments","Burning Pact"],"picked":"Iron Wave","floor":14},{"not_picked":["Brutality","Fiend Fire"],"picked":"Offering","floor":16},{"not_picked":["Feel No Pain","Twin Strike+1"],"picked":"Pummel","floor":18},{"not_picked":["Warcry","Perfected Strike+1"],"picked":"Burning Pact","floor":19},{"not_picked":["Seeing Red","Bloodletting"],"picked":"Headbutt+1","floor":22},{"not_picked":["Thunderclap","Rampage+1"],"picked":"Sever Soul","floor":24},{"not_picked":["Uppercut","Sword Boomerang"],"picked":"Ghostly Armor+1","floor":25}],"player_experience":5913,"relics_obtained":[{"floor":9,"key":"Lantern"},{"floor":10,"key":"Boot"},{"floor":20,"key":"Nilry\u0027s Codex"},{"floor":26,"key":"Whetstone"}],"event_choices":[{"event_name":"Living Wall","player_choice":"Grow","floor":5,"damage_taken":0},{"event_name":"Golden Wing","player_choice":"Card Removal","floor":11,"damage_taken":0},{"event_name":"Cursed Tome","player_choice":"Obtained Book","floor":20,"damage_taken":0}],"boss_relics":[{"not_picked":["Cursed Key","Ectoplasm"],"picked":"Astrolabe"}],"items_purged_floors":[12],"is_endless":false,"potions_floor_spawned":[2,3,4,19,24],"killed_by":"3 Cultists","ascension_level":0}