{"gold_per_floor":[114,124,136,13,29,43,59,70,70,245,245],"floor_reached":11,"playtime":1375,"items_purged":["Defend_R"],"score":69,"play_id":"6f59c73d-23dc-4b51-8f6b-729decfa485f","local_time":"20180706163637","is_ascension_mode":false,"campfire_choices":[],"neow_cost":"NONE","seed_source_timestamp":1348122113628264,"circlet_count":0,"master_deck":["Strike_R","Strike_R","Strike_R","Strike_R","Strike_R","Defend_R","Defend_R","Defend_R","Bash","Thunderclap","Flex","Perfected Strike","Flex","Doubt"],"relics":["Eternal Feather","Bottled Lightning"],"potions_floor_usage":[7,7,8],"damage_taken":[{"damage":9,"enemies":"Cultist","floor":1,"turns":4},{"damage":18,"enemies":"Jaw Worm","floor":2,"turns":3},{"damage":12,"enemies":"Small Slimes","floor":3,"turns":3},{"damage":13,"enemies":"Red Slaver","floor":5,"turns":2},{"damage":13,"enemies":"2 Fungi Beasts","floor":6,"turns":3},{"damage":0,"enemies":"Large Slime","floor":7,"turns":2},{"damage":11,"enemies":"Lots of Slimes","floor":8,"turns":3},{"damage":14,"enemies":"Blue Slaver","floor":11,"turns":2}],"seed_played":"3045829977804038666","potions_obtained":[{"floor":5,"key":"AttackPotion"},{"floor":6,"key":"SteroidPotion"},{"floor":7,"key":"LiquidBronze"}],"is_trial":false,"path_per_floor":["M","M","M","$","M","M","M","M","T","?"],"character_chosen":"IRONCLAD","items_purchased":["Flex"],"campfire_rested":0,"item_purchase_floors":[4],"current_hp_per_floor":[71,53,41,41,28,15,15,4,4,4,0],"gold":245,"neow_bonus":"BOSS_RELIC","is_prod":false,"is_daily":false,"chose_seed":false,"campfire_upgraded":0,"win_rate":0,"timestamp":1530909397,"path_taken":["M","M","M","$","?","M","M","M","T","?","M"],"build_version":"2018-07-05","purchased_purges":1,"victory":false,"max_hp_per_floor":[80,80,80,80,80,80,80,80,80,80,80],"card_choices":[{"not_picked":["Heavy Blade","Evolve"],"picked":"Thunderclap","floor":1},{"not_picked":["Sentinel","Clothesline","Pummel"],"picked":"SKIP","floor":2},{"not_picked":["True Grit","Clothesline","Entrench"],"picked":"SKIP","floor":3},{"not_picked":["True Grit","Pommel Strike"],"picked":"Perfected Strike","floor":5},{"not_picked":["Rampage","Burning Pact","Clothesline"],"picked":"SKIP","floor":6},{"not_picked":["Hemokinesis","Warcry","True Grit"],"picked":"SKIP","floor":7},{"not_picked":["Shrug It Off","Second Wind"],"picked":"Flex","floor":8}],"player_experience":102306,"relics_obtained":[{"floor":9,"key":"Bottled Lightning"}],"event_choices":[{"event_name":"Liars Game","player_choice":"agreed","floor":10,"damage_taken":0}],"boss_relics":[],"items_purged_floors":[4],"is_endless":false,"potions_floor_spawned":[5,6,7],"killed_by":"Blue Slaver","ascension_level":0}