{"gold_per_floor":[110,110,126,51,51,51,66,66,147,147,72,83,83,97,97,194,194,211,310,270,101,101,101,116,127,182,200,200,200,219,230,230,230],"floor_reached":33,"playtime":954,"items_purged":["Pain","Defend_R"],"score":261,"play_id":"c541a83a-5424-4828-951b-e570f6f331f3","local_time":"20180923024745","is_ascension_mode":true,"campfire_choices":[{"data":"Bludgeon","floor":6,"key":"SMITH"},{"data":"Bash","floor":8,"key":"SMITH"},{"data":"Sword Boomerang","floor":13,"key":"SMITH"},{"floor":15,"key":"REST"},{"data":"Whirlwind","floor":23,"key":"SMITH"},{"floor":28,"key":"REST"},{"floor":32,"key":"REST"}],"neow_cost":"NONE","seed_source_timestamp":142363660196521,"circlet_count":0,"master_deck":["Strike_R","Strike_R","Strike_R+1","Strike_R+1","Strike_R","Defend_R+1","Defend_R+1","Bash+1","Sword Boomerang+1","Bludgeon+1","Shrug It Off","Bludgeon","Whirlwind+1","Writhe","Decay"],"relics":["Burning Blood","War Paint","WarpedTongs","Paper Frog","Busted Crown","Strawberry","Happy Flower"],"potions_floor_usage":[16,16,18,24,25,30,33,33,33],"damage_taken":[{"damage":16,"enemies":"2 Louse","floor":1,"turns":3},{"damage":3,"enemies":"Cultist","floor":3,"turns":3},{"damage":7,"enemies":"Small Slimes","floor":7,"turns":2},{"damage":11,"enemies":"Looter","floor":12,"turns":2},{"damage":7,"enemies":"2 Fungi Beasts","floor":14,"turns":3},{"damage":34,"enemies":"The Guardian","floor":16,"turns":4},{"damage":0,"enemies":"Spheric Guardian","floor":18,"turns":1},{"damage":22,"enemies":"2 Thieves","floor":24,"turns":3},{"damage":34,"enemies":"Centurion and Healer","floor":25,"turns":4},{"damage":22,"enemies":"3 Cultists","floor":27,"turns":4},{"damage":18,"enemies":"Snake Plant","floor":30,"turns":2},{"damage":13,"enemies":"Sentry and Sphere","floor":31,"turns":3},{"damage":81,"enemies":"Automaton","floor":33,"turns":6}],"seed_played":"-7581390079447953293","potions_obtained":[{"floor":1,"key":"LiquidBronze"},{"floor":7,"key":"SteroidPotion"},{"floor":14,"key":"Energy Potion"},{"floor":20,"key":"SneckoOil"},{"floor":20,"key":"LiquidBronze"},{"floor":20,"key":"Weak Potion"},{"floor":27,"key":"Poison Potion"},{"floor":30,"key":"Weak Potion"},{"floor":31,"key":"PowerPotion"}],"is_trial":false,"path_per_floor":["M","?","M","$","?","R","M","R","T","?","$","M","R","M","R","B",null,"M","?","?","$","?","R","M","M","T","M","R","?","M","M","R"],"character_chosen":"IRONCLAD","items_purchased":["Bludgeon","Whirlwind"],"campfire_rested":3,"item_purchase_floors":[4,21],"current_hp_per_floor":[70,70,73,73,57,57,56,56,56,49,49,44,44,43,67,39,80,80,80,80,80,87,87,71,43,43,27,53,53,41,34,60,0],"gold":230,"neow_bonus":"RANDOM_COMMON_RELIC","is_prod":false,"is_daily":false,"chose_seed":false,"campfire_upgraded":4,"win_rate":0,"timestamp":1537685265,"path_taken":["M","?","M","$","?","R","?","R","T","?","$","M","R","?","R","BOSS","M","?","?","$","?","R","M","?","T","M","R","?","M","M","R","BOSS"],"build_version":"2018-09-20","purchased_purges":2,"victory":false,"max_hp_per_floor":[80,80,80,80,80,80,80,80,80,80,80,80,80,80,80,80,80,80,80,80,80,87,87,87,87,87,87,87,87,87,87,87,87],"card_choices":[{"not_picked":["Rage","True Grit","Combust"],"picked":"SKIP","floor":1},{"not_picked":["Wild Strike","Intimidate"],"picked":"Sword Boomerang","floor":3},{"not_picked":["Sword Boomerang","True Grit","Havoc"],"picked":"SKIP","floor":7},{"not_picked":["Anger","Sword Boomerang","Warcry"],"picked":"SKIP","floor":12},{"not_picked":["Combust","Iron Wave"],"picked":"Shrug It Off","floor":14},{"not_picked":["Berserk","Double Tap"],"picked":"Bludgeon","floor":16},{"not_picked":["Sentinel"],"picked":"SKIP","floor":18},{"not_picked":["Sentinel"],"picked":"SKIP","floor":24},{"not_picked":["Warcry"],"picked":"SKIP","floor":25},{"not_picked":["Uppercut+1"],"picked":"SKIP","floor":27},{"not_picked":["Heavy Blade"],"picked":"SKIP","floor":30},{"not_picked":["Dual Wield"],"picked":"SKIP","floor":31}],"player_experience":382416,"relics_obtained":[{"floor":9,"key":"Paper Frog"},{"floor":26,"key":"Happy Flower"}],"event_choices":[{"event_name":"Accursed Blacksmith","player_choice":"Rummage","floor":2,"damage_taken":0},{"event_name":"Shining Light","player_choice":"Entered Light","floor":5,"damage_taken":0},{"event_name":"Golden Wing","player_choice":"Card Removal","floor":10,"damage_taken":0},{"event_name":"Nest","player_choice":"Stole From Cult","floor":19,"damage_taken":0},{"event_name":"The Woman in Blue","player_choice":"Bought 3 Potions","floor":20,"damage_taken":0},{"event_name":"The Mausoleum","player_choice":"Yes","floor":22,"damage_taken":0},{"event_name":"Forgotten Altar","player_choice":"Smashed Altar","floor":29,"damage_taken":0}],"is_beta":false,"boss_relics":[{"not_picked":["Philosopher\u0027s Stone","Runic Pyramid"],"picked":"Busted Crown"}],"items_purged_floors":[11,21],"is_endless":false,"potions_floor_spawned":[1,7,14,27,30,31],"killed_by":"Automaton","ascension_level":2}