{"gold_per_floor":[116,116,136,136,136,136,168,168,224,250,200,212,35,90,102,210,222,222,222,222,222,222,222,222,222,222,222,222,222,222,222,222,222,222,222,177,177,177,177,177,177,177,177,147,147,147,147,0,0,0],"floor_reached":51,"playtime":3087,"items_purged":["Decay"],"score":1121,"play_id":"9bf0015a-6087-4266-a858-3b31b80b63f4","local_time":"20190327212008","is_ascension_mode":true,"campfire_choices":[{"data":"Bash","floor":6,"key":"SMITH"},{"data":"True Grit","floor":8,"key":"SMITH"},{"data":"True Grit","floor":15,"key":"SMITH"},{"floor":23,"key":"REST"},{"floor":27,"key":"REST"},{"floor":32,"key":"REST"},{"data":"Disarm","floor":40,"key":"SMITH"},{"data":"Impervious","floor":46,"key":"SMITH"},{"data":"Disarm","floor":49,"key":"SMITH"}],"neow_cost":"NONE","seed_source_timestamp":32964075895200,"circlet_count":0,"master_deck":["AscendersBane","Defend_R","Defend_R","Defend_R","Defend_R","Bash+1","True Grit+1","Sword Boomerang","Pummel","Offering","Anger","True Grit+1","Feel No Pain","Offering","Barricade","Disarm+1","Armaments+1","Shockwave+1","Bludgeon","Pummel","Inflame","Shrug It Off","Spot Weakness+1","Feed","Shrug It Off","Impervious+1","Uppercut","Disarm+1","Flame Barrier"],"relics":["Burning Blood","NeowsBlessing","Pocketwatch","Red Skull","Tiny Chest","Oddly Smooth Stone","MawBank","Ectoplasm","Bag of Preparation","Unceasing Top","Nunchaku","Juzu Bracelet","Sozu","FossilizedHelix","The Courier","Centennial Puzzle"],"potions_floor_usage":[10,14,24,33],"damage_taken":[{"damage":0,"enemies":"2 Louse","floor":1,"turns":1},{"damage":0,"enemies":"Cultist","floor":3,"turns":1},{"damage":0,"enemies":"Lagavulin","floor":7,"turns":1},{"damage":19,"enemies":"Gremlin Nob","floor":10,"turns":4},{"damage":0,"enemies":"Jaw Worm","floor":12,"turns":5},{"damage":14,"enemies":"Gremlin Nob","floor":14,"turns":3},{"damage":58,"enemies":"The Guardian","floor":16,"turns":10},{"damage":23,"enemies":"Spheric Guardian","floor":18,"turns":8},{"damage":12,"enemies":"3 Byrds","floor":21,"turns":6},{"damage":32,"enemies":"Gremlin Leader","floor":24,"turns":10},{"damage":27,"enemies":"Book of Stabbing","floor":28,"turns":4},{"damage":9,"enemies":"Centurion and Healer","floor":29,"turns":4},{"damage":11,"enemies":"Snake Plant","floor":30,"turns":3},{"damage":6,"enemies":"Chosen and Byrds","floor":31,"turns":5},{"damage":39,"enemies":"Automaton","floor":33,"turns":8},{"damage":0,"enemies":"3 Shapes","floor":35,"turns":6},{"damage":0,"enemies":"Mind Bloom Boss Battle","floor":37,"turns":7},{"damage":11,"enemies":"3 Darklings","floor":42,"turns":4},{"damage":6,"enemies":"Maw","floor":45,"turns":8},{"damage":6,"enemies":"Transient","floor":47,"turns":5},{"damage":12,"enemies":"Awakened One","floor":50,"turns":16}],"seed_played":"-2544914394143159982","potions_obtained":[{"floor":1,"key":"Weak Potion"},{"floor":3,"key":"Explosive Potion"},{"floor":12,"key":"Ancient Potion"},{"floor":14,"key":"FearPotion"},{"floor":21,"key":"BloodPotion"},{"floor":24,"key":"Explosive Potion"},{"floor":31,"key":"SteroidPotion"},{"floor":33,"key":"AttackPotion"}],"is_trial":false,"path_per_floor":["?","M","?","?","?","?","?","?","M","T","?","?","?","?","?","$"],"character_chosen":"IRONCLAD","items_purchased":["True Grit","Feel No Pain","Shrug It Off","Uppercut","Flame Barrier","Centennial Puzzle"],"campfire_rested":3,"item_purchase_floors":[13,13,36,44,48,48],"current_hp_per_floor":[78,78,80,85,82,82,85,85,85,72,72,78,78,70,70,18,68,51,51,51,45,45,70,44,44,44,69,48,45,40,40,65,32,72,81,81,90,90,90,90,90,85,85,85,88,88,88,88,88,82],"gold":0,"neow_bonus":"THREE_ENEMY_KILL","is_prod":false,"is_daily":false,"chose_seed":false,"campfire_upgraded":6,"win_rate":0,"timestamp":1553736008,"path_taken":["M","?","?","?","?","R","E","R","T","E","?","M","$","?","R","BOSS","M","?","?","?","?","R","E","?","T","R","E","M","M","M","R","BOSS","M","$","?","?","?","R","?","M","T","?","M","R","M","$","R","BOSS"],"build_version":"2019-01-23","purchased_purges":1,"victory":true,"max_hp_per_floor":[80,80,80,85,85,85,85,85,85,85,85,85,85,85,85,85,85,85,85,85,85,85,85,85,85,85,85,85,85,85,85,85,85,85,88,88,91,91,91,91,91,91,91,91,94,94,94,94,94,94],"card_choices":[{"not_picked":["Metallicize","Power Through"],"picked":"True Grit","floor":1},{"not_picked":["Iron Wave","Thunderclap"],"picked":"Sword Boomerang","floor":3},{"not_picked":["Dual Wield","Sever Soul"],"picked":"Pummel","floor":7},{"not_picked":["True Grit","Battle Trance"],"picked":"Offering","floor":10},{"not_picked":["True Grit","Sentinel"],"picked":"Anger","floor":12},{"not_picked":["Heavy Blade","Twin Strike"],"picked":"Offering","floor":14},{"not_picked":["Bludgeon","Berserk"],"picked":"Barricade","floor":16},{"not_picked":["Body Slam","Cleave"],"picked":"Disarm","floor":18},{"not_picked":["Sentinel+1","Body Slam"],"picked":"Armaments+1","floor":21},{"not_picked":["Thunderclap","Blood for Blood"],"picked":"Shockwave+1","floor":24},{"not_picked":["Pommel Strike","Cleave+1"],"picked":"Inflame","floor":28},{"not_picked":["Warcry","Clothesline"],"picked":"Shrug It Off","floor":29},{"not_picked":["Havoc","Twin Strike","Thunderclap"],"picked":"SKIP","floor":30},{"not_picked":["Inflame","Thunderclap"],"picked":"Spot Weakness+1","floor":31},{"not_picked":["Berserk","Dark Embrace"],"picked":"Feed","floor":33},{"not_picked":["Anger+1","Headbutt","Body Slam"],"picked":"SKIP","floor":35},{"not_picked":["Cleave+1","Wild Strike+1"],"picked":"Impervious","floor":42},{"not_picked":["Havoc","Blood for Blood+1","Heavy Blade+1"],"picked":"SKIP","floor":45},{"not_picked":["Corruption","Headbutt"],"picked":"Disarm","floor":47}],"player_experience":327678,"relics_obtained":[{"floor":7,"key":"Red Skull"},{"floor":9,"key":"Tiny Chest"},{"floor":10,"key":"Oddly Smooth Stone"},{"floor":14,"key":"MawBank"},{"floor":22,"key":"Bag of Preparation"},{"floor":24,"key":"Unceasing Top"},{"floor":26,"key":"Nunchaku"},{"floor":28,"key":"Juzu Bracelet"},{"floor":37,"key":"FossilizedHelix"},{"floor":43,"key":"The Courier"}],"event_choices":[{"damage_healed":0,"gold_gain":0,"player_choice":"Cursed","damage_taken":0,"max_hp_gain":0,"max_hp_loss":0,"event_name":"Wheel of Change","floor":2,"gold_loss":0,"cards_obtained":["Decay"]},{"damage_healed":0,"gold_gain":0,"player_choice":"Donut","damage_taken":0,"max_hp_gain":5,"max_hp_loss":0,"event_name":"Big Fish","floor":4,"gold_loss":0},{"damage_healed":0,"gold_gain":0,"player_choice":"Success","damage_taken":3,"relics_obtained":["Pocketwatch"],"max_hp_gain":0,"max_hp_loss":0,"event_name":"Scrap Ooze","floor":5,"gold_loss":0},{"cards_removed":["Strike_R"],"damage_healed":0,"gold_gain":0,"player_choice":"Card Removal","damage_taken":0,"max_hp_gain":0,"max_hp_loss":0,"event_name":"The Cleric","floor":11,"gold_loss":50},{"damage_healed":0,"gold_gain":0,"player_choice":"Searched \u00271\u0027 times","damage_taken":0,"max_hp_gain":0,"max_hp_loss":0,"event_name":"Dead Adventurer","floor":14,"gold_loss":0},{"damage_healed":0,"gold_gain":0,"player_choice":"Ignored","damage_taken":0,"max_hp_gain":0,"max_hp_loss":0,"event_name":"Beggar","floor":19,"gold_loss":0},{"damage_healed":0,"gold_gain":0,"player_choice":"Ignored","damage_taken":0,"max_hp_gain":0,"max_hp_loss":0,"event_name":"N\u0027loth","floor":20,"gold_loss":0},{"damage_healed":0,"gold_gain":0,"cards_transformed":["Strike_R","Strike_R"],"player_choice":"Became Test Subject","damage_taken":0,"max_hp_gain":0,"max_hp_loss":0,"event_name":"Drug Dealer","floor":25,"gold_loss":0,"cards_obtained":["Bludgeon","Pummel"]},{"damage_healed":0,"gold_gain":0,"player_choice":"Fight","damage_taken":0,"max_hp_gain":0,"max_hp_loss":0,"event_name":"MindBloom","floor":37,"gold_loss":0},{"cards_removed":["Strike_R"],"damage_healed":0,"gold_gain":0,"player_choice":"Purged","damage_taken":0,"max_hp_gain":0,"max_hp_loss":0,"event_name":"Purifier","floor":38,"gold_loss":0},{"cards_removed":["Strike_R"],"damage_healed":0,"gold_gain":0,"player_choice":"Removed Attack","damage_taken":0,"max_hp_gain":0,"max_hp_loss":0,"event_name":"Falling","floor":39,"gold_loss":0},{"damage_healed":0,"gold_gain":0,"player_choice":"Ignored","damage_taken":0,"max_hp_gain":0,"max_hp_loss":0,"event_name":"Tomb of Lord Red Mask","floor":41,"gold_loss":0}],"is_beta":false,"boss_relics":[{"not_picked":["Empty Cage","Coffee Dripper"],"picked":"Ectoplasm"},{"not_picked":["Mark of Pain","Runic Pyramid"],"picked":"Sozu"}],"items_purged_floors":[13],"is_endless":false,"potions_floor_spawned":[1,3,12,14,21,24,31,33,37,42,47],"ascension_level":10}