{"gold_per_floor":[115,115,135,154,165,165,195,195,221,221,241,241,267,115,115,217,247,261,86,1,1,26,26,42,42,42,54,67,17,17,30,30,129,129,147,161,38,52,71,71,84,84,84,84,34,34,34,49,49,49],"floor_reached":51,"playtime":1557,"items_purged":["Defend_B","Fission","Zap","Dualcast","Defend_B"],"score":732,"play_id":"5f71bc0d-36d7-4831-8d98-21cf3b5339b3","local_time":"20180712003058","is_ascension_mode":false,"campfire_choices":[{"data":"Gash","floor":6,"key":"SMITH"},{"data":"Gash","floor":8,"key":"SMITH"},{"data":"Hologram","floor":10,"key":"SMITH"},{"floor":15,"key":"REST"},{"data":"1","floor":23,"key":"LIFT"},{"data":"2","floor":32,"key":"LIFT"},{"floor":40,"key":"REST"},{"data":"3","floor":42,"key":"LIFT"},{"data":"Scrape","floor":44,"key":"SMITH"},{"data":"Scrape","floor":47,"key":"SMITH"},{"data":"Scrape","floor":49,"key":"SMITH"}],"neow_cost":"NONE","seed_source_timestamp":58096110430495,"circlet_count":0,"master_deck":["Strike_B","Strike_B","Strike_B","Strike_B","Defend_B","Defend_B","Gash+1","Beam Cell","Hologram+1","Gash+1","FTL","FTL+1","Steam Power","Gash","Scrape+1","Gash+1","Scrape+1","Scrape+1","Gash+1"],"relics":["Cracked Core","Omamori","Art of War","Lantern","Happy Flower","Tiny House","Girya","Centennial Puzzle","Smiling Mask","Nuclear Battery","Matryoshka"],"potions_floor_usage":[7,7,18,27,31,33,33,33,33,50,50],"damage_taken":[{"damage":9,"enemies":"2 Louse","floor":1,"turns":3},{"damage":9,"enemies":"Small Slimes","floor":3,"turns":3},{"damage":2,"enemies":"Jaw Worm","floor":4,"turns":4},{"damage":12,"enemies":"Red Slaver","floor":5,"turns":3},{"damage":12,"enemies":"Gremlin Nob","floor":7,"turns":3},{"damage":2,"enemies":"2 Fungi Beasts","floor":11,"turns":3},{"damage":9,"enemies":"3 Sentries","floor":13,"turns":6},{"damage":28,"enemies":"Hexaghost","floor":16,"turns":8},{"damage":0,"enemies":"Spheric Guardian","floor":18,"turns":3},{"damage":2,"enemies":"Shell Parasite","floor":24,"turns":2},{"damage":10,"enemies":"Centurion and Healer","floor":27,"turns":3},{"damage":7,"enemies":"Slaver and Parasite","floor":28,"turns":3},{"damage":3,"enemies":"Snecko","floor":31,"turns":3},{"damage":30,"enemies":"Collector","floor":33,"turns":4},{"damage":29,"enemies":"3 Shapes","floor":35,"turns":3},{"damage":0,"enemies":"Orb Walker","floor":36,"turns":2},{"damage":9,"enemies":"4 Shapes","floor":38,"turns":2},{"damage":5,"enemies":"Maw","floor":39,"turns":4},{"damage":6,"enemies":"3 Darklings","floor":41,"turns":2},{"damage":4,"enemies":"Sphere and 2 Shapes","floor":48,"turns":1},{"damage":59,"enemies":"Awakened One","floor":50,"turns":5}],"seed_played":"1818403331405025195","potions_obtained":[{"floor":4,"key":"Explosive Potion"},{"floor":5,"key":"AttackPotion"},{"floor":11,"key":"SpeedPotion"},{"floor":13,"key":"Energy Potion"},{"floor":17,"key":"PowerPotion"},{"floor":27,"key":"Poison Potion"},{"floor":28,"key":"Ancient Potion"},{"floor":31,"key":"EntropicBrew"},{"floor":35,"key":"Block Potion"},{"floor":39,"key":"Poison Potion"},{"floor":46,"key":"FairyPotion"},{"floor":46,"key":"LiquidBronze"}],"is_trial":false,"path_per_floor":["M","?","M","M","M","R","E","R","T","R","M","?","E","$","R","B",null,"M","$","?","$","T","R","M","?","T","M","M","$","?","M","R","B",null,"M","M","$","M","M","R","M","R","T","R","$","?","R","M","R","B"],"character_chosen":"DEFECT","items_purchased":["Steam Power","Scrape","Scrape"],"campfire_rested":2,"item_purchase_floors":[14,19,37],"current_hp_per_floor":[66,66,57,55,43,43,31,31,31,31,29,29,20,20,42,14,80,80,80,80,80,80,80,78,78,78,68,61,61,61,58,58,28,80,51,51,51,42,37,61,55,55,55,55,55,55,55,51,51,8],"gold":49,"neow_bonus":"ONE_RANDOM_RARE_CARD","is_prod":false,"is_daily":false,"chose_seed":false,"campfire_upgraded":6,"win_rate":0,"timestamp":1531369858,"path_taken":["M","?","M","M","M","R","E","R","T","R","M","?","E","$","R","BOSS","M","$","?","?","?","R","M","?","T","?","?","$","?","M","R","BOSS","M","M","$","M","M","R","M","R","T","R","$","?","R","?","R","BOSS"],"build_version":"2018-07-05","purchased_purges":5,"victory":true,"max_hp_per_floor":[75,75,75,75,75,75,75,75,75,75,75,75,75,75,75,75,80,80,80,80,80,80,80,80,80,80,80,80,80,80,80,80,80,80,80,80,80,80,80,80,80,80,80,80,80,80,80,80,80,80],"card_choices":[{"not_picked":["Redo","Go for the Eyes","Streamline"],"picked":"SKIP","floor":1},{"not_picked":["Blizzard","Force Field"],"picked":"Gash","floor":3},{"not_picked":["Compile Driver","Redo"],"picked":"Beam Cell","floor":4},{"not_picked":["Fusion","Hello World"],"picked":"Hologram","floor":5},{"not_picked":["Biased Cognition","Redo"],"picked":"Gash","floor":7},{"not_picked":["Coolheaded","Stack"],"picked":"FTL","floor":11},{"not_picked":["Rebound","Reprogram"],"picked":"FTL","floor":13},{"not_picked":["Beam Cell","Barrage"],"picked":"Gash","floor":17},{"not_picked":["Storm+1","Sweeping Beam","Go for the Eyes+1"],"picked":"SKIP","floor":18},{"not_picked":["Rebound","Steam","Amplify"],"picked":"SKIP","floor":24},{"not_picked":["Consume","Leap"],"picked":"Gash+1","floor":27},{"not_picked":["Go for the Eyes+1","Melter","Sweeping Beam"],"picked":"SKIP","floor":28},{"not_picked":["Go for the Eyes","Hello World","Hologram"],"picked":"SKIP","floor":31},{"not_picked":["Hologram","Barrage"],"picked":"Scrape","floor":35},{"not_picked":["Cold Snap+1","Consume+1","Streamline+1"],"picked":"SKIP","floor":36},{"not_picked":["Streamline+1","Barrage+1"],"picked":"Gash+1","floor":38},{"not_picked":["Lockon","Static Discharge+1","Loop+1"],"picked":"SKIP","floor":39},{"not_picked":["Stack+1","Hologram","Force Field"],"picked":"SKIP","floor":41},{"not_picked":["Go for the Eyes+1","Conserve Battery","Redo+1"],"picked":"SKIP","floor":48}],"player_experience":233274,"relics_obtained":[{"floor":7,"key":"Art of War"},{"floor":9,"key":"Lantern"},{"floor":13,"key":"Happy Flower"},{"floor":22,"key":"Centennial Puzzle"},{"floor":26,"key":"Smiling Mask"},{"floor":43,"key":"Matryoshka"}],"event_choices":[{"event_name":"Big Fish","player_choice":"Box","floor":2,"damage_taken":0},{"event_name":"Living Wall","player_choice":"Forget","floor":12,"damage_taken":0},{"event_name":"Addict","player_choice":"Obtained Relic","floor":20,"damage_taken":0},{"event_name":"Beggar","player_choice":"Ignored","floor":25,"damage_taken":0},{"event_name":"Ghosts","player_choice":"Ignored","floor":30,"damage_taken":0},{"event_name":"The Lab","player_choice":"Got Potions","floor":46,"damage_taken":0}],"boss_relics":[{"not_picked":["Pandora\u0027s Box","Calling Bell"],"picked":"Tiny House"},{"not_picked":["Black Star","Inserter"],"picked":"Nuclear Battery"}],"items_purged_floors":[14,19,29,37,45],"is_endless":false,"potions_floor_spawned":[4,5,11,13,27,28,31,35,36,39,48],"ascension_level":0}