{"gold_per_floor":[118,118,136,136,136,179,203,223,223,258,258,276,276,295,295,295],"floor_reached":16,"playtime":664,"items_purged":[],"score":146,"play_id":"ecf7c6e9-3949-4b83-b037-4fb35d9077a6","local_time":"20190326171636","is_ascension_mode":true,"campfire_choices":[{"data":"Bash","floor":11,"key":"SMITH"},{"data":"Rampage","floor":13,"key":"SMITH"},{"data":"Body Slam","floor":15,"key":"SMITH"}],"neow_cost":"NONE","seed_source_timestamp":19419867083600,"circlet_count":0,"master_deck":["Strike_R+1","Strike_R","Strike_R","Strike_R","Defend_R","Defend_R+1","Defend_R","Defend_R","Bash+1","Cleave","Headbutt","Rampage+1","Body Slam+1","Carnage","Power Through"],"relics":["Burning Blood","Bag of Marbles","Golden Idol","Paper Frog","Ornamental Fan","Boot"],"potions_floor_usage":[10,16,16],"damage_taken":[{"damage":1,"enemies":"2 Louse","floor":1,"turns":2},{"damage":2,"enemies":"Jaw Worm","floor":3,"turns":3},{"damage":41,"enemies":"3 Sentries","floor":6,"turns":11},{"damage":0,"enemies":"Small Slimes","floor":7,"turns":3},{"damage":16,"enemies":"Blue Slaver","floor":8,"turns":3},{"damage":4,"enemies":"Gremlin Nob","floor":10,"turns":3},{"damage":4,"enemies":"Exordium Wildlife","floor":12,"turns":3},{"damage":4,"enemies":"2 Fungi Beasts","floor":14,"turns":3},{"damage":36,"enemies":"The Guardian","floor":16,"turns":8}],"seed_played":"-2678499148695117478","potions_obtained":[{"floor":7,"key":"Strength Potion"},{"floor":8,"key":"Swift Potion"},{"floor":10,"key":"Block Potion"}],"is_trial":false,"path_per_floor":["?","?","?","M"],"character_chosen":"IRONCLAD","items_purchased":[],"campfire_rested":0,"item_purchase_floors":[],"current_hp_per_floor":[77,61,65,65,65,30,36,26,26,28,28,30,30,32,32,0],"gold":295,"neow_bonus":"RANDOM_COMMON_RELIC","is_prod":false,"is_daily":false,"chose_seed":false,"campfire_upgraded":3,"win_rate":0,"timestamp":1553634996,"path_taken":["M","?","M","?","?","E","?","M","T","E","R","M","R","M","R","BOSS"],"build_version":"2019-01-23","purchased_purges":0,"victory":false,"max_hp_per_floor":[80,80,80,80,74,74,74,74,74,74,74,74,74,74,74,74],"card_choices":[{"not_picked":["Pommel Strike","Clash"],"picked":"Cleave","floor":1},{"not_picked":["Rupture","Armaments"],"picked":"Headbutt","floor":3},{"not_picked":["Flex","Perfected Strike"],"picked":"Rampage","floor":6},{"not_picked":["Heavy Blade","Clash"],"picked":"Body Slam","floor":7},{"not_picked":["Evolve","Bloodletting","Body Slam"],"picked":"SKIP","floor":8},{"not_picked":["Cleave","Dropkick"],"picked":"Carnage","floor":10},{"not_picked":["Rupture","Clothesline"],"picked":"Power Through","floor":12},{"not_picked":["Searing Blow","Warcry","Thunderclap"],"picked":"SKIP","floor":14}],"player_experience":302706,"relics_obtained":[{"floor":6,"key":"Paper Frog"},{"floor":9,"key":"Ornamental Fan"},{"floor":10,"key":"Boot"}],"event_choices":[{"damage_healed":0,"gold_gain":0,"player_choice":"Entered Light","damage_taken":16,"max_hp_gain":0,"max_hp_loss":0,"event_name":"Shining Light","floor":2,"gold_loss":0,"cards_upgraded":["Defend_R","Strike_R"]},{"cards_removed":["Strike_R"],"damage_healed":0,"gold_gain":0,"player_choice":"Forget","damage_taken":0,"max_hp_gain":0,"max_hp_loss":0,"event_name":"Living Wall","floor":4,"gold_loss":0},{"damage_healed":0,"gold_gain":0,"player_choice":"Lose Max HP","damage_taken":0,"relics_obtained":["Golden Idol"],"max_hp_gain":0,"max_hp_loss":6,"event_name":"Golden Idol","floor":5,"gold_loss":0}],"is_beta":false,"boss_relics":[],"items_purged_floors":[],"is_endless":false,"potions_floor_spawned":[7,8,10],"killed_by":"The Guardian","ascension_level":6}