{"gold_per_floor":[366,245,245,245,245,281,281,281,281,297,217,217,217,232,232,361,361,376,376,397,41,41,41,74,94,146,146,146,146],"floor_reached":29,"playtime":4230,"items_purged":["Clumsy","Defend_R","Perfected Strike"],"score":261,"play_id":"70919cad-ac5a-4e9c-bf0b-4f89ff693792","local_time":"20180926162239","is_ascension_mode":true,"campfire_choices":[{"floor":8,"key":"REST"},{"data":"Bludgeon","floor":13,"key":"SMITH"},{"data":"Flex","floor":15,"key":"SMITH"},{"data":"Writhe","floor":23,"key":"PURGE"},{"floor":27,"key":"REST"}],"neow_cost":"CURSE","seed_source_timestamp":447189253387840,"circlet_count":0,"master_deck":["Strike_R","Strike_R","Strike_R","Strike_R+1","Defend_R","Bash+1","Bludgeon+1","Battle Trance","Flex+1","Demon Form","Flex+1","Twin Strike+1","Flex"],"relics":["Burning Blood","Blue Candle","Golden Idol","Dodecahedron","The Courier","Sozu","Peace Pipe","Anchor","Singing Bowl","Regal Pillow"],"potions_floor_usage":[16,24],"damage_taken":[{"damage":14,"enemies":"Jaw Worm","floor":1,"turns":3},{"damage":49,"enemies":"Lagavulin","floor":6,"turns":6},{"damage":0,"enemies":"Cultist","floor":10,"turns":2},{"damage":7,"enemies":"2 Louse","floor":14,"turns":2},{"damage":32,"enemies":"Slime Boss","floor":16,"turns":6},{"damage":17,"enemies":"2 Thieves","floor":18,"turns":3},{"damage":14,"enemies":"Shell Parasite","floor":20,"turns":2},{"damage":27,"enemies":"Gremlin Leader","floor":24,"turns":4},{"damage":22,"enemies":"Shelled Parasite and Fungi","floor":25,"turns":3},{"damage":26,"enemies":"Colosseum Slavers","floor":29,"turns":3},{"damage":45,"enemies":"Colosseum Nobs","floor":29,"turns":3}],"seed_played":"-5304840523032164844","potions_obtained":[{"floor":1,"key":"FairyPotion"},{"floor":14,"key":"Poison Potion"},{"floor":16,"key":"LiquidBronze"}],"is_trial":false,"path_per_floor":["M","$","?","?","?","E","?","R","T","M","$","?","R","M","R","B",null,"M","?","M","$","?","R","E","M","T","R","?"],"character_chosen":"IRONCLAD","items_purchased":["Perfected Strike","Flex","Peace Pipe"],"campfire_rested":2,"item_purchase_floors":[2,21,21],"current_hp_per_floor":[72,72,72,72,72,29,29,51,51,57,57,42,42,41,41,15,74,63,63,55,55,55,55,36,20,20,57,57,0],"gold":146,"neow_bonus":"TWO_FIFTY_GOLD","is_prod":false,"is_daily":false,"chose_seed":false,"campfire_upgraded":2,"win_rate":0,"timestamp":1537993359,"path_taken":["M","$","?","?","?","E","?","R","T","M","$","?","R","M","R","BOSS","M","?","M","$","?","R","E","M","T","R","?","?"],"build_version":"2018-09-20","purchased_purges":3,"victory":false,"max_hp_per_floor":[80,80,80,80,74,74,74,74,74,74,74,74,74,74,74,74,74,74,74,74,74,74,74,76,76,76,76,76,76],"card_choices":[{"not_picked":["Heavy Blade","Wild Strike","Warcry"],"picked":"SKIP","floor":1},{"not_picked":["Carnage","Wild Strike"],"picked":"Bludgeon","floor":6},{"not_picked":["Whirlwind","Clash"],"picked":"Flex","floor":10},{"not_picked":["True Grit","Havoc","Shrug It Off"],"picked":"SKIP","floor":14},{"not_picked":["Impervious","Exhume"],"picked":"Demon Form","floor":16},{"not_picked":["Metallicize+1","Pommel Strike"],"picked":"Flex","floor":18},{"not_picked":["Spot Weakness","Clothesline"],"picked":"Twin Strike+1","floor":20},{"not_picked":["Flex","Fiend Fire","Combust"],"picked":"Singing Bowl","floor":24},{"not_picked":["Clothesline","Seeing Red","Headbutt"],"picked":"SKIP","floor":25}],"player_experience":424490,"relics_obtained":[{"floor":6,"key":"Dodecahedron"},{"floor":9,"key":"The Courier"},{"floor":24,"key":"Singing Bowl"},{"floor":26,"key":"Regal Pillow"}],"event_choices":[{"event_name":"WeMeetAgain","player_choice":"Potion","floor":3,"damage_taken":0},{"event_name":"Living Wall","player_choice":"Forget","floor":4,"damage_taken":0},{"event_name":"Golden Idol","player_choice":"Lose Max HP","floor":5,"damage_taken":0},{"event_name":"Transmorgrifier","player_choice":"Transform","floor":7,"damage_taken":0},{"event_name":"Shining Light","player_choice":"Entered Light","floor":12,"damage_taken":0},{"event_name":"Upgrade Shrine","player_choice":"Upgraded","floor":19,"damage_taken":0},{"event_name":"The Mausoleum","player_choice":"Yes","floor":22,"damage_taken":0},{"event_name":"Back to Basics","player_choice":"Elegance","floor":28,"damage_taken":0},{"event_name":"Colosseum","player_choice":"Fight","floor":29,"damage_taken":0},{"event_name":"Colosseum","player_choice":"Fought Nobs","floor":29,"damage_taken":0}],"is_beta":false,"boss_relics":[{"not_picked":["Mark of Pain","Fusion Hammer"],"picked":"Sozu"}],"items_purged_floors":[2,11,21],"is_endless":false,"potions_floor_spawned":[1,14,16,25,29],"killed_by":"Colosseum Nobs","ascension_level":2}