{"gold_per_floor":[112,128,128,128,138,169,184,199,199,213,47,47,122,122,122,122],"floor_reached":16,"playtime":1196,"items_purged":[],"score":102,"play_id":"c0a18c9d-3cd1-4d23-bf71-56afa1bf6c3d","local_time":"20190316153231","is_ascension_mode":false,"campfire_choices":[{"floor":12,"key":"REST"},{"data":"Iron Wave","floor":15,"key":"SMITH"}],"neow_cost":"NONE","seed_source_timestamp":268140841420546,"circlet_count":0,"master_deck":["Strike_R","Strike_R","Strike_R","Strike_R","Strike_R","Defend_R","Defend_R","Defend_R","Defend_R","Bash","Iron Wave+1","Ghostly Armor","Shrug It Off","Cleave+1","Headbutt","Warcry+1","Ghostly Armor+1","Good Instincts+1"],"relics":["Burning Blood","Mummified Hand","Toxic Egg 2"],"potions_floor_usage":[6,7,16],"damage_taken":[{"damage":6,"enemies":"Cultist","floor":1,"turns":3},{"damage":3,"enemies":"Small Slimes","floor":2,"turns":3},{"damage":8,"enemies":"Jaw Worm","floor":5,"turns":4},{"damage":64,"enemies":"3 Sentries","floor":6,"turns":15},{"damage":0,"enemies":"2 Fungi Beasts","floor":7,"turns":4},{"damage":13,"enemies":"Exordium Wildlife","floor":8,"turns":5},{"damage":7,"enemies":"Gremlin Gang","floor":10,"turns":5},{"damage":63,"enemies":"The Guardian","floor":16,"turns":11}],"seed_played":"2379729466313951296","potions_obtained":[{"floor":1,"key":"FearPotion"},{"floor":2,"key":"Poison Potion"},{"floor":6,"key":"FearPotion"}],"is_trial":false,"path_per_floor":["$","?","M","?","?"],"character_chosen":"IRONCLAD","items_purchased":["Ghostly Armor+1","Good Instincts+1"],"campfire_rested":1,"item_purchase_floors":[11,11],"current_hp_per_floor":[88,88,88,88,86,28,34,27,27,26,26,52,41,41,41,0],"gold":122,"neow_bonus":"TEN_PERCENT_HP_BONUS","is_prod":false,"is_daily":false,"chose_seed":false,"campfire_upgraded":1,"win_rate":0,"timestamp":1552761151,"path_taken":["M","M","?","?","M","E","M","M","T","?","$","R","?","?","R","BOSS"],"build_version":"2019-01-23","purchased_purges":0,"victory":false,"max_hp_per_floor":[88,88,88,88,88,88,88,88,88,88,88,88,88,88,88,88],"card_choices":[{"not_picked":["Burning Pact","Hemokinesis","Sever Soul"],"picked":"SKIP","floor":1},{"not_picked":["Perfected Strike","Hemokinesis"],"picked":"Iron Wave","floor":2},{"not_picked":["Heavy Blade","Sever Soul"],"picked":"Ghostly Armor","floor":5},{"not_picked":["Havoc","Immolate"],"picked":"Shrug It Off","floor":6},{"not_picked":["Havoc","Shrug It Off"],"picked":"Cleave","floor":7},{"not_picked":["Cleave","Sever Soul"],"picked":"Headbutt","floor":8},{"not_picked":["Iron Wave","Reckless Charge"],"picked":"Warcry+1","floor":10}],"player_experience":317997,"relics_obtained":[{"floor":6,"key":"Mummified Hand"},{"floor":9,"key":"Toxic Egg 2"}],"event_choices":[{"damage_healed":0,"gold_gain":0,"player_choice":"Ignored","damage_taken":0,"max_hp_gain":0,"max_hp_loss":0,"event_name":"NoteForYourself","floor":4,"gold_loss":0},{"damage_healed":0,"gold_gain":75,"player_choice":"Gather Gold","damage_taken":11,"max_hp_gain":0,"max_hp_loss":0,"event_name":"World of Goop","floor":13,"gold_loss":0},{"damage_healed":0,"gold_gain":0,"player_choice":"Upgraded","damage_taken":0,"max_hp_gain":0,"max_hp_loss":0,"event_name":"Upgrade Shrine","floor":14,"gold_loss":0,"cards_upgraded":["Cleave"]}],"is_beta":false,"boss_relics":[],"items_purged_floors":[],"is_endless":false,"potions_floor_spawned":[1,2,6],"killed_by":"The Guardian","ascension_level":0}