{"gold_per_floor":[118,218,229,229,21,21,35,35,61,88,88,100,118,118,118,118],"floor_reached":16,"playtime":358,"items_purged":[],"score":100,"play_id":"4f96a4c6-9a2f-4c95-bf5c-0f8a3b373ca5","local_time":"20180803010419","is_ascension_mode":false,"campfire_choices":[{"data":"Seeing Red","floor":6,"key":"SMITH"},{"floor":8,"key":"REST"},{"data":"Bash","floor":11,"key":"SMITH"},{"data":"Flex","floor":15,"key":"SMITH"}],"neow_cost":"NONE","seed_source_timestamp":1962145725737641,"circlet_count":0,"master_deck":["Strike_R","Strike_R","Strike_R","Strike_R","Strike_R+1","Defend_R","Defend_R","Defend_R+1","Defend_R","Bash+1","Twin Strike","Seeing Red+1","Pommel Strike","Flex+1","Shrug It Off"],"relics":["Burning Blood","Omamori","Membership Card","Juzu Bracelet","The Courier","Golden Idol"],"potions_floor_usage":[13],"damage_taken":[{"damage":19,"enemies":"Jaw Worm","floor":1,"turns":4},{"damage":6,"enemies":"Cultist","floor":3,"turns":3},{"damage":7,"enemies":"Small Slimes","floor":7,"turns":3},{"damage":11,"enemies":"3 Sentries","floor":10,"turns":7},{"damage":3,"enemies":"3 Louse","floor":12,"turns":3},{"damage":10,"enemies":"Exordium Wildlife","floor":13,"turns":3},{"damage":70,"enemies":"The Guardian","floor":16,"turns":10}],"seed_played":"8787924052243714782","potions_obtained":[{"floor":7,"key":"SpeedPotion"},{"floor":12,"key":"Fire Potion"},{"floor":13,"key":"FearPotion"}],"is_trial":false,"path_per_floor":["M","?","M","?","$","R","M","R","T","E","R","M","M","?","R"],"character_chosen":"IRONCLAD","items_purchased":["Membership Card"],"campfire_rested":1,"item_purchase_floors":[5],"current_hp_per_floor":[67,67,67,51,51,51,50,74,74,69,69,72,68,68,68,0],"gold":118,"neow_bonus":"RANDOM_COMMON_RELIC","is_prod":false,"is_daily":false,"chose_seed":false,"campfire_upgraded":3,"win_rate":0,"timestamp":1533272659,"path_taken":["M","?","M","?","$","R","M","R","T","E","R","M","M","?","R","BOSS"],"build_version":"2018-08-02","purchased_purges":0,"victory":false,"max_hp_per_floor":[80,80,80,80,80,80,80,80,80,80,80,80,80,74,74,74],"card_choices":[{"not_picked":["Anger","Headbutt"],"picked":"Twin Strike","floor":1},{"not_picked":["Perfected Strike","Headbutt"],"picked":"Seeing Red","floor":3},{"not_picked":["Impervious","Evolve"],"picked":"Pommel Strike","floor":7},{"not_picked":["Headbutt","Anger","Burning Pact"],"picked":"SKIP","floor":10},{"not_picked":["Headbutt","Anger","Burning Pact"],"picked":"SKIP","floor":10},{"not_picked":["Cleave","Iron Wave"],"picked":"Flex","floor":12},{"not_picked":["Iron Wave","Thunderclap"],"picked":"Shrug It Off","floor":13}],"player_experience":335384,"relics_obtained":[{"floor":9,"key":"Juzu Bracelet"},{"floor":10,"key":"The Courier"}],"event_choices":[{"event_name":"Golden Shrine","player_choice":"Pray","floor":2,"damage_taken":0},{"event_name":"Shining Light","player_choice":"Entered Light","floor":4,"damage_taken":0},{"event_name":"Golden Idol","player_choice":"Lose Max HP","floor":14,"damage_taken":0}],"is_beta":false,"boss_relics":[],"items_purged_floors":[],"is_endless":false,"potions_floor_spawned":[7,12,13],"killed_by":"The Guardian","ascension_level":0}