{"gold_per_floor":[115,65,78,78,101,101,142,65,65,65,101,120,140,181,181,307,307,326,451,451,451,470,470,319,319,344,344,360,396,396,71,71,195,195,220,553,573,573,32,32,132,167,167,186,205,205,283,297,297,297],"floor_reached":51,"playtime":5791,"items_purged":["Doubt","Strike_R"],"score":805,"play_id":"e397644b-3f4b-4ca2-bc17-3fa85f1f4868","local_time":"20190331020338","is_ascension_mode":true,"campfire_choices":[{"data":"Bash","floor":6,"key":"SMITH"},{"data":"Clothesline","floor":10,"key":"SMITH"},{"floor":15,"key":"REST"},{"data":"Fiend Fire","floor":23,"key":"SMITH"},{"data":"Metallicize","floor":25,"key":"SMITH"},{"data":"Metallicize","floor":27,"key":"SMITH"},{"floor":32,"key":"REST"},{"data":"Disarm","floor":40,"key":"SMITH"},{"floor":46,"key":"REST"},{"floor":49,"key":"REST"}],"neow_cost":"NONE","seed_source_timestamp":37273343880672,"circlet_count":0,"master_deck":["Defend_R","Defend_R+1","Defend_R","Defend_R","Bash+1","Heavy Blade","Shrug It Off","Thunderclap","Clothesline+1","Metallicize+1","Fiend Fire+1","Warcry","Inflame","Dark Embrace","Demon Form+1","Metallicize+1","Cleave","Second Wind+1","Armaments+1","Metallicize+1","True Grit+1","Havoc","Metallicize","Exhume","Disarm+1","Limit Break","Parasite","Iron Wave"],"relics":["Burning Blood","Self Forming Clay","Juzu Bracelet","Kunai","Shuriken","Astrolabe","Ice Cream","Letter Opener","Bag of Marbles","Gambling Chip","War Paint","Philosopher\u0027s Stone","Dead Branch","MealTicket","Calipers","Frozen Egg 2","Mummified Hand","Meat on the Bone"],"potions_floor_usage":[7,13,16,29,29,33,42,45],"damage_taken":[{"damage":11,"enemies":"2 Louse","floor":1,"turns":4},{"damage":7,"enemies":"Jaw Worm","floor":3,"turns":3},{"damage":6,"enemies":"Cultist","floor":5,"turns":3},{"damage":27,"enemies":"Gremlin Nob","floor":7,"turns":4},{"damage":15,"enemies":"Lagavulin","floor":11,"turns":10},{"damage":12,"enemies":"Exordium Thugs","floor":12,"turns":6},{"damage":20,"enemies":"3 Louse","floor":13,"turns":4},{"damage":6,"enemies":"Gremlin Nob","floor":14,"turns":3},{"damage":26,"enemies":"Slime Boss","floor":16,"turns":14},{"damage":18,"enemies":"Chosen","floor":18,"turns":6},{"damage":41,"enemies":"Colosseum Slavers","floor":19,"turns":8},{"damage":36,"enemies":"Colosseum Nobs","floor":19,"turns":7},{"damage":8,"enemies":"Shell Parasite","floor":22,"turns":7},{"damage":10,"enemies":"Snecko","floor":28,"turns":6},{"damage":73,"enemies":"Gremlin Leader","floor":29,"turns":9},{"damage":32,"enemies":"Champ","floor":33,"turns":13},{"damage":8,"enemies":"Orb Walker","floor":35,"turns":6},{"damage":1,"enemies":"3 Shapes","floor":37,"turns":7},{"damage":0,"enemies":"Mind Bloom Boss Battle","floor":41,"turns":7},{"damage":74,"enemies":"Reptomancer","floor":42,"turns":10},{"damage":0,"enemies":"Writhing Mass","floor":44,"turns":10},{"damage":20,"enemies":"Sphere and 2 Shapes","floor":45,"turns":7},{"damage":8,"enemies":"4 Shapes","floor":48,"turns":7},{"damage":26,"enemies":"Time Eater","floor":50,"turns":12}],"seed_played":"-3988058017583474578","potions_obtained":[{"floor":5,"key":"Regen Potion"},{"floor":11,"key":"SpeedPotion"},{"floor":12,"key":"Strength Potion"},{"floor":19,"key":"LiquidBronze"},{"floor":22,"key":"Strength Potion"},{"floor":29,"key":"Block Potion"},{"floor":35,"key":"Dexterity Potion"},{"floor":44,"key":"Ancient Potion"},{"floor":48,"key":"Explosive Potion"}],"is_trial":false,"path_per_floor":["?","?","?","?","?","?","$","?","?","?","T"],"character_chosen":"IRONCLAD","items_purchased":["Metallicize","Metallicize","Metallicize","War Paint","Dead Branch","Disarm","MealTicket"],"campfire_rested":4,"item_purchase_floors":[8,24,31,31,39,39,39],"current_hp_per_floor":[83,83,82,82,82,82,70,70,70,70,61,55,41,41,67,47,88,76,11,11,88,86,86,86,86,86,86,82,15,15,15,41,15,88,86,86,88,88,88,88,88,20,20,26,12,38,38,48,74,54],"gold":297,"neow_bonus":"TEN_PERCENT_HP_BONUS","is_prod":false,"is_daily":false,"chose_seed":false,"campfire_upgraded":6,"win_rate":0,"timestamp":1554008618,"path_taken":["M","?","M","?","M","R","E","$","T","R","E","M","M","E","R","BOSS","M","?","?","?","M","R","$","R","T","R","M","E","?","?","R","BOSS","M","?","M","?","$","R","?","E","T","M","M","R","?","M","R","BOSS"],"build_version":"2019-01-23","purchased_purges":2,"victory":true,"max_hp_per_floor":[88,88,88,88,88,88,88,88,88,88,88,88,88,88,88,88,88,88,88,88,88,88,88,88,88,88,88,88,88,88,88,88,88,88,88,88,88,88,88,88,88,88,88,88,88,88,88,88,88,88],"card_choices":[{"not_picked":["Flame Barrier","Warcry"],"picked":"Heavy Blade","floor":1},{"not_picked":["Pommel Strike","Wild Strike"],"picked":"Shrug It Off","floor":3},{"not_picked":["Rage","Perfected Strike"],"picked":"Thunderclap","floor":5},{"not_picked":["Anger","Ghostly Armor"],"picked":"Clothesline","floor":7},{"not_picked":["Pommel Strike","Burning Pact"],"picked":"Fiend Fire","floor":11},{"not_picked":["Flex","Reckless Charge"],"picked":"Warcry","floor":12},{"not_picked":["Heavy Blade","Pommel Strike"],"picked":"Inflame","floor":13},{"not_picked":["Thunderclap","Berserk","Dropkick"],"picked":"SKIP","floor":14},{"not_picked":["Immolate","Double Tap"],"picked":"Dark Embrace","floor":16},{"not_picked":["Searing Blow","Spot Weakness+1"],"picked":"Cleave","floor":18},{"not_picked":["Whirlwind","Rampage"],"picked":"Second Wind+1","floor":19},{"not_picked":["Whirlwind","Clothesline"],"picked":"Armaments","floor":22},{"not_picked":["Cleave","Wild Strike+1"],"picked":"True Grit+1","floor":28},{"not_picked":["Rupture+1","Flex","Sword Boomerang+1"],"picked":"SKIP","floor":29},{"not_picked":["Reaper","Impervious"],"picked":"Exhume","floor":33},{"not_picked":["Second Wind+1","Armaments+1","Body Slam"],"picked":"SKIP","floor":35},{"not_picked":["Anger+1","Seeing Red+1","Spot Weakness"],"picked":"SKIP","floor":37},{"not_picked":["Headbutt+1","Perfected Strike"],"picked":"Limit Break","floor":41},{"not_picked":["Flex+1","Perfected Strike","Havoc+1"],"picked":"SKIP","floor":42},{"not_picked":["Warcry+1","Clash+1","Perfected Strike+1"],"picked":"SKIP","floor":44},{"not_picked":["Second Wind+1","Pommel Strike+1","Battle Trance"],"picked":"SKIP","floor":45},{"not_picked":["Sword Boomerang+1","Flex+1"],"picked":"Iron Wave","floor":48}],"player_experience":513982,"relics_obtained":[{"floor":7,"key":"Self Forming Clay"},{"floor":9,"key":"Juzu Bracelet"},{"floor":11,"key":"Kunai"},{"floor":14,"key":"Shuriken"},{"floor":19,"key":"Ice Cream"},{"floor":19,"key":"Letter Opener"},{"floor":26,"key":"Bag of Marbles"},{"floor":29,"key":"Gambling Chip"},{"floor":41,"key":"Calipers"},{"floor":42,"key":"Frozen Egg 2"},{"floor":43,"key":"Mummified Hand"},{"floor":47,"key":"Meat on the Bone"}],"event_choices":[{"cards_removed":["Strike_R"],"damage_healed":0,"gold_gain":0,"player_choice":"Card Removal","damage_taken":0,"max_hp_gain":0,"max_hp_loss":0,"event_name":"The Cleric","floor":2,"gold_loss":50},{"damage_healed":0,"gold_gain":0,"player_choice":"Take Wound","damage_taken":0,"relics_obtained":["Golden Idol"],"max_hp_gain":0,"max_hp_loss":0,"event_name":"Golden Idol","floor":4,"gold_loss":0,"cards_obtained":["Injury"]},{"damage_healed":0,"gold_gain":0,"player_choice":"Fight","damage_taken":0,"max_hp_gain":0,"max_hp_loss":0,"event_name":"Colosseum","floor":19,"gold_loss":0},{"damage_healed":0,"gold_gain":0,"player_choice":"Fought Nobs","damage_taken":0,"max_hp_gain":0,"max_hp_loss":0,"event_name":"Colosseum","floor":19,"gold_loss":0},{"damage_healed":0,"gold_gain":0,"player_choice":"Ignored","damage_taken":0,"max_hp_gain":0,"max_hp_loss":0,"event_name":"The Mausoleum","floor":20,"gold_loss":0},{"damage_healed":77,"gold_gain":0,"player_choice":"Full Heal","damage_taken":0,"max_hp_gain":0,"max_hp_loss":0,"event_name":"Wheel of Change","floor":21,"gold_loss":0},{"damage_healed":0,"gold_gain":0,"cards_transformed":["Strike_R"],"player_choice":"Transformed","damage_taken":0,"max_hp_gain":0,"max_hp_loss":0,"event_name":"Transmorgrifier","floor":30,"gold_loss":0,"cards_obtained":["Havoc"]},{"damage_healed":0,"gold_gain":333,"player_choice":"Gave Idol","damage_taken":0,"max_hp_gain":0,"max_hp_loss":0,"event_name":"The Moai Head","floor":36,"relics_lost":["Golden Idol"],"gold_loss":0},{"damage_healed":0,"gold_gain":0,"player_choice":"Ignored","damage_taken":0,"max_hp_gain":0,"max_hp_loss":0,"event_name":"Tomb of Lord Red Mask","floor":38,"gold_loss":0},{"damage_healed":0,"gold_gain":0,"player_choice":"Fight","damage_taken":0,"max_hp_gain":0,"max_hp_loss":0,"event_name":"MindBloom","floor":41,"gold_loss":0}],"is_beta":false,"boss_relics":[{"not_picked":["Tiny House","Eternal Feather"],"picked":"Astrolabe"},{"not_picked":["Velvet Choker","Black Star"],"picked":"Philosopher\u0027s Stone"}],"items_purged_floors":[24,31],"is_endless":false,"potions_floor_spawned":[5,11,12,19,22,29,35,44,48],"ascension_level":2}