{"gold_per_floor":[119,135,135,146,146,146,162,177,177,192,203,203,203,55,55],"floor_reached":15,"playtime":616,"items_purged":[],"score":89,"play_id":"e3b188c2-7177-4713-814b-81a40261f6bb","local_time":"20190308100850","is_ascension_mode":false,"campfire_choices":[{"data":"Infernal Blade","floor":6,"key":"SMITH"},{"floor":13,"key":"REST"},{"data":"Searing Blow","floor":15,"key":"SMITH"}],"neow_cost":"NONE","seed_source_timestamp":6437892160340901,"circlet_count":0,"master_deck":["Strike_R","Strike_R","Strike_R","Strike_R","Strike_R","Defend_R","Defend_R","Bash","Thunderclap","Infernal Blade+1","Searing Blow+1","Bludgeon"],"relics":["Burning Blood","Regal Pillow","Ancient Tea Set","Dream Catcher"],"potions_floor_usage":[8,10],"damage_taken":[{"damage":6,"enemies":"2 Louse","floor":1,"turns":3},{"damage":11,"enemies":"Jaw Worm","floor":2,"turns":2},{"damage":1,"enemies":"Cultist","floor":4,"turns":3},{"damage":7,"enemies":"Blue Slaver","floor":7,"turns":2},{"damage":16,"enemies":"Large Slime","floor":8,"turns":2},{"damage":11,"enemies":"Red Slaver","floor":10,"turns":3},{"damage":15,"enemies":"Looter","floor":11,"turns":3}],"seed_played":"-1868428920347457751","potions_obtained":[{"floor":1,"key":"FairyPotion"},{"floor":7,"key":"SkillPotion"},{"floor":8,"key":"FearPotion"},{"floor":11,"key":"SkillPotion"}],"is_trial":false,"path_per_floor":["M","M","?","M","?","R","M","M","T","M","M","?","R","$","R"],"character_chosen":"IRONCLAD","items_purchased":["Bludgeon"],"campfire_rested":1,"item_purchase_floors":[14],"current_hp_per_floor":[80,75,63,68,68,68,67,57,57,52,43,36,75,75,75],"gold":55,"neow_bonus":"RANDOM_COMMON_RELIC","is_prod":false,"is_daily":false,"chose_seed":false,"campfire_upgraded":2,"win_rate":0,"timestamp":1552057730,"path_taken":["M","M","?","M","?","R","M","M","T","?","M","?","R","$","R"],"build_version":"2019-01-23","purchased_purges":0,"victory":false,"max_hp_per_floor":[80,80,80,80,80,80,80,80,80,80,80,80,80,80,80],"card_choices":[{"not_picked":["Feel No Pain","Heavy Blade","Havoc"],"picked":"SKIP","floor":1},{"not_picked":["Corruption","Warcry","Combust"],"picked":"SKIP","floor":2},{"not_picked":["Headbutt","Warcry"],"picked":"Thunderclap","floor":4},{"not_picked":["Intimidate","Heavy Blade","Havoc"],"picked":"SKIP","floor":7},{"not_picked":["Thunderclap","Uppercut","Infernal Blade"],"picked":"SKIP","floor":8},{"not_picked":["Barricade","Warcry"],"picked":"Searing Blow","floor":10},{"not_picked":["Ghostly Armor","Perfected Strike","Rage"],"picked":"SKIP","floor":11}],"player_experience":450561,"relics_obtained":[{"floor":9,"key":"Dream Catcher"}],"event_choices":[{"damage_healed":0,"gold_gain":0,"player_choice":"Success","damage_taken":12,"relics_obtained":["Ancient Tea Set"],"max_hp_gain":0,"max_hp_loss":0,"event_name":"Scrap Ooze","floor":3,"gold_loss":0},{"damage_healed":0,"gold_gain":0,"cards_transformed":["Defend_R"],"player_choice":"Transformed","damage_taken":0,"max_hp_gain":0,"max_hp_loss":0,"event_name":"Transmorgrifier","floor":5,"gold_loss":0,"cards_obtained":["Infernal Blade"]},{"cards_removed":["Defend_R"],"damage_healed":0,"gold_gain":0,"player_choice":"Card Removal","damage_taken":7,"max_hp_gain":0,"max_hp_loss":0,"event_name":"Golden Wing","floor":12,"gold_loss":0}],"is_beta":false,"boss_relics":[],"items_purged_floors":[],"is_endless":false,"potions_floor_spawned":[1,7,8,11],"ascension_level":0}