{"gold_per_floor":[114,128,128,145,65,90,90,122,122,122,122,91,109,141,141,244,244,256,256,269,269,282,282,314,314,360,360,388,388,388,416,416,513,513,524,535,221,239,255,255,290,290,317,350,350,381,39,54,54,54],"floor_reached":51,"playtime":6952,"items_purged":["Strike_G+1","Writhe"],"score":786,"play_id":"c1a9dbc0-81c4-456a-98f4-d138e710be98","local_time":"20190320095557","is_ascension_mode":false,"campfire_choices":[{"data":"Neutralize","floor":7,"key":"SMITH"},{"floor":10,"key":"REST"},{"data":"Footwork","floor":15,"key":"SMITH"},{"data":"A Thousand Cuts","floor":23,"key":"SMITH"},{"data":"Dodge and Roll","floor":25,"key":"SMITH"},{"floor":30,"key":"REST"},{"data":"Dodge and Roll","floor":32,"key":"SMITH"},{"floor":40,"key":"REST"},{"floor":45,"key":"REST"},{"data":"A Thousand Cuts","floor":49,"key":"SMITH"}],"neow_cost":"NONE","seed_source_timestamp":2850376363017,"circlet_count":0,"master_deck":["Defend_G+1","Defend_G+1","Defend_G+1","Defend_G+1","Defend_G+1","Strike_G+1","Strike_G+1","Strike_G+1","Strike_G+1","Survivor","Neutralize+1","Dagger Spray","Flying Knee","Dodge and Roll+1","Well Laid Plans+1","Footwork+1","A Thousand Cuts+1","PiercingWail","Dodge and Roll+1","Terror+1","Noxious Fumes+1","A Thousand Cuts+1","Footwork+1","Acrobatics+1"],"relics":["Ring of the Snake","NeowsBlessing","Torii","Turnip","Mango","Regal Pillow","Sozu","Vajra","Ancient Tea Set","Unceasing Top","Question Card","Black Star","Pantograph","Du-Vu Doll","Bronze Scales","Letter Opener","Juzu Bracelet","Bottled Flame","Meat on the Bone","Mercury Hourglass"],"potions_floor_usage":[6,16,24,27],"damage_taken":[{"damage":0,"enemies":"Small Slimes","floor":1,"turns":1},{"damage":0,"enemies":"Cultist","floor":2,"turns":1},{"damage":0,"enemies":"Jaw Worm","floor":4,"turns":1},{"damage":24,"enemies":"Lagavulin","floor":6,"turns":11},{"damage":37,"enemies":"Gremlin Nob","floor":8,"turns":7},{"damage":2,"enemies":"3 Louse","floor":13,"turns":4},{"damage":2,"enemies":"3 Sentries","floor":14,"turns":10},{"damage":39,"enemies":"Hexaghost","floor":16,"turns":20},{"damage":0,"enemies":"3 Byrds","floor":18,"turns":7},{"damage":0,"enemies":"Spheric Guardian","floor":20,"turns":10},{"damage":10,"enemies":"Shelled Parasite and Fungi","floor":22,"turns":12},{"damage":16,"enemies":"Gremlin Leader","floor":24,"turns":11},{"damage":0,"enemies":"Snake Plant","floor":27,"turns":1},{"damage":14,"enemies":"Slavers","floor":28,"turns":6},{"damage":0,"enemies":"Gremlin Leader","floor":31,"turns":5},{"damage":1,"enemies":"Collector","floor":33,"turns":9},{"damage":0,"enemies":"3 Darklings","floor":35,"turns":5},{"damage":8,"enemies":"Orb Walker","floor":36,"turns":5},{"damage":40,"enemies":"Sphere and 2 Shapes","floor":38,"turns":6},{"damage":1,"enemies":"Spire Growth","floor":39,"turns":6},{"damage":33,"enemies":"Giant Head","floor":41,"turns":14},{"damage":15,"enemies":"Nemesis","floor":44,"turns":7},{"damage":1,"enemies":"Giant Head","floor":46,"turns":12},{"damage":1,"enemies":"Maw","floor":48,"turns":8},{"damage":16,"enemies":"Awakened One","floor":50,"turns":16}],"seed_played":"9099896187886761401","potions_obtained":[{"floor":1,"key":"AttackPotion"},{"floor":6,"key":"SmokeBomb"},{"floor":8,"key":"GamblersBrew"},{"floor":16,"key":"Regen Potion"}],"is_trial":false,"path_per_floor":["?","M","?","?","?","?","?"],"character_chosen":"THE_SILENT","items_purchased":["Well Laid Plans","Pantograph","Mercury Hourglass"],"campfire_rested":4,"item_purchase_floors":[5,37,47],"current_hp_per_floor":[70,70,70,70,70,46,46,9,23,48,48,48,46,44,44,5,84,84,84,84,84,74,74,67,67,67,67,53,53,84,84,84,83,84,84,76,76,36,35,75,42,63,63,48,84,83,83,82,82,68],"gold":54,"neow_bonus":"THREE_ENEMY_KILL","is_prod":false,"is_daily":false,"chose_seed":false,"campfire_upgraded":6,"win_rate":0,"timestamp":1553086557,"path_taken":["M","M","?","?","$","E","R","E","T","R","?","?","M","E","R","BOSS","M","$","M","?","M","R","E","R","T","M","E","?","R","E","R","BOSS","M","M","$","M","M","R","E","?","T","E","R","E","$","M","R","BOSS"],"build_version":"2019-01-23","purchased_purges":2,"victory":true,"max_hp_per_floor":[70,70,70,70,70,70,70,70,84,84,84,84,84,84,84,84,84,84,84,84,84,84,84,84,84,84,84,84,84,84,84,84,84,84,84,84,84,84,84,84,84,84,84,84,84,84,84,84,84,84],"card_choices":[{"not_picked":["Dash","Sucker Punch"],"picked":"Dagger Spray","floor":1},{"not_picked":["Deflect","Deadly Poison"],"picked":"Flying Knee","floor":2},{"not_picked":["Slice","Riddle With Holes"],"picked":"Dodge and Roll","floor":4},{"not_picked":["Blade Dance","Concentrate"],"picked":"Footwork","floor":6},{"not_picked":["Poisoned Stab","Slice"],"picked":"A Thousand Cuts","floor":8},{"not_picked":["Blade Dance","Deflect"],"picked":"PiercingWail","floor":13},{"not_picked":["Calculated Gamble","Outmaneuver","Underhanded Strike"],"picked":"SKIP","floor":14},{"not_picked":["Terror","Dagger Spray"],"picked":"Dodge and Roll","floor":18},{"not_picked":["Slice","Crippling Poison","Concentrate"],"picked":"SKIP","floor":20},{"not_picked":["Masterful Stab","Accuracy"],"picked":"Terror+1","floor":22},{"not_picked":["Blade Dance","Underhanded Strike+1","Dagger Spray"],"picked":"SKIP","floor":24},{"not_picked":["Finisher+1","Dagger Throw","Poisoned Stab+1"],"picked":"SKIP","floor":28},{"not_picked":["Dagger Throw","PiercingWail"],"picked":"Noxious Fumes+1","floor":31},{"not_picked":["Storm of Steel","Night Terror","Venomology"],"picked":"A Thousand Cuts","floor":33},{"not_picked":["Deadly Poison","Calculated Gamble","Cloak And Dagger+1","Bane+1"],"picked":"SKIP","floor":35},{"not_picked":["Acrobatics+1","Eviscerate+1","Well Laid Plans+1","Catalyst+1"],"picked":"SKIP","floor":36},{"not_picked":["Cloak And Dagger+1","Deflect","Night Terror","Sucker Punch"],"picked":"SKIP","floor":38},{"not_picked":["Underhanded Strike","Backflip","Slice","Flying Knee+1"],"picked":"SKIP","floor":39},{"not_picked":["Infinite Blades+1","Quick Slash","Deflect+1","Sucker Punch+1"],"picked":"SKIP","floor":41},{"not_picked":["Caltrops","Slice+1","Crippling Poison"],"picked":"Footwork+1","floor":44},{"not_picked":["Quick Slash","Doppelganger","Distraction"],"picked":"Acrobatics+1","floor":46},{"not_picked":["Dagger Throw+1","Expertise","Riddle With Holes","Concentrate+1"],"picked":"SKIP","floor":48}],"player_experience":374927,"relics_obtained":[{"floor":6,"key":"Torii"},{"floor":8,"key":"Turnip"},{"floor":9,"key":"Mango"},{"floor":14,"key":"Regal Pillow"},{"floor":24,"key":"Vajra"},{"floor":26,"key":"Ancient Tea Set"},{"floor":28,"key":"Unceasing Top"},{"floor":31,"key":"Question Card"},{"floor":41,"key":"Du-Vu Doll"},{"floor":41,"key":"Bronze Scales"},{"floor":44,"key":"Letter Opener"},{"floor":44,"key":"Juzu Bracelet"},{"floor":46,"key":"Bottled Flame"},{"floor":46,"key":"Meat on the Bone"}],"event_choices":[{"damage_healed":0,"gold_gain":0,"player_choice":"Bought 0 Potions","damage_taken":0,"max_hp_gain":0,"max_hp_loss":0,"event_name":"The Woman in Blue","floor":3,"gold_loss":0},{"damage_healed":0,"gold_gain":0,"player_choice":"Grow","damage_taken":0,"max_hp_gain":0,"max_hp_loss":0,"event_name":"Living Wall","floor":11,"gold_loss":0,"cards_upgraded":["Well Laid Plans"]},{"damage_healed":0,"gold_gain":0,"player_choice":"Left Gold","damage_taken":0,"max_hp_gain":0,"max_hp_loss":0,"event_name":"World of Goop","floor":12,"gold_loss":31},{"damage_healed":0,"gold_gain":0,"player_choice":"Ignored","damage_taken":0,"max_hp_gain":0,"max_hp_loss":0,"event_name":"The Mausoleum","floor":21,"gold_loss":0},{"damage_healed":0,"gold_gain":0,"player_choice":"Simplicity","damage_taken":0,"max_hp_gain":0,"max_hp_loss":0,"event_name":"Back to Basics","floor":29,"gold_loss":0,"cards_upgraded":["Defend_G","Defend_G","Defend_G","Defend_G","Defend_G","Strike_G","Strike_G","Strike_G","Strike_G","Strike_G"]},{"damage_healed":21,"gold_gain":0,"player_choice":"Writhe","damage_taken":0,"max_hp_gain":0,"max_hp_loss":0,"event_name":"Winding Halls","floor":42,"gold_loss":0,"cards_obtained":["Writhe"]}],"is_beta":false,"boss_relics":[{"not_picked":["Orrery","Fusion Hammer"],"picked":"Sozu"},{"not_picked":["Calling Bell","Busted Crown"],"picked":"Black Star"}],"items_purged_floors":[37,47],"is_endless":false,"potions_floor_spawned":[1,6,8,16,18,27,31,33,38,41,46],"ascension_level":0}