{"gold_per_floor":[115,13,23,23,23,23,43,43,43,55,67,131,145,164,164,269,269,288,0,0,0,0,0,10,10,91,105,124,26,26,106,106,203,203,223,223],"floor_reached":36,"playtime":1717,"items_purged":["Defend_R"],"score":404,"play_id":"655fa3d6-d539-4b4d-bfc2-69f4ebb98b8b","local_time":"20180706133241","is_ascension_mode":false,"campfire_choices":[{"data":"Flex","floor":6,"key":"SMITH"},{"data":"Whirlwind","floor":15,"key":"SMITH"},{"data":"Flex","floor":23,"key":"SMITH"},{"data":"Flex","floor":25,"key":"SMITH"},{"floor":30,"key":"REST"},{"data":"Inflame","floor":32,"key":"SMITH"}],"neow_cost":"NONE","seed_source_timestamp":1336741340622139,"circlet_count":0,"master_deck":["Defend_R","Bash","Sword Boomerang","Flex+1","Whirlwind+1","Flex+1","Bludgeon","Sword Boomerang","Inflame+1","Whirlwind+1","Bite","Bite","Bite","Bite","Bite","Flex+1","Inflame+1","Thunderclap","Flex","Limit Break"],"relics":["Burning Blood","Centennial Puzzle","Mummified Hand","Pantograph","Philosopher\u0027s Stone","DollysMirror","Blue Candle","Letter Opener","Black Star"],"potions_floor_usage":[14,16,16,27,33,33],"damage_taken":[{"damage":7,"enemies":"2 Louse","floor":1,"turns":3},{"damage":6,"enemies":"Cultist","floor":3,"turns":3},{"damage":10,"enemies":"Small Slimes","floor":7,"turns":2},{"damage":12,"enemies":"Exordium Thugs","floor":10,"turns":3},{"damage":19,"enemies":"Blue Slaver","floor":11,"turns":3},{"damage":20,"enemies":"Gremlin Nob","floor":12,"turns":4},{"damage":6,"enemies":"2 Fungi Beasts","floor":13,"turns":2},{"damage":8,"enemies":"Gremlin Gang","floor":14,"turns":3},{"damage":52,"enemies":"Hexaghost","floor":16,"turns":5},{"damage":7,"enemies":"Spheric Guardian","floor":18,"turns":3},{"damage":24,"enemies":"2 Thieves","floor":24,"turns":2},{"damage":27,"enemies":"Snake Plant","floor":27,"turns":2},{"damage":14,"enemies":"Centurion and Healer","floor":28,"turns":2},{"damage":42,"enemies":"Automaton","floor":33,"turns":6},{"damage":29,"enemies":"3 Darklings","floor":35,"turns":2},{"damage":36,"enemies":"3 Shapes","floor":36,"turns":1}],"seed_played":"7659813759835125353","potions_obtained":[{"floor":1,"key":"Block Potion"},{"floor":7,"key":"Ancient Potion"},{"floor":12,"key":"Swift Potion"},{"floor":16,"key":"SkillPotion"},{"floor":18,"key":"Energy Potion"},{"floor":24,"key":"Weak Potion"},{"floor":27,"key":"SkillPotion"},{"floor":35,"key":"GamblersBrew"}],"is_trial":false,"path_per_floor":["M","$","M","?","$","R","M","$","T","M","M","?","M","M","R","B",null,"M","$","?","?","?","R","M","R","T","M","M","$","R","T","R","B",null,"M"],"character_chosen":"IRONCLAD","items_purchased":["Flex","Inflame","DollysMirror","Thunderclap","Flex"],"campfire_rested":1,"item_purchase_floors":[2,19,19,29,29],"current_hp_per_floor":[79,79,79,79,79,79,75,75,75,69,56,42,42,40,40,19,80,79,79,79,56,56,56,42,42,42,23,19,19,35,35,35,28,56,33,0],"gold":223,"neow_bonus":"RANDOM_COMMON_RELIC","is_prod":false,"is_daily":false,"chose_seed":false,"campfire_upgraded":5,"win_rate":0,"timestamp":1530898361,"path_taken":["M","$","M","?","$","R","M","?","T","M","M","?","M","M","R","BOSS","M","$","?","?","?","R","M","R","T","M","M","$","R","?","R","BOSS","M","M"],"build_version":"2018-07-05","purchased_purges":1,"victory":false,"max_hp_per_floor":[80,80,80,80,80,80,80,80,80,80,80,80,80,80,80,80,80,80,80,80,56,56,56,56,56,56,56,56,56,56,56,56,56,56,56,56],"card_choices":[{"not_picked":["Rampage","Headbutt"],"picked":"Sword Boomerang","floor":1},{"not_picked":["Pommel Strike","Cleave","Heavy Blade"],"picked":"SKIP","floor":3},{"not_picked":["Wild Strike","Headbutt","Corruption"],"picked":"SKIP","floor":7},{"not_picked":["Shockwave","Demon Form","Evolve"],"picked":"SKIP","floor":10},{"not_picked":["Sword Boomerang","Flex"],"picked":"Whirlwind","floor":11},{"not_picked":["Iron Wave","Body Slam","Wild Strike"],"picked":"SKIP","floor":13},{"not_picked":["Carnage","Armaments"],"picked":"Flex","floor":14},{"not_picked":["Dark Embrace","Immolate"],"picked":"Bludgeon","floor":16},{"not_picked":["Havoc","Anger"],"picked":"Sword Boomerang","floor":18},{"not_picked":["Pommel Strike+1","Headbutt","Anger"],"picked":"SKIP","floor":24},{"not_picked":["Clash","Evolve","Battle Trance"],"picked":"SKIP","floor":27},{"not_picked":["Havoc","Seeing Red"],"picked":"Inflame+1","floor":28},{"not_picked":["Barricade","Fiend Fire"],"picked":"Limit Break","floor":33},{"not_picked":["Thunderclap","Sword Boomerang+1","Heavy Blade"],"picked":"SKIP","floor":35}],"player_experience":91099,"relics_obtained":[{"floor":9,"key":"Mummified Hand"},{"floor":12,"key":"Pantograph"},{"floor":26,"key":"Blue Candle"},{"floor":31,"key":"Letter Opener"}],"event_choices":[{"event_name":"Bonfire Elementals","player_choice":"BASIC","floor":4,"damage_taken":0},{"event_name":"Dead Adventurer","player_choice":"Searched \u00271\u0027 times","floor":12,"damage_taken":0},{"event_name":"Purifier","player_choice":"One Purge","floor":20,"damage_taken":0},{"event_name":"Vampires","player_choice":"Became a vampire","floor":21,"damage_taken":0},{"event_name":"The Library","player_choice":"Read","floor":22,"damage_taken":0}],"boss_relics":[{"not_picked":["Orrery","Coffee Dripper"],"picked":"Philosopher\u0027s Stone"},{"not_picked":["Runic Pyramid","White Beast Statue"],"picked":"Black Star"}],"items_purged_floors":[2],"is_endless":false,"potions_floor_spawned":[1,7,12,16,18,24,27,35],"killed_by":"3 Shapes","ascension_level":0}