{"gold_per_floor":[112,112,112,130,55,55,87,103,126,151,151,51,71,24,24,119,119,139,139,149,24,24,50,50,65,91,102,126,126,141,160,160,259,259,271,271,271,271],"floor_reached":38,"playtime":1090,"items_purged":["Body Slam","Defend_R","Strike_R"],"score":467,"play_id":"57830ce6-6ce1-4b24-aa21-da8a66f5b4ff","local_time":"20180731095050","is_ascension_mode":false,"campfire_choices":[{"data":"Demon Form","floor":6,"key":"SMITH"},{"data":"Sword Boomerang","floor":11,"key":"SMITH"},{"data":"Thunderclap","floor":15,"key":"SMITH"},{"data":"Bash","floor":24,"key":"SMITH"},{"floor":29,"key":"REST"},{"floor":32,"key":"REST"}],"neow_cost":"NONE","seed_source_timestamp":1733804694526769,"circlet_count":0,"master_deck":["Strike_R","Strike_R","Strike_R","Defend_R","Defend_R","Bash+1","Demon Form+1","Sword Boomerang+1","Thunderclap+1","Pommel Strike+1","Pommel Strike+1","Whirlwind+1","Limit Break","Battle Trance+1"],"relics":["Burning Blood","Strawberry","Regal Pillow","Ancient Tea Set","Mark of Pain","Art of War","Oddly Smooth Stone","Bronze Scales","Philosopher\u0027s Stone","Champion Belt"],"potions_floor_usage":[16,23,25,27,33,33,36],"damage_taken":[{"damage":7,"enemies":"2 Louse","floor":1,"turns":2},{"damage":15,"enemies":"Cultist","floor":4,"turns":4},{"damage":38,"enemies":"3 Sentries","floor":7,"turns":7},{"damage":11,"enemies":"Jaw Worm","floor":8,"turns":3},{"damage":5,"enemies":"Looter","floor":13,"turns":2},{"damage":0,"enemies":"Slime Boss","floor":16,"turns":6},{"damage":42,"enemies":"2 Thieves","floor":18,"turns":4},{"damage":5,"enemies":"Spheric Guardian","floor":20,"turns":3},{"damage":0,"enemies":"Gremlin Leader","floor":23,"turns":4},{"damage":27,"enemies":"Centurion and Healer","floor":25,"turns":5},{"damage":15,"enemies":"Chosen and Byrds","floor":27,"turns":3},{"damage":4,"enemies":"Cultist and Chosen","floor":30,"turns":4},{"damage":21,"enemies":"Snake Plant","floor":31,"turns":4},{"damage":32,"enemies":"Collector","floor":33,"turns":5},{"damage":28,"enemies":"3 Darklings","floor":35,"turns":3},{"damage":68,"floor":36,"turns":6},{"damage":15,"enemies":"3 Shapes","floor":38,"turns":1}],"seed_played":"6118823712827137280","potions_obtained":[{"floor":7,"key":"LiquidBronze"},{"floor":8,"key":"FearPotion"},{"floor":16,"key":"Explosive Potion"},{"floor":23,"key":"Block Potion"},{"floor":25,"key":"AttackPotion"},{"floor":27,"key":"PowerPotion"},{"floor":30,"key":"Block Potion"},{"floor":35,"key":"BloodPotion"}],"is_trial":false,"path_per_floor":["M","?","?","M","$","R","E","M","T","T","R","$","M","$","R","B",null,"M","?","M","$","?","E","R","M","T","M","T","R","M","M","R","B",null,"M","?","?"],"character_chosen":"IRONCLAD","items_purchased":["Thunderclap"],"campfire_rested":2,"item_purchase_floors":[14],"current_hp_per_floor":[79,79,79,70,70,70,45,40,40,40,40,40,41,41,41,47,87,51,51,52,52,52,58,58,37,37,28,28,69,71,56,87,61,87,65,11,11,0],"gold":271,"neow_bonus":"REMOVE_CARD","is_prod":false,"is_daily":false,"chose_seed":false,"campfire_upgraded":4,"win_rate":0,"timestamp":1533045050,"path_taken":["M","?","?","?","$","R","E","M","T","?","R","?","M","$","R","BOSS","M","?","M","$","?","E","R","M","T","M","?","R","M","M","R","BOSS","M","?","?","M"],"build_version":"2018-07-26","purchased_purges":3,"victory":false,"max_hp_per_floor":[80,80,80,80,80,80,87,87,87,87,87,87,87,87,87,87,87,87,87,87,87,87,87,87,87,87,87,87,87,87,87,87,87,87,87,87,87,87],"card_choices":[{"not_picked":["Wild Strike","Pummel"],"picked":"Body Slam","floor":1},{"not_picked":["Perfected Strike","Wild Strike","Thunderclap"],"picked":"SKIP","floor":4},{"not_picked":["Limit Break","Clothesline"],"picked":"Sword Boomerang","floor":7},{"not_picked":["Rampage","Headbutt","Armaments"],"picked":"SKIP","floor":8},{"not_picked":["Clash","Iron Wave","Shrug It Off"],"picked":"SKIP","floor":13},{"not_picked":["Evolve","Iron Wave+1"],"picked":"Pommel Strike+1","floor":18},{"not_picked":["Intimidate+1","Flame Barrier","Entrench"],"picked":"SKIP","floor":20},{"not_picked":["Reckless Charge","Thunderclap","Feel No Pain"],"picked":"SKIP","floor":23},{"not_picked":["Entrench+1","Cleave","Body Slam"],"picked":"SKIP","floor":25},{"not_picked":["Infernal Blade","Cleave+1"],"picked":"Pommel Strike+1","floor":27},{"not_picked":["Dual Wield","Anger","Sever Soul"],"picked":"SKIP","floor":30},{"not_picked":["Body Slam","Dark Embrace"],"picked":"Whirlwind+1","floor":31},{"not_picked":["Impervious","Berserk"],"picked":"Limit Break","floor":33},{"not_picked":["Headbutt+1","Pommel Strike","Wild Strike+1"],"picked":"SKIP","floor":35},{"not_picked":["True Grit","Sever Soul"],"picked":"Battle Trance+1","floor":36}],"player_experience":292689,"relics_obtained":[{"floor":7,"key":"Strawberry"},{"floor":9,"key":"Regal Pillow"},{"floor":10,"key":"Ancient Tea Set"},{"floor":23,"key":"Art of War"},{"floor":26,"key":"Oddly Smooth Stone"},{"floor":28,"key":"Bronze Scales"},{"floor":36,"key":"Champion Belt"}],"event_choices":[{"event_name":"Match and Keep!","player_choice":"1 cards matched","floor":2,"damage_taken":0},{"event_name":"Bonfire Elementals","player_choice":"BASIC","floor":3,"damage_taken":0},{"event_name":"Accursed Blacksmith","player_choice":"Ignore","floor":19,"damage_taken":0},{"event_name":"Ghosts","player_choice":"Ignored","floor":22,"damage_taken":0},{"event_name":"MindBloom","player_choice":"Fight","floor":36,"damage_taken":0},{"event_name":"SensoryStone","player_choice":"Memory 1","floor":37,"damage_taken":0}],"is_beta":false,"boss_relics":[{"not_picked":["Orrery","Runic Pyramid"],"picked":"Mark of Pain"},{"not_picked":["Eternal Feather","Lizard Tail"],"picked":"Philosopher\u0027s Stone"}],"items_purged_floors":[5,12,21],"is_endless":false,"potions_floor_spawned":[7,8,16,23,25,27,30,35],"killed_by":"3 Shapes","ascension_level":0}