{"gold_per_floor":[112,37,37,48,65,98,98,50,74,74,85,85,115,135,135,234,234,254,244,12,12,25,59,59,75,75,75,88,108,119,131,131,235,235,246,265,265],"floor_reached":37,"playtime":6962,"items_purged":["Strike_G"],"score":557,"play_id":"d05ddf02-5ce6-4e15-b9fe-eca0e9ad625c","local_time":"20190328154714","is_ascension_mode":true,"campfire_choices":[{"data":"Deadly Poison","floor":7,"key":"SMITH"},{"data":"Catalyst","floor":10,"key":"SMITH"},{"data":"Deadly Poison","floor":15,"key":"SMITH"},{"floor":24,"key":"RECALL"},{"floor":27,"key":"REST"},{"floor":32,"key":"REST"}],"neow_cost":"TEN_PERCENT_HP_LOSS","seed_source_timestamp":8176310929540024,"circlet_count":0,"master_deck":["Defend_G+1","Defend_G+1","Defend_G+1","Defend_G+1","Strike_G+1","Strike_G+1","Survivor+1","Neutralize","Deadly Poison+1","Catalyst+1","Well Laid Plans","Backflip","Catalyst+1","Poisoned Stab","Deadly Poison+1","Adrenaline","PiercingWail","Dodge and Roll","Acrobatics","Caltrops+1","Poisoned Stab+1","Flying Knee","Die Die Die","Dagger Throw+1"],"relics":["Ring of the Snake","Bag of Marbles","War Paint","Shuriken","Orrery","PreservedInsect","Bottled Flame","Sozu"],"potions_floor_usage":[6,13,14,33,35],"damage_taken":[{"damage":2,"enemies":"Small Slimes","floor":1,"turns":4},{"damage":1,"enemies":"Cultist","floor":4,"turns":4},{"damage":0,"enemies":"2 Louse","floor":5,"turns":3},{"damage":11,"enemies":"Gremlin Nob","floor":6,"turns":4},{"damage":0,"enemies":"2 Fungi Beasts","floor":11,"turns":4},{"damage":0,"enemies":"Lagavulin","floor":13,"turns":2},{"damage":0,"enemies":"Looter","floor":14,"turns":1},{"damage":0,"enemies":"The Guardian","floor":16,"turns":4},{"damage":10,"enemies":"Shell Parasite","floor":18,"turns":3},{"damage":1,"enemies":"2 Thieves","floor":19,"turns":4},{"damage":15,"enemies":"Snake Plant","floor":22,"turns":2},{"damage":0,"enemies":"Gremlin Leader","floor":23,"turns":2},{"damage":0,"enemies":"Chosen and Byrds","floor":25,"turns":3},{"damage":18,"enemies":"Centurion and Healer","floor":28,"turns":4},{"damage":0,"enemies":"Snake Plant","floor":29,"turns":3},{"damage":9,"enemies":"Sentry and Sphere","floor":30,"turns":3},{"damage":7,"enemies":"Centurion and Healer","floor":31,"turns":6},{"damage":21,"enemies":"Champ","floor":33,"turns":5},{"damage":16,"enemies":"3 Darklings","floor":35,"turns":4},{"damage":0,"enemies":"Orb Walker","floor":36,"turns":2},{"damage":47,"enemies":"Jaw Worm Horde","floor":37,"turns":3}],"seed_played":"1710042800488479095","potions_obtained":[{"floor":4,"key":"GamblersBrew"},{"floor":6,"key":"Energy Potion"},{"floor":13,"key":"Explosive Potion"},{"floor":22,"key":"Regen Potion"},{"floor":23,"key":"Fire Potion"},{"floor":30,"key":"LiquidBronze"}],"is_trial":false,"path_per_floor":["M","$","?","M","M","E","R","$","T","R","M","?","E","M","R","B",null,"M","M","$","?","M","E","R","M","T","R","M","M","M","M","R","B",null,"M","M","M"],"character_chosen":"THE_SILENT","items_purchased":["Catalyst","Poisoned Stab","PreservedInsect"],"campfire_rested":2,"item_purchase_floors":[2,8,20],"current_hp_per_floor":[61,61,61,60,60,49,49,49,49,49,49,49,49,49,49,49,63,53,52,52,52,37,37,37,37,37,55,37,37,28,21,39,32,63,47,47,0],"gold":265,"neow_bonus":"REMOVE_TWO","is_prod":false,"is_daily":false,"chose_seed":false,"campfire_upgraded":3,"win_rate":0,"timestamp":1553802434,"path_taken":["M","$","?","M","M","E","R","$","T","R","?","?","E","M","R","BOSS","M","M","$","?","M","E","R","M","T","R","M","M","M","M","R","BOSS","M","M","M"],"build_version":"2019-01-23","purchased_purges":1,"victory":false,"max_hp_per_floor":[63,63,63,63,63,63,63,63,63,63,63,63,63,63,63,63,63,63,63,63,63,63,63,63,63,63,63,63,63,63,63,63,63,63,63,63,63],"card_choices":[{"not_picked":["Prepared","Poisoned Stab"],"picked":"Deadly Poison","floor":1},{"not_picked":["Dagger Throw","Prepared"],"picked":"Well Laid Plans","floor":4},{"not_picked":["Choke","Outmaneuver","Backflip"],"picked":"SKIP","floor":5},{"not_picked":["Choke","Outmaneuver"],"picked":"Backflip","floor":5},{"not_picked":["Backflip","Endless Agony"],"picked":"Catalyst","floor":6},{"not_picked":["Accuracy","Endless Agony","Storm of Steel"],"picked":"SKIP","floor":11},{"not_picked":["Accuracy","Prepared","Calculated Gamble"],"picked":"SKIP","floor":13},{"not_picked":["Endless Agony","Quick Slash"],"picked":"Deadly Poison","floor":14},{"not_picked":["Grand Finale","Unload"],"picked":"Adrenaline","floor":16},{"not_picked":["Prepared","Calculated Gamble"],"picked":"PiercingWail","floor":17},{"not_picked":["Blade Dance","Dagger Throw"],"picked":"Dodge and Roll","floor":17},{"not_picked":["Heel Hook","Choke"],"picked":"Acrobatics","floor":17},{"not_picked":["Calculated Gamble+1","Dagger Spray","Choke"],"picked":"SKIP","floor":18},{"not_picked":["Expertise","Prepared+1"],"picked":"Caltrops+1","floor":19},{"not_picked":["Sucker Punch","Finisher","Heel Hook"],"picked":"SKIP","floor":22},{"not_picked":["Backstab+1","Setup"],"picked":"Poisoned Stab+1","floor":23},{"not_picked":["Flechettes","Terror","Backstab+1"],"picked":"SKIP","floor":25},{"not_picked":["Dagger Throw","Phantasmal Killer","PiercingWail+1"],"picked":"SKIP","floor":28},{"not_picked":["Outmaneuver","Dodge and Roll","Dagger Throw"],"picked":"SKIP","floor":29},{"not_picked":["Expertise","Flying Knee","Quick Slash"],"picked":"SKIP","floor":30},{"not_picked":["Sucker Punch","Slice"],"picked":"Flying Knee","floor":31},{"not_picked":["Phantasmal Killer","Corpse Explosion"],"picked":"Die Die Die","floor":33},{"not_picked":["Eviscerate","Heel Hook+1"],"picked":"Dagger Throw+1","floor":35},{"not_picked":["Caltrops+1","Choke","Bane+1"],"picked":"SKIP","floor":36}],"player_experience":580516,"relics_obtained":[{"floor":6,"key":"Bag of Marbles"},{"floor":9,"key":"War Paint"},{"floor":13,"key":"Shuriken"},{"floor":23,"key":"Bottled Flame"}],"event_choices":[{"cards_removed":["Strike_G"],"damage_healed":0,"gold_gain":0,"player_choice":"Offered Basic","damage_taken":0,"max_hp_gain":0,"max_hp_loss":0,"event_name":"Bonfire Elementals","floor":3,"gold_loss":0},{"damage_healed":0,"gold_gain":0,"player_choice":"Grow","damage_taken":0,"max_hp_gain":0,"max_hp_loss":0,"event_name":"Living Wall","floor":12,"gold_loss":0,"cards_upgraded":["Catalyst"]},{"damage_healed":0,"gold_gain":0,"player_choice":"Simplicity","damage_taken":0,"max_hp_gain":0,"max_hp_loss":0,"event_name":"Back to Basics","floor":21,"gold_loss":0,"cards_upgraded":["Defend_G","Defend_G","Defend_G","Strike_G","Strike_G"]}],"is_beta":false,"boss_relics":[{"not_picked":["Black Star","Fusion Hammer"],"picked":"Orrery"},{"not_picked":["Snecko Eye","Empty Cage"],"picked":"Sozu"}],"items_purged_floors":[20],"is_endless":false,"potions_floor_spawned":[4,6,13,22,23,30],"killed_by":"Jaw Worm Horde","ascension_level":1}