{"gold_per_floor":[114,128,139,139,155,155,131,144,144,144,159,179,179,179,179,309,309,325,9,9,9,22,61,82,82,109,109],"floor_reached":27,"playtime":1723,"items_purged":["Injury"],"score":225,"play_id":"2c8fa1e5-17f0-4215-a4f1-79367f68ebc6","local_time":"20190312200702","is_ascension_mode":false,"campfire_choices":[{"data":"Whirlwind","floor":6,"key":"SMITH"},{"data":"Inflame","floor":15,"key":"SMITH"}],"neow_cost":"TEN_PERCENT_HP_LOSS","seed_source_timestamp":937255080943660,"circlet_count":0,"master_deck":["Strike_R+1","Strike_R+1","Strike_R+1","Strike_R+1","Strike_R+1","Defend_R+1","Defend_R+1","Defend_R+1","Bash","Inflame+1","Headbutt","Shrug It Off","Whirlwind+1","Headbutt","Clothesline","Double Tap","Pommel Strike","Inflame","Shrug It Off+1","Inflame","Thunderclap"],"relics":["Burning Blood","Torii","The Courier","Golden Idol","Mark of Pain","Bottled Lightning","Ornamental Fan","Dream Catcher"],"potions_floor_usage":[22,23,24,24],"damage_taken":[{"damage":7,"enemies":"Jaw Worm","floor":1,"turns":4},{"damage":1,"enemies":"Cultist","floor":2,"turns":3},{"damage":0,"enemies":"2 Louse","floor":3,"turns":3},{"damage":11,"enemies":"Exordium Wildlife","floor":5,"turns":5},{"damage":8,"enemies":"Red Slaver","floor":8,"turns":4},{"damage":1,"enemies":"Looter","floor":11,"turns":3},{"damage":13,"enemies":"Blue Slaver","floor":12,"turns":4},{"damage":46,"enemies":"Hexaghost","floor":16,"turns":12},{"damage":0,"enemies":"Chosen","floor":18,"turns":4},{"damage":12,"enemies":"Spheric Guardian","floor":22,"turns":4},{"damage":72,"enemies":"Slavers","floor":23,"turns":8},{"damage":14,"enemies":"Snecko","floor":24,"turns":4},{"damage":14,"enemies":"Shelled Parasite and Fungi","floor":27,"turns":2}],"seed_played":"-6595577401015163935","potions_obtained":[{"floor":1,"key":"FairyPotion"},{"floor":8,"key":"BloodPotion"},{"floor":11,"key":"PowerPotion"},{"floor":22,"key":"Weak Potion"},{"floor":23,"key":"Poison Potion"}],"is_trial":false,"path_per_floor":["?","$","?","M","$","?","?","?","?"],"character_chosen":"IRONCLAD","items_purchased":["Headbutt","Bottled Lightning","Inflame"],"campfire_rested":0,"item_purchase_floors":[7,19,19],"current_hp_per_floor":[71,72,72,72,67,67,67,65,65,65,70,63,63,68,68,28,77,77,77,77,77,71,12,13,13,13,0],"gold":109,"neow_bonus":"ONE_RARE_RELIC","is_prod":false,"is_daily":false,"chose_seed":false,"campfire_upgraded":2,"win_rate":0,"timestamp":1552432022,"path_taken":["M","M","M","?","M","R","?","M","T","?","?","M","?","?","R","BOSS","M","$","?","?","M","E","M","?","T","M"],"build_version":"2019-01-23","purchased_purges":1,"victory":false,"max_hp_per_floor":[72,72,72,72,72,72,72,72,72,72,72,72,72,77,77,77,77,77,77,77,77,77,77,77,77,77,77],"card_choices":[{"not_picked":["Corruption","Heavy Blade"],"picked":"Inflame","floor":1},{"not_picked":["Sword Boomerang","Uppercut"],"picked":"Headbutt","floor":2},{"not_picked":["Body Slam","Pommel Strike"],"picked":"Shrug It Off","floor":3},{"not_picked":["Sword Boomerang","Dark Embrace"],"picked":"Whirlwind","floor":5},{"not_picked":["Heavy Blade","Warcry","Sword Boomerang"],"picked":"SKIP","floor":8},{"not_picked":["Clash","Thunderclap","Perfected Strike"],"picked":"SKIP","floor":11},{"not_picked":["Seeing Red","Dark Embrace"],"picked":"Clothesline","floor":12},{"not_picked":["Offering","Limit Break"],"picked":"Double Tap","floor":16},{"not_picked":["Sword Boomerang","True Grit+1"],"picked":"Pommel Strike","floor":18},{"not_picked":["Twin Strike","Body Slam"],"picked":"Shrug It Off+1","floor":22},{"not_picked":["Pummel","Seeing Red"],"picked":"Inflame","floor":23},{"not_picked":["Rampage","Cleave"],"picked":"Thunderclap","floor":24}],"player_experience":299695,"relics_obtained":[{"floor":9,"key":"The Courier"},{"floor":23,"key":"Ornamental Fan"},{"floor":26,"key":"Dream Catcher"}],"event_choices":[{"cards_removed":["Defend_R"],"damage_healed":0,"gold_gain":0,"player_choice":"Purged","damage_taken":0,"max_hp_gain":0,"max_hp_loss":0,"event_name":"Purifier","floor":4,"gold_loss":0},{"damage_healed":0,"gold_gain":0,"player_choice":"Take Wound","damage_taken":0,"relics_obtained":["Golden Idol"],"max_hp_gain":0,"max_hp_loss":0,"event_name":"Golden Idol","floor":10,"gold_loss":0,"cards_obtained":["Injury"]},{"damage_healed":0,"gold_gain":0,"player_choice":"Donut","damage_taken":0,"max_hp_gain":5,"max_hp_loss":0,"event_name":"Big Fish","floor":14,"gold_loss":0},{"damage_healed":0,"gold_gain":0,"player_choice":"Simplicity","damage_taken":0,"max_hp_gain":0,"max_hp_loss":0,"event_name":"Back to Basics","floor":21,"gold_loss":0,"cards_upgraded":["Strike_R","Strike_R","Strike_R","Strike_R","Strike_R","Defend_R","Defend_R","Defend_R"]},{"damage_healed":0,"gold_gain":0,"player_choice":"Ignored","damage_taken":0,"max_hp_gain":0,"max_hp_loss":0,"event_name":"Beggar","floor":25,"gold_loss":0}],"is_beta":false,"boss_relics":[{"not_picked":["Calling Bell","Philosopher\u0027s Stone"],"picked":"Mark of Pain"}],"items_purged_floors":[19],"is_endless":false,"potions_floor_spawned":[1,8,11,16,22,23],"killed_by":"Shelled Parasite and Fungi","ascension_level":0}