{"gold_per_floor":[110,61,81,256,276,309,328,328,328,342,342,342,342,186,186,186],"floor_reached":16,"playtime":1709,"items_purged":["Doubt"],"score":100,"play_id":"645f445d-5236-48a4-82c8-dbde0642bad9","local_time":"20190208120241","is_ascension_mode":false,"campfire_choices":[{"data":"Heavy Blade","floor":8,"key":"SMITH"},{"floor":11,"key":"REST"},{"data":"Heavy Blade","floor":15,"key":"SMITH"}],"neow_cost":"NONE","seed_source_timestamp":216025266154200,"circlet_count":0,"master_deck":["Strike_R","Strike_R","Strike_R","Strike_R","Strike_R","Defend_R","Defend_R","Defend_R","Defend_R","Bash","Limit Break","Heavy Blade+1","Rupture","Combust","Heavy Blade+1","Flex","Hemokinesis"],"relics":["Burning Blood","Meat on the Bone","Bottled Lightning","Ancient Tea Set"],"potions_floor_usage":[6,6],"damage_taken":[{"damage":3,"enemies":"Small Slimes","floor":1,"turns":4},{"damage":3,"enemies":"Jaw Worm","floor":3,"turns":6},{"damage":10,"enemies":"Cultist","floor":5,"turns":4},{"damage":50,"enemies":"Gremlin Nob","floor":6,"turns":5},{"damage":22,"enemies":"Looter","floor":7,"turns":5},{"damage":28,"enemies":"Blue Slaver","floor":10,"turns":5},{"damage":57,"enemies":"The Guardian","floor":16,"turns":5}],"seed_played":"1025110524378141531","potions_obtained":[{"floor":1,"key":"Regen Potion"},{"floor":3,"key":"Energy Potion"}],"is_trial":false,"path_per_floor":["?","?","T"],"character_chosen":"IRONCLAD","items_purchased":["Heavy Blade","Hemokinesis"],"campfire_rested":1,"item_purchase_floors":[2,14],"current_hp_per_floor":[80,80,80,80,76,45,41,41,41,31,55,55,55,55,55,0],"gold":186,"neow_bonus":"ONE_RANDOM_RARE_CARD","is_prod":false,"is_daily":false,"chose_seed":false,"campfire_upgraded":2,"win_rate":0,"timestamp":1549638161,"path_taken":["M","$","M","?","M","E","M","R","T","M","R","?","?","$","R","BOSS"],"build_version":"2019-01-23","purchased_purges":1,"victory":false,"max_hp_per_floor":[80,80,80,80,80,80,80,80,80,80,80,80,80,80,80,80],"card_choices":[{"not_picked":["Combust","Entrench","Feel No Pain"],"picked":"SKIP","floor":1},{"not_picked":["Twin Strike","Clothesline"],"picked":"Rupture","floor":3},{"not_picked":["Heavy Blade","Blood for Blood"],"picked":"Combust","floor":5},{"not_picked":["Feel No Pain","Shockwave","Wild Strike"],"picked":"SKIP","floor":6},{"not_picked":["Combust","Evolve"],"picked":"Heavy Blade","floor":7},{"not_picked":["Iron Wave","Pommel Strike"],"picked":"Flex","floor":10}],"player_experience":123484,"relics_obtained":[{"floor":6,"key":"Meat on the Bone"},{"floor":9,"key":"Bottled Lightning"},{"floor":13,"key":"Ancient Tea Set"}],"event_choices":[{"damage_healed":0,"gold_gain":175,"player_choice":"AGREE","damage_taken":0,"max_hp_gain":0,"max_hp_loss":0,"event_name":"Liars Game","floor":4,"gold_loss":0,"cards_obtained":["Doubt"]},{"damage_healed":0,"gold_gain":0,"player_choice":"Fled","damage_taken":0,"max_hp_gain":0,"max_hp_loss":0,"event_name":"Scrap Ooze","floor":12,"gold_loss":0}],"is_beta":false,"boss_relics":[],"items_purged_floors":[14],"is_endless":false,"potions_floor_spawned":[1,3],"killed_by":"The Guardian","ascension_level":0}