{"gold_per_floor":[109,109,34,44,44,72,25,37,37,37,53,53,83,113,113,213,213,228,228,218,218,228,228,153,153,179,192,192,203,103,118,118,220,220,232,251,266,282,302,302,302,320,369,369,36,55,55,29,29,29],"floor_reached":50,"playtime":3414,"items_purged":["Setup+1","Bite","Dramatic Entrance"],"score":454,"play_id":"4bda4cab-1828-431d-b1f9-8ffc959b7edb","local_time":"20180711111514","is_ascension_mode":false,"campfire_choices":[{"data":"Footwork","floor":10,"key":"SMITH"},{"data":"Neutralize","floor":12,"key":"SMITH"},{"floor":15,"key":"REST"},{"data":"Bite","floor":23,"key":"SMITH"},{"data":"Bite","floor":25,"key":"SMITH"},{"data":"Bite","floor":28,"key":"SMITH"},{"data":"Flying Knee","floor":32,"key":"SMITH"},{"data":"Dagger Throw","floor":40,"key":"SMITH"},{"floor":44,"key":"REST"},{"data":"Survivor","floor":47,"key":"SMITH"},{"data":"Quick Slash","floor":49,"key":"SMITH"}],"neow_cost":"NONE","seed_source_timestamp":8514711184104,"circlet_count":0,"master_deck":["Survivor+1","Neutralize+1","Backflip+1","Dagger Throw+1","Dagger Throw+1","Footwork+1","Flying Knee+1","Bite+1","Bite+1","Bite+1","Terror+1","Backstab+1","Acrobatics+1","Quick Slash+1"],"relics":["Astrolabe","Darkstone Periapt","Dodecahedron","Gremlin Horn","Empty Cage","Regal Pillow","Sozu","Blood Vial","ClockworkSouvenir"],"potions_floor_usage":[6,13,16,16,22,33,33,38],"damage_taken":[{"damage":2,"enemies":"2 Louse","floor":1,"turns":2},{"damage":0,"enemies":"Cultist","floor":4,"turns":3},{"damage":13,"enemies":"Gremlin Nob","floor":6,"turns":5},{"damage":1,"enemies":"Jaw Worm","floor":8,"turns":3},{"damage":0,"enemies":"Large Slime","floor":11,"turns":4},{"damage":13,"enemies":"Lagavulin","floor":13,"turns":5},{"damage":29,"enemies":"Hexaghost","floor":16,"turns":9},{"damage":8,"enemies":"3 Byrds","floor":18,"turns":4},{"damage":23,"enemies":"2 Thieves","floor":20,"turns":4},{"damage":7,"enemies":"Cultist and Chosen","floor":22,"turns":8},{"damage":21,"enemies":"Snake Plant","floor":27,"turns":6},{"damage":21,"enemies":"Centurion and Healer","floor":29,"turns":9},{"damage":0,"enemies":"3 Cultists","floor":31,"turns":4},{"damage":19,"enemies":"Automaton","floor":33,"turns":8},{"damage":12,"enemies":"3 Darklings","floor":35,"turns":4},{"damage":17,"enemies":"3 Shapes","floor":36,"turns":4},{"damage":14,"enemies":"Sphere and 2 Shapes","floor":37,"turns":5},{"damage":28,"enemies":"Maw","floor":38,"turns":7},{"damage":21,"enemies":"3 Darklings","floor":39,"turns":7},{"damage":45,"enemies":"Sphere and 2 Shapes","floor":42,"turns":4},{"damage":12,"enemies":"4 Shapes","floor":46,"turns":3},{"damage":48,"enemies":"Donu and Deca","floor":50,"turns":5}],"seed_played":"-7286796687346789963","potions_obtained":[{"floor":1,"key":"SpeedPotion"},{"floor":4,"key":"SkillPotion"},{"floor":6,"key":"Swift Potion"},{"floor":8,"key":"AttackPotion"},{"floor":20,"key":"AttackPotion"},{"floor":27,"key":"Strength Potion"},{"floor":29,"key":"Energy Potion"},{"floor":33,"key":"SneckoOil"}],"is_trial":false,"path_per_floor":["M","?","$","M","?","E","$","M","T","R","M","R","E","?","R","B",null,"M","?","M","$","M","R","?","R","T","M","R","M","$","M","R","B",null,"M","M","M","M","M","R","?","M","T","R","$","M","R","$","R"],"character_chosen":"THE_SILENT","items_purchased":["Flying Knee","ClockworkSouvenir","Quick Slash"],"campfire_rested":2,"item_purchase_floors":[7,45,48],"current_hp_per_floor":[68,68,68,68,68,55,55,54,54,54,54,54,41,41,62,33,70,62,49,38,38,49,49,49,49,49,39,39,49,49,49,49,39,49,49,44,46,36,49,49,49,22,22,49,49,43,43,43,43,0],"gold":29,"neow_bonus":"BOSS_RELIC","is_prod":false,"is_daily":false,"chose_seed":false,"campfire_upgraded":9,"win_rate":0,"timestamp":1531322114,"path_taken":["M","?","$","M","?","E","$","M","T","R","?","R","E","?","R","BOSS","M","?","M","$","M","R","?","R","T","M","R","M","$","M","R","BOSS","M","M","M","M","M","R","?","M","T","R","$","M","R","$","R","BOSS"],"build_version":"2018-07-05","purchased_purges":3,"victory":false,"max_hp_per_floor":[70,70,70,70,70,70,70,70,70,70,70,70,70,70,70,70,70,70,49,49,49,49,49,49,49,49,49,49,49,49,49,49,49,49,49,49,49,49,49,49,49,49,49,49,49,49,49,49,49,49],"card_choices":[{"not_picked":["Accuracy","Deflect"],"picked":"Dagger Throw","floor":1},{"not_picked":["Blur","Dagger Spray","Dagger Throw"],"picked":"SKIP","floor":4},{"not_picked":["Bane","Riddle With Holes"],"picked":"Footwork","floor":6},{"not_picked":["A Thousand Cuts","Prepared","Dagger Spray"],"picked":"SKIP","floor":8},{"not_picked":["Dash","Deadly Poison","Poisoned Stab"],"picked":"SKIP","floor":11},{"not_picked":["Underhanded Strike","Catalyst","Dagger Spray"],"picked":"SKIP","floor":13},{"not_picked":["Well Laid Plans+1","Bane+1","Outmaneuver+1"],"picked":"SKIP","floor":18},{"not_picked":["Setup","Dodge and Roll","Slice"],"picked":"SKIP","floor":20},{"not_picked":["Unload","Sucker Punch+1","Backflip+1"],"picked":"SKIP","floor":22},{"not_picked":["Bane","Poisoned Stab","Dagger Throw"],"picked":"SKIP","floor":27},{"not_picked":["Dagger Throw","Underhanded Strike"],"picked":"Terror+1","floor":29},{"not_picked":["Dagger Throw","Tools of the Trade","Flechettes+1"],"picked":"SKIP","floor":31},{"not_picked":["Caltrops","Cloak And Dagger"],"picked":"Backstab+1","floor":35},{"not_picked":["Flying Knee","Sucker Punch","Dagger Spray+1"],"picked":"SKIP","floor":36},{"not_picked":["Deflect+1","Slice+1","PiercingWail"],"picked":"SKIP","floor":37},{"not_picked":["Slice+1","Dodge and Roll+1","Eviscerate"],"picked":"SKIP","floor":38},{"not_picked":["Predator","Setup+1"],"picked":"Acrobatics+1","floor":39},{"not_picked":["Panacea","Blind"],"picked":"Dramatic Entrance","floor":41},{"not_picked":["Outmaneuver+1","Infinite Blades","Expertise+1"],"picked":"SKIP","floor":42},{"not_picked":["Tools of the Trade","Infinite Blades+1","Expertise"],"picked":"SKIP","floor":46}],"player_experience":209009,"relics_obtained":[{"floor":6,"key":"Darkstone Periapt"},{"floor":9,"key":"Dodecahedron"},{"floor":13,"key":"Gremlin Horn"},{"floor":26,"key":"Regal Pillow"},{"floor":43,"key":"Blood Vial"}],"event_choices":[{"event_name":"Purifier","player_choice":"One Purge","floor":2,"damage_taken":0},{"event_name":"Living Wall","player_choice":"Forget","floor":5,"damage_taken":0},{"event_name":"Dead Adventurer","player_choice":"Searched \u00271\u0027 times","floor":14,"damage_taken":0},{"event_name":"Vampires","player_choice":"Became a vampire","floor":19,"damage_taken":0},{"event_name":"Beggar","player_choice":"Gave Gold","floor":24,"damage_taken":0},{"event_name":"SensoryStone","player_choice":"Memory 1","floor":41,"damage_taken":0}],"boss_relics":[{"not_picked":["Calling Bell","Runic Pyramid"],"picked":"Empty Cage"},{"not_picked":["Cursed Key","Orrery"],"picked":"Sozu"}],"items_purged_floors":[3,30,45],"is_endless":false,"potions_floor_spawned":[1,4,6,8,20,27,29,33,36,42],"killed_by":"Donu and Deca","ascension_level":0}