{"gold_per_floor":[115,115,115,115,126,126,156,170,220,220,250,270,21,33,33,134,134,154,154,172,172,40,40,54,54,80,408,408,422,422,442,442,442],"floor_reached":33,"playtime":5247,"items_purged":[],"score":255,"play_id":"3ce94590-27fc-4a12-a69d-26260c0deef3","local_time":"20190130222947","is_ascension_mode":false,"campfire_choices":[{"data":"Strike_G","floor":6,"key":"SMITH"},{"data":"Strike_G","floor":10,"key":"SMITH"},{"data":"Strike_G","floor":15,"key":"SMITH"},{"data":"Enlightenment","floor":23,"key":"SMITH"},{"floor":25,"key":"REST"},{"floor":30,"key":"REST"},{"floor":32,"key":"REST"}],"neow_cost":"NONE","seed_source_timestamp":726093217575237,"circlet_count":0,"master_deck":["Defend_G+1","Defend_G+1","Defend_G+1","Defend_G+1","Defend_G+1","Strike_G+1","Strike_G+1","Strike_G+1","Strike_G+1","Strike_G+1","Survivor","Neutralize","Deflect+1","Terror","Dash","Choke","Backflip","Enlightenment+1","Phantasmal Killer","Underhanded Strike","Night Terror","Quick Slash","PiercingWail+1","Flash of Steel","Endless Agony","Outmaneuver+1","Prepared","Poisoned Stab+1"],"relics":["Ring of the Snake","Odd Mushroom","WristBlade","PreservedInsect","Old Coin","MutagenicStrength"],"potions_floor_usage":[11,16,18,18,27,29,33,33],"damage_taken":[{"damage":0,"enemies":"Jaw Worm","floor":1,"turns":5},{"damage":0,"enemies":"Small Slimes","floor":5,"turns":5},{"damage":0,"enemies":"2 Louse","floor":8,"turns":2},{"damage":15,"enemies":"The Mushroom Lair","floor":11,"turns":6},{"damage":0,"enemies":"Looter","floor":12,"turns":3},{"damage":0,"enemies":"Large Slime","floor":14,"turns":4},{"damage":42,"enemies":"Hexaghost","floor":16,"turns":11},{"damage":26,"enemies":"Spheric Guardian","floor":18,"turns":6},{"damage":2,"enemies":"Chosen","floor":20,"turns":5},{"damage":18,"enemies":"Snake Plant","floor":24,"turns":9},{"damage":50,"enemies":"Gremlin Leader","floor":27,"turns":6},{"damage":2,"enemies":"Chosen and Byrds","floor":29,"turns":8},{"damage":6,"enemies":"Snecko","floor":31,"turns":5},{"damage":53,"enemies":"Champ","floor":33,"turns":13}],"seed_played":"3619324263964554242","potions_obtained":[{"floor":1,"key":"Dexterity Potion"},{"floor":5,"key":"Regen Potion"},{"floor":8,"key":"FearPotion"},{"floor":12,"key":"PowerPotion"},{"floor":14,"key":"Swift Potion"},{"floor":24,"key":"Energy Potion"},{"floor":29,"key":"GhostInAJar"},{"floor":31,"key":"FearPotion"}],"is_trial":false,"path_per_floor":["?","?","?","M","?","?","?","?","?"],"character_chosen":"THE_SILENT","items_purchased":["Enlightenment","Phantasmal Killer","Flash of Steel","Swift Potion"],"campfire_rested":3,"item_purchase_floors":[13,13,22,22],"current_hp_per_floor":[77,62,67,67,67,67,67,67,67,67,64,64,64,64,64,22,82,56,56,54,54,54,54,36,60,60,10,10,8,32,26,50,0],"gold":442,"neow_bonus":"TEN_PERCENT_HP_BONUS","is_prod":false,"is_daily":false,"chose_seed":false,"campfire_upgraded":4,"win_rate":0.0,"timestamp":1548898187,"path_taken":["M","?","?","?","?","R","?","M","T","R","?","M","$","M","R","BOSS","M","?","M","?","$","R","M","R","T","E","?","M","R","M","R","BOSS"],"build_version":"2019-01-23","purchased_purges":0,"victory":false,"max_hp_per_floor":[77,77,82,82,82,82,82,82,82,82,82,82,82,82,82,82,82,82,82,82,82,82,82,82,82,82,82,82,82,82,82,82,82],"card_choices":[{"not_picked":["Bouncing Flask","Blur"],"picked":"Deflect","floor":1},{"not_picked":["Finisher","Escape Plan"],"picked":"Terror","floor":5},{"not_picked":["Bouncing Flask","PiercingWail"],"picked":"Dash","floor":8},{"not_picked":["Deadly Poison","Slice"],"picked":"Choke","floor":11},{"not_picked":["Deadly Poison","Dash"],"picked":"Backflip","floor":12},{"not_picked":["Blade Dance","Backflip"],"picked":"Underhanded Strike","floor":14},{"not_picked":["Phantasmal Killer","Wraith Form v2"],"picked":"Night Terror","floor":16},{"not_picked":["Terror","Sucker Punch"],"picked":"Quick Slash","floor":18},{"not_picked":["Calculated Gamble","Flying Knee"],"picked":"PiercingWail+1","floor":20},{"not_picked":["PiercingWail","Quick Slash"],"picked":"Endless Agony","floor":24},{"not_picked":["Deadly Poison","Leg Sweep+1"],"picked":"Outmaneuver+1","floor":27},{"not_picked":["Riddle With Holes+1","Poisoned Stab+1"],"picked":"Prepared","floor":29},{"not_picked":["Footwork","Reflex+1"],"picked":"Poisoned Stab+1","floor":31}],"player_experience":7472,"relics_obtained":[{"floor":11,"key":"Odd Mushroom"},{"floor":26,"key":"PreservedInsect"},{"floor":27,"key":"Old Coin"}],"event_choices":[{"damage_healed":0,"gold_gain":0,"player_choice":"Entered Light","damage_taken":15,"max_hp_gain":0,"max_hp_loss":0,"event_name":"Shining Light","floor":2,"gold_loss":0,"cards_upgraded":["Defend_G","Strike_G"]},{"damage_healed":0,"gold_gain":0,"player_choice":"Donut","damage_taken":0,"max_hp_gain":5,"max_hp_loss":0,"event_name":"Big Fish","floor":3,"gold_loss":0},{"damage_healed":0,"gold_gain":0,"player_choice":"Grow","damage_taken":0,"max_hp_gain":0,"max_hp_loss":0,"event_name":"Living Wall","floor":4,"gold_loss":0,"cards_upgraded":["Deflect"]},{"damage_healed":0,"gold_gain":30,"player_choice":"Searched \u00272\u0027 times","damage_taken":0,"max_hp_gain":0,"max_hp_loss":0,"event_name":"Dead Adventurer","floor":7,"gold_loss":0},{"damage_healed":0,"gold_gain":0,"player_choice":"Fought Mushrooms","damage_taken":0,"max_hp_gain":0,"max_hp_loss":0,"event_name":"Mushrooms","floor":11,"gold_loss":0},{"damage_healed":0,"gold_gain":0,"player_choice":"Ignored","damage_taken":0,"max_hp_gain":0,"max_hp_loss":0,"event_name":"Vampires","floor":19,"gold_loss":0},{"damage_healed":0,"gold_gain":0,"player_choice":"Simplicity","damage_taken":0,"max_hp_gain":0,"max_hp_loss":0,"event_name":"Back to Basics","floor":21,"gold_loss":0,"cards_upgraded":["Defend_G","Defend_G","Defend_G","Defend_G","Strike_G"]},{"damage_healed":0,"gold_gain":0,"player_choice":"Inject Mutagens","damage_taken":0,"relics_obtained":["MutagenicStrength"],"max_hp_gain":0,"max_hp_loss":0,"event_name":"Drug Dealer","floor":28,"gold_loss":0}],"is_beta":false,"boss_relics":[{"not_picked":["Ring of the Serpent","Astrolabe"],"picked":"WristBlade"}],"items_purged_floors":[],"is_endless":false,"potions_floor_spawned":[1,5,8,12,14,24,29,31],"killed_by":"Champ","ascension_level":0}