{"gold_per_floor":[111,128,146,46,46,46,58,233,256,271,271,281,24,36,36,133,133,144,59,0,0,11,11],"floor_reached":23,"playtime":1031,"items_purged":["Doubt"],"score":192,"play_id":"b10a1399-9c24-4c2c-94f0-02a8ff87a5c1","local_time":"20180924153552","is_ascension_mode":true,"campfire_choices":[{"data":"Dagger Spray","floor":6,"key":"SMITH"},{"data":"Flying Knee","floor":11,"key":"SMITH"},{"floor":15,"key":"REST"}],"neow_cost":"NONE","seed_source_timestamp":274778444896881,"circlet_count":0,"master_deck":["Defend_G","Defend_G","Defend_G","Defend_G","Strike_G","Strike_G","Strike_G","Strike_G","Strike_G","Survivor","Neutralize","Footwork","Dagger Spray+1","Flying Knee+1","Quick Slash","Writhe","Flying Knee","Adrenaline"],"relics":["Cursed Key","Bronze Scales","Fusion Hammer","Dream Catcher"],"potions_floor_usage":[7,18],"damage_taken":[{"damage":0,"enemies":"Small Slimes","floor":1,"turns":4},{"damage":0,"enemies":"Jaw Worm","floor":2,"turns":6},{"damage":0,"enemies":"Cultist","floor":3,"turns":4},{"damage":0,"enemies":"Large Slime","floor":7,"turns":3},{"damage":12,"enemies":"3 Louse","floor":10,"turns":2},{"damage":16,"enemies":"Exordium Thugs","floor":12,"turns":4},{"damage":0,"enemies":"Large Slime","floor":14,"turns":4},{"damage":52,"enemies":"Hexaghost","floor":16,"turns":10},{"damage":1,"enemies":"Chosen","floor":18,"turns":4},{"damage":3,"enemies":"3 Byrds","floor":22,"turns":3},{"damage":30,"enemies":"Slavers","floor":23,"turns":2}],"seed_played":"6745927401547994168","potions_obtained":[{"floor":2,"key":"Ancient Potion"},{"floor":3,"key":"FearPotion"},{"floor":18,"key":"Energy Potion"}],"is_trial":false,"path_per_floor":["M","M","M","$","?","R","M","?","T","M","R","M","$","M","R","B",null,"M","?","?","$","M"],"character_chosen":"THE_SILENT","items_purchased":["Quick Slash","Fire Potion","Flying Knee","Adrenaline"],"campfire_rested":1,"item_purchase_floors":[4,4,13,13],"current_hp_per_floor":[70,70,70,70,63,63,63,63,63,51,51,35,35,35,56,4,70,69,69,69,69,66,36],"gold":11,"neow_bonus":"BOSS_RELIC","is_prod":false,"is_daily":false,"chose_seed":false,"campfire_upgraded":2,"win_rate":0,"timestamp":1537817752,"path_taken":["M","M","M","$","?","R","M","?","T","?","R","M","$","M","R","BOSS","M","?","?","$","M","E"],"build_version":"2018-09-20","purchased_purges":1,"victory":false,"max_hp_per_floor":[70,70,70,70,70,70,70,70,70,70,70,70,70,70,70,70,70,70,70,70,70,70,70],"card_choices":[{"not_picked":["Deadly Poison","PiercingWail"],"picked":"Footwork","floor":1},{"not_picked":["Acrobatics","Caltrops"],"picked":"Dagger Spray","floor":2},{"not_picked":["Catalyst","Dodge and Roll"],"picked":"Flying Knee","floor":3},{"not_picked":["Calculated Gamble","Dagger Spray","Accuracy"],"picked":"SKIP","floor":7},{"not_picked":["Slice","Predator","Endless Agony"],"picked":"SKIP","floor":10},{"not_picked":["Cloak And Dagger","Dagger Spray","Underhanded Strike"],"picked":"SKIP","floor":12},{"not_picked":["Terror","Bane","Backflip"],"picked":"SKIP","floor":14},{"not_picked":["Outmaneuver","Flying Knee","Backflip"],"picked":"SKIP","floor":18},{"not_picked":["Terror","PiercingWail+1","Endless Agony"],"picked":"SKIP","floor":22}],"player_experience":406496,"relics_obtained":[{"floor":9,"key":"Bronze Scales"}],"event_choices":[{"event_name":"Golden Wing","player_choice":"Card Removal","floor":5,"damage_taken":0},{"event_name":"Liars Game","player_choice":"agreed","floor":8,"damage_taken":0},{"event_name":"Addict","player_choice":"Obtained Relic","floor":19,"damage_taken":0},{"event_name":"Masked Bandits","player_choice":"Paid Fearfully","floor":20,"damage_taken":0}],"is_beta":false,"boss_relics":[{"not_picked":["Orrery","Pandora\u0027s Box"],"picked":"Fusion Hammer"}],"items_purged_floors":[13],"is_endless":false,"potions_floor_spawned":[2,3,18],"killed_by":"Slavers","ascension_level":1}