{"gold_per_floor":[113,31,31,49,60,90,90,108,108,141,141,158,158,158,158,257,257,271,271,370,382,108,142,168,83,83,83],"floor_reached":27,"playtime":1063,"items_purged":["Reaper"],"score":264,"play_id":"3ba658b6-b13d-4010-9f3a-d2d15cd37ded","local_time":"20180807104108","is_ascension_mode":false,"campfire_choices":[{"data":"Bludgeon","floor":7,"key":"SMITH"},{"data":"Flex","floor":11,"key":"SMITH"},{"data":"Thunderclap","floor":13,"key":"SMITH"},{"data":"Anger","floor":15,"key":"SMITH"}],"neow_cost":"NONE","seed_source_timestamp":2341663751260474,"circlet_count":0,"master_deck":["Strike_R","Strike_R","Strike_R","Strike_R","Strike_R","Defend_R","Defend_R","Defend_R","Defend_R","Bash","Anger+1","Inflame","Shrug It Off","Anger","Bludgeon+1","Spot Weakness","Flex+1","Thunderclap+1","Bludgeon","Flex","Dramatic Entrance"],"relics":["Burning Blood","Juzu Bracelet","Oddly Smooth Stone","Pantograph","Bag of Preparation","Black Star","Sling","Blue Candle","Pear","Pen Nib","Omamori","Happy Flower"],"potions_floor_usage":[10,10],"damage_taken":[{"damage":6,"enemies":"Cultist","floor":1,"turns":3},{"damage":8,"enemies":"Small Slimes","floor":4,"turns":3},{"damage":18,"enemies":"Jaw Worm","floor":5,"turns":3},{"damage":22,"enemies":"3 Sentries","floor":6,"turns":7},{"damage":0,"enemies":"Large Slime","floor":8,"turns":5},{"damage":10,"enemies":"Gremlin Nob","floor":10,"turns":4},{"damage":12,"enemies":"Blue Slaver","floor":12,"turns":2},{"damage":52,"enemies":"Hexaghost","floor":16,"turns":6},{"damage":24,"enemies":"Shell Parasite","floor":18,"turns":3},{"damage":10,"enemies":"Spheric Guardian","floor":21,"turns":3},{"damage":41,"enemies":"Gremlin Leader","floor":23,"turns":6},{"damage":42,"enemies":"Slavers","floor":27,"turns":2}],"seed_played":"4902239036814028442","potions_obtained":[{"floor":1,"key":"Dexterity Potion"},{"floor":4,"key":"EssenceOfSteel"},{"floor":8,"key":"GamblersBrew"},{"floor":21,"key":"SpeedPotion"}],"is_trial":false,"path_per_floor":["M","$","?","M","M","E","R","M","T","E","R","M","R","?","R","B",null,"M","?","?","M","$","E","T","?","T"],"character_chosen":"IRONCLAD","items_purchased":["Inflame","Sling"],"campfire_rested":0,"item_purchase_floors":[2,22],"current_hp_per_floor":[80,80,85,83,71,61,61,71,71,67,67,61,61,58,58,37,85,67,67,67,63,63,38,38,38,38,0],"gold":83,"neow_bonus":"ONE_RANDOM_RARE_CARD","is_prod":false,"is_daily":false,"chose_seed":false,"campfire_upgraded":4,"win_rate":0,"timestamp":1533652868,"path_taken":["M","$","?","?","M","E","R","M","T","E","R","M","R","?","R","BOSS","M","?","?","M","$","E","?","?","T","E"],"build_version":"2018-08-02","purchased_purges":1,"victory":false,"max_hp_per_floor":[80,80,85,85,85,85,85,85,85,85,85,85,85,85,85,85,85,85,85,85,85,85,95,95,95,95,95],"card_choices":[{"not_picked":["Sentinel","Disarm"],"picked":"Anger","floor":1},{"not_picked":["Iron Wave","Headbutt"],"picked":"Shrug It Off","floor":4},{"not_picked":["Perfected Strike","Havoc"],"picked":"Anger","floor":5},{"not_picked":["Entrench","Reaper"],"picked":"Bludgeon","floor":6},{"not_picked":["Perfected Strike","Cleave"],"picked":"Spot Weakness","floor":8},{"not_picked":["Perfected Strike","Dark Embrace"],"picked":"Flex","floor":10},{"not_picked":["Clash","Perfected Strike"],"picked":"Thunderclap","floor":12},{"not_picked":["Demon Form","Fiend Fire"],"picked":"Bludgeon","floor":16},{"not_picked":["Warcry","Corruption"],"picked":"Flex","floor":18},{"not_picked":["Dual Wield","Wild Strike","Disarm"],"picked":"SKIP","floor":21},{"not_picked":["Evolve","Uppercut","Havoc"],"picked":"SKIP","floor":23}],"player_experience":343445,"relics_obtained":[{"floor":6,"key":"Juzu Bracelet"},{"floor":9,"key":"Oddly Smooth Stone"},{"floor":10,"key":"Pantograph"},{"floor":23,"key":"Blue Candle"},{"floor":23,"key":"Pear"},{"floor":24,"key":"Pen Nib"},{"floor":26,"key":"Happy Flower"}],"event_choices":[{"event_name":"Big Fish","player_choice":"Donut","floor":3,"damage_taken":0},{"event_name":"Scrap Ooze","player_choice":"success","floor":14,"damage_taken":3},{"event_name":"Match and Keep!","player_choice":"1 cards matched","floor":19,"damage_taken":0},{"event_name":"Nest","player_choice":"Stole From Cult","floor":20,"damage_taken":0},{"event_name":"Addict","player_choice":"Obtained Relic","floor":25,"damage_taken":0}],"is_beta":false,"boss_relics":[{"not_picked":["Orrery","Tiny House"],"picked":"Black Star"}],"items_purged_floors":[22],"is_endless":false,"potions_floor_spawned":[1,4,8,21],"killed_by":"Slavers","ascension_level":0}