{"gold_per_floor":[119,119,219,219,231,231,244,244,244,264,189,189,139,150,150,150],"floor_reached":16,"playtime":3444,"items_purged":["Defend_R"],"score":115,"play_id":"aeae9a24-6f7e-4946-8d43-37166dc79e9b","local_time":"20180705141805","is_ascension_mode":false,"campfire_choices":[{"floor":6,"key":"REST"},{"floor":8,"key":"REST"},{"floor":12,"key":"REST"},{"data":"Thunderclap","floor":15,"key":"SMITH"}],"neow_cost":"FIFTY_PERCENT_DAMAGE","seed_source_timestamp":1251341172435350,"circlet_count":0,"master_deck":["Strike_R","Strike_R","Strike_R","Strike_R","Strike_R","Defend_R","Bash","Thunderclap+1","Anger","Uppercut","Hemokinesis"],"relics":["Burning Blood","Darkstone Periapt","Matryoshka"],"potions_floor_usage":[16],"damage_taken":[{"damage":9,"enemies":"2 Louse","floor":1,"turns":4},{"damage":6,"enemies":"Cultist","floor":5,"turns":3},{"damage":11,"enemies":"Jaw Worm","floor":7,"turns":2},{"damage":34,"enemies":"Exordium Thugs","floor":10,"turns":3},{"damage":10,"enemies":"Looter","floor":14,"turns":2},{"damage":74,"enemies":"Hexaghost","floor":16,"turns":7}],"seed_played":"3280781827194960651","potions_obtained":[{"floor":5,"key":"Ancient Potion"}],"is_trial":false,"path_per_floor":["M","?","?","?","M","R","M","R","T","M","$","R","?","M","R"],"character_chosen":"IRONCLAD","items_purchased":[],"campfire_rested":3,"item_purchase_floors":[],"current_hp_per_floor":[45,45,45,27,27,55,50,78,78,50,50,78,78,74,74,0],"gold":150,"neow_bonus":"TWENTY_PERCENT_HP_BONUS","is_prod":false,"is_daily":false,"chose_seed":false,"campfire_upgraded":1,"win_rate":0.0,"timestamp":1530814685,"path_taken":["M","?","?","?","?","R","M","R","T","M","?","R","?","?","R","BOSS"],"build_version":"2018-06-28","purchased_purges":1,"victory":false,"max_hp_per_floor":[96,96,96,96,96,96,96,96,96,96,96,96,96,96,96,96],"card_choices":[{"not_picked":["Warcry","Disarm"],"picked":"Thunderclap","floor":1},{"not_picked":["Armaments","True Grit","Limit Break"],"picked":"SKIP","floor":5},{"not_picked":["Ghostly Armor","Iron Wave"],"picked":"Anger","floor":7},{"not_picked":["Feel No Pain","Sword Boomerang"],"picked":"Uppercut","floor":10},{"not_picked":["Flame Barrier","Spot Weakness"],"picked":"Hemokinesis","floor":14}],"player_experience":46134,"relics_obtained":[{"floor":9,"key":"Matryoshka"}],"event_choices":[{"event_name":"Purifier","player_choice":"One Purge","floor":2,"damage_taken":0},{"event_name":"Golden Shrine","player_choice":"Pray","floor":3,"damage_taken":0},{"event_name":"Scrap Ooze","player_choice":"success","floor":4,"damage_taken":18},{"event_name":"The Cleric","player_choice":"Card Removal","floor":13,"damage_taken":0}],"boss_relics":[],"items_purged_floors":[11],"is_endless":false,"potions_floor_spawned":[5],"killed_by":"Hexaghost","ascension_level":0}