{"gold_per_floor":[219,394,394,369,379,379,389,389,389,407,437,448,448,367,367,466,466,477,477,477,477,496,252,252,213,213,213,225,241,156,173,173,272,272,291,291,291,308,383,383,383],"floor_reached":41,"playtime":3535,"items_purged":[],"score":379,"play_id":"af6e4cd1-c529-4df2-9aec-209840417c51","local_time":"20190306145146","is_ascension_mode":false,"campfire_choices":[{"data":"Armaments","floor":6.0,"key":"SMITH"},{"data":"Bash","floor":8.0,"key":"SMITH"},{"data":"Flex","floor":13.0,"key":"SMITH"},{"data":"Inflame","floor":15.0,"key":"SMITH"},{"floor":24,"key":"REST"},{"data":"Double Tap","floor":27,"key":"SMITH"},{"floor":32,"key":"REST"},{"floor":40,"key":"REST"}],"neow_cost":"NONE","seed_source_timestamp":396198328866320,"circlet_count":0,"master_deck":["Strike_R","Strike_R","Strike_R","Strike_R","Strike_R","Defend_R","Defend_R","Defend_R","Defend_R","Bash+1","Flex+1","Shrug It Off","Armaments+1","Ghostly Armor","Headbutt","Inflame+1","Double Tap+1","Fire Breathing+1","RitualDagger","Dual Wield","Inflame+1","Shrug It Off","Uppercut","Headbutt","Cleave"],"special_seed":0,"relics":["Burning Blood","Odd Mushroom","Busted Crown","Art of War","DollysMirror","Pear","Ancient Tea Set","Runic Pyramid"],"potions_floor_usage":[33,33,33],"damage_taken":[{"damage":0.0,"enemies":"Small Slimes","floor":1.0,"turns":3.0},{"damage":3.0,"enemies":"Jaw Worm","floor":5.0,"turns":5.0},{"damage":0.0,"enemies":"2 Louse","floor":7.0,"turns":3.0},{"damage":8.0,"enemies":"Blue Slaver","floor":10.0,"turns":4.0},{"damage":36.0,"enemies":"The Mushroom Lair","floor":11.0,"turns":6.0},{"damage":3.0,"enemies":"Exordium Wildlife","floor":12.0,"turns":5.0},{"damage":57.0,"enemies":"The Guardian","floor":16.0,"turns":16.0},{"damage":13.0,"enemies":"Spheric Guardian","floor":18.0,"turns":4.0},{"damage":25.0,"enemies":"2 Thieves","floor":22.0,"turns":4.0},{"damage":27,"enemies":"Snecko","floor":28,"turns":8},{"damage":9,"enemies":"Centurion and Healer","floor":29,"turns":4},{"damage":8,"enemies":"Snake Plant","floor":31,"turns":3},{"damage":57,"enemies":"Champ","floor":33,"turns":11},{"damage":16,"enemies":"Orb Walker","floor":35,"turns":4},{"damage":22,"enemies":"3 Darklings","floor":38,"turns":6},{"damage":99,"enemies":"Nemesis","floor":41,"turns":6}],"seed_played":"-7064929631871142461","potions_obtained":[{"floor":5.0,"key":"GamblersBrew"},{"floor":10.0,"key":"Regen Potion"},{"floor":11.0,"key":"AttackPotion"},{"floor":22.0,"key":"SkillPotion"},{"floor":28,"key":"FearPotion"},{"floor":29,"key":"Energy Potion"}],"is_trial":false,"path_per_floor":["?","?","?","$","?","?","?","M","?","?","?"],"character_chosen":"IRONCLAD","items_purchased":["Shrug It Off","Inflame","DollysMirror","Shrug It Off","Uppercut"],"campfire_rested":3,"item_purchase_floors":[4,14,23,23,25],"current_hp_per_floor":[80,80,73,73,76,76,80,80,80,78,48,51,51,51,51,15,80,73,73,73,67,48,48,72,72,82,82,61,58,58,56,83,32,90,80,80,80,64,55,82,0],"gold":383,"neow_bonus":"HUNDRED_GOLD","is_prod":false,"is_daily":false,"chose_seed":false,"campfire_upgraded":5,"win_rate":0,"timestamp":1551894706,"path_taken":["M","?","?","$","M","R","M","R","T","M","?","M","R","?","R","BOSS","M","?","?","?","M","$","R","$","T","R","?","M","?","M","R","BOSS","M","?","$","M","?","R","E"],"build_version":"2019-01-23","purchased_purges":0,"victory":false,"max_hp_per_floor":[80,80,80,80,80,80,80,80,80,80,80,80,80,80,80,80,80,80,80,80,80,80,80,80,80,90,90,90,90,90,90,90,90,90,90,90,90,90,90,90,90],"card_choices":[{"not_picked":["Sword Boomerang","Wild Strike"],"picked":"Flex","floor":1.0},{"not_picked":["Power Through","Feel No Pain"],"picked":"Armaments","floor":5.0},{"not_picked":["Rupture","Wild Strike","Clothesline"],"picked":"SKIP","floor":7.0},{"not_picked":["Wild Strike","Corruption","Armaments"],"picked":"SKIP","floor":10.0},{"not_picked":["Shockwave","Hemokinesis"],"picked":"Ghostly Armor","floor":11.0},{"not_picked":["Clash","Havoc"],"picked":"Headbutt","floor":12.0},{"not_picked":["Barricade","Juggernaut"],"picked":"Double Tap","floor":16.0},{"not_picked":[],"picked":"Fire Breathing+1","floor":18.0},{"not_picked":[],"picked":"Dual Wield","floor":22.0},{"not_picked":[],"picked":"Headbutt","floor":28},{"not_picked":[],"picked":"Cleave","floor":29},{"not_picked":["Carnage"],"picked":"SKIP","floor":31},{"not_picked":["Evolve"],"picked":"SKIP","floor":35},{"not_picked":["Anger"],"picked":"SKIP","floor":38}],"player_experience":263842,"relics_obtained":[{"floor":11.0,"key":"Odd Mushroom"},{"floor":26,"key":"Pear"}],"event_choices":[{"damage_healed":0.0,"max_hp_gain":0.0,"max_hp_loss":0.0,"gold_gain":175.0,"event_name":"Liars Game","player_choice":"AGREE","floor":2.0,"gold_loss":0.0,"damage_taken":0.0,"cards_obtained":["Doubt"]},{"cards_removed":["Doubt"],"damage_healed":0.0,"max_hp_gain":0.0,"max_hp_loss":0.0,"gold_gain":0.0,"event_name":"Golden Wing","player_choice":"Card Removal","floor":3.0,"gold_loss":0.0,"damage_taken":7.0},{"damage_healed":0.0,"max_hp_gain":0.0,"max_hp_loss":0.0,"gold_gain":0.0,"event_name":"Mushrooms","player_choice":"Fought Mushrooms","floor":11.0,"gold_loss":0.0,"damage_taken":0.0},{"damage_healed":0.0,"max_hp_gain":0.0,"max_hp_loss":0.0,"gold_gain":0.0,"event_name":"The Mausoleum","player_choice":"Opened","floor":19.0,"gold_loss":0.0,"damage_taken":0.0,"relics_obtained":["Art of War"]},{"damage_healed":0.0,"max_hp_gain":0.0,"max_hp_loss":0.0,"gold_gain":0.0,"event_name":"Vampires","player_choice":"Ignored","floor":20.0,"gold_loss":0.0,"damage_taken":0.0},{"damage_healed":0.0,"max_hp_gain":0.0,"max_hp_loss":0.0,"gold_gain":0.0,"event_name":"Nest","player_choice":"Joined the Cult","floor":21.0,"gold_loss":0.0,"damage_taken":6.0,"cards_obtained":["RitualDagger"]},{"damage_healed":0,"gold_gain":0,"player_choice":"Obtained Relic","damage_taken":0,"relics_obtained":["Ancient Tea Set"],"max_hp_gain":0,"max_hp_loss":0,"event_name":"Addict","floor":30,"gold_loss":85},{"damage_healed":0,"gold_gain":0,"player_choice":"Ignored","damage_taken":0,"max_hp_gain":0,"max_hp_loss":0,"event_name":"Tomb of Lord Red Mask","floor":36,"gold_loss":0},{"damage_healed":0,"gold_gain":75,"player_choice":"Touch","damage_taken":9,"max_hp_gain":0,"max_hp_loss":0,"event_name":"FaceTrader","floor":39,"gold_loss":0}],"is_beta":false,"boss_relics":[{"not_picked":["Tiny House","Eternal Feather"],"picked":"Busted Crown"},{"not_picked":["Sozu","White Beast Statue"],"picked":"Runic Pyramid"}],"items_purged_floors":[],"is_endless":false,"potions_floor_spawned":[5,10,11,22,28,29],"killed_by":"Nemesis","ascension_level":0}