{"gold_per_floor":[109,109,109,109,119,151,25,25,51,85,100,116,216,39,39,142,142,156,173,98,117,130,130,165,165,165,175,205,205,205,217,217,321,321,341,341,100,116,135,167,167,0,0,16,16,43,56,83,83,83],"floor_reached":51,"playtime":3616,"items_purged":["Strike_B","Strike_B"],"score":1051,"play_id":"16eae48e-9937-4230-bd5b-d01f71bb58ad","local_time":"20190331220412","is_ascension_mode":true,"campfire_choices":[{"data":"Self Repair","floor":8,"key":"SMITH"},{"data":"Go for the Eyes","floor":15,"key":"SMITH"},{"data":"Echo Form","floor":23,"key":"SMITH"},{"data":"Scrape","floor":25,"key":"SMITH"},{"data":"Sunder","floor":30,"key":"SMITH"},{"data":"Beam Cell","floor":32,"key":"SMITH"},{"data":"1","floor":41,"key":"LIFT"},{"data":"2","floor":45,"key":"LIFT"},{"data":"3","floor":49,"key":"LIFT"}],"neow_cost":"NONE","seed_source_timestamp":10641362037963,"circlet_count":0,"master_deck":["Zap+1","Dualcast+1","Gash","Gash","Self Repair+1","Gash","Scrape+1","Conserve Battery","Gash","Go for the Eyes+1","Leap","Steam","Go for the Eyes","Beam Cell+1","Echo Form+1","Steam+1","All For One","Sunder+1","Stack+1","Fission+1","Beam Cell+1","Creative AI+1","Reboot+1","Recycle+1","Gash"],"relics":["FrozenCore","NeowsBlessing","War Paint","Blue Candle","Oddly Smooth Stone","Happy Flower","Strawberry","Mummified Hand","Dead Branch","PreservedInsect","Astrolabe","Meat on the Bone","Girya","Red Mask","Art of War","Orichalcum","Symbiotic Virus"],"potions_floor_usage":[16,19,22,22,28,39,50,50,50],"damage_taken":[{"damage":0,"enemies":"2 Louse","floor":1,"turns":1},{"damage":0,"enemies":"Jaw Worm","floor":5,"turns":1},{"damage":0,"enemies":"3 Sentries","floor":6,"turns":1},{"damage":32,"enemies":"Gremlin Nob","floor":10,"turns":4},{"damage":0,"enemies":"Cultist","floor":11,"turns":3},{"damage":0,"enemies":"Blue Slaver","floor":12,"turns":3},{"damage":36,"enemies":"Hexaghost","floor":16,"turns":7},{"damage":0,"enemies":"Spheric Guardian","floor":18,"turns":5},{"damage":0,"enemies":"Chosen","floor":19,"turns":5},{"damage":1,"enemies":"Shelled Parasite and Fungi","floor":21,"turns":7},{"damage":5,"enemies":"Snecko","floor":22,"turns":8},{"damage":45,"enemies":"Gremlin Leader","floor":24,"turns":12},{"damage":5,"enemies":"Centurion and Healer","floor":27,"turns":7},{"damage":1,"enemies":"Slavers","floor":28,"turns":4},{"damage":0,"enemies":"3 Cultists","floor":31,"turns":5},{"damage":42,"enemies":"Automaton","floor":33,"turns":9},{"damage":20,"enemies":"3 Darklings","floor":35,"turns":3},{"damage":9,"enemies":"Orb Walker","floor":38,"turns":4},{"damage":52,"enemies":"Jaw Worm Horde","floor":39,"turns":3},{"damage":25,"enemies":"Reptomancer","floor":40,"turns":4},{"damage":23,"enemies":"4 Shapes","floor":44,"turns":4},{"damage":5,"enemies":"Giant Head","floor":46,"turns":4},{"damage":25,"enemies":"Transient","floor":47,"turns":5},{"damage":3,"enemies":"Nemesis","floor":48,"turns":3},{"damage":39,"enemies":"Time Eater","floor":50,"turns":9}],"seed_played":"-8837733016815816584","potions_obtained":[{"floor":6,"key":"GamblersBrew"},{"floor":11,"key":"FocusPotion"},{"floor":16,"key":"EssenceOfSteel"},{"floor":19,"key":"Fruit Juice"},{"floor":24,"key":"PowerPotion"},{"floor":33,"key":"FocusPotion"},{"floor":38,"key":"Explosive Potion"},{"floor":39,"key":"Weak Potion"},{"floor":44,"key":"SkillPotion"}],"is_trial":false,"path_per_floor":["M","?","?","T","M","E","$","R","T","E","M","M","?","$","R","B",null,"M","M","?","M","M","R","E","R","T","M","E","?","R","M","R","B",null,"M","?","$","M","M","E","R","?","T","M","R","E","M","E","R","B",null],"character_chosen":"DEFECT","items_purchased":["Gash","Go for the Eyes","Leap","Meat on the Bone"],"campfire_rested":0,"item_purchase_floors":[7,14,14,37],"current_hp_per_floor":[68,56,56,56,56,56,56,56,56,41,51,51,51,51,51,25,68,78,83,83,87,87,87,52,52,52,57,56,56,56,76,76,44,76,76,76,76,77,47,44,44,44,44,43,43,60,57,64,64,37],"gold":83,"neow_bonus":"THREE_ENEMY_KILL","is_prod":false,"is_daily":false,"chose_seed":false,"campfire_upgraded":6,"win_rate":0,"timestamp":1554037452,"path_taken":["M","?","?","?","M","E","$","R","T","E","M","?","?","$","R","BOSS","M","?","?","M","M","R","E","R","T","M","E","?","R","M","R","BOSS","M","?","$","?","M","E","R","?","T","M","R","E","M","E","R","BOSS"],"build_version":"2019-01-23","purchased_purges":2,"victory":true,"max_hp_per_floor":[75,75,75,75,75,75,75,75,75,82,82,82,82,82,82,82,82,82,87,87,87,87,87,87,87,87,87,87,87,87,87,87,87,87,87,87,87,87,87,87,87,87,87,87,87,87,87,87,87,87],"card_choices":[{"not_picked":["Redo","Melter"],"picked":"Gash","floor":1},{"not_picked":["Tempest","Static Discharge"],"picked":"Gash","floor":5},{"not_picked":["Capacitor","Barrage"],"picked":"Self Repair","floor":6},{"not_picked":["Beam Cell","Cold Snap"],"picked":"Scrape","floor":10},{"not_picked":["Turbo","Stack"],"picked":"Conserve Battery","floor":11},{"not_picked":["Heatsinks","Double Energy"],"picked":"Gash","floor":12},{"not_picked":["Electrodynamics","Thunder Strike"],"picked":"Biased Cognition","floor":16},{"not_picked":["Conserve Battery","Consume+1"],"picked":"Steam","floor":18},{"not_picked":["Turbo+1","Barrage+1"],"picked":"Go for the Eyes","floor":19},{"not_picked":["Coolheaded","Double Energy+1"],"picked":"Beam Cell","floor":21},{"not_picked":["Static Discharge+1","Barrage"],"picked":"Echo Form","floor":22},{"not_picked":["Reprogram+1","Consume"],"picked":"Steam+1","floor":24},{"not_picked":["Cold Snap","Redo","Lockon"],"picked":"SKIP","floor":27},{"not_picked":["Doom and Gloom","Cold Snap+1","Darkness"],"picked":"SKIP","floor":28},{"not_picked":["Stack+1","Doom and Gloom+1","Force Field"],"picked":"SKIP","floor":31},{"not_picked":["Doom and Gloom+1","Force Field"],"picked":"Stack+1","floor":31},{"not_picked":["Rainbow","Thunder Strike"],"picked":"Fission","floor":33},{"not_picked":["Darkness+1","Turbo+1","Consume+1"],"picked":"SKIP","floor":35},{"not_picked":["Reinforced Body+1","Genetic Algorithm"],"picked":"Recycle+1","floor":38},{"not_picked":["Double Energy+1","Redo","Doom and Gloom"],"picked":"SKIP","floor":39},{"not_picked":["Coolheaded","Barrage","Defragment"],"picked":"SKIP","floor":40},{"not_picked":["Fusion+1","Barrage+1"],"picked":"Gash","floor":44},{"not_picked":["Capacitor","Barrage+1","Rebound"],"picked":"SKIP","floor":46},{"not_picked":["Beam Cell","Compile Driver+1","Go for the Eyes+1"],"picked":"SKIP","floor":47},{"not_picked":["Heatsinks","Tempest+1","Rebound"],"picked":"SKIP","floor":48}],"player_experience":648791,"relics_obtained":[{"floor":4,"key":"Blue Candle"},{"floor":6,"key":"Oddly Smooth Stone"},{"floor":9,"key":"Happy Flower"},{"floor":10,"key":"Strawberry"},{"floor":24,"key":"Mummified Hand"},{"floor":26,"key":"Dead Branch"},{"floor":28,"key":"PreservedInsect"},{"floor":40,"key":"Girya"},{"floor":43,"key":"Art of War"},{"floor":46,"key":"Orichalcum"},{"floor":48,"key":"Symbiotic Virus"}],"event_choices":[{"damage_healed":0,"gold_gain":0,"player_choice":"Success","damage_taken":12,"relics_obtained":["War Paint"],"max_hp_gain":0,"max_hp_loss":0,"event_name":"Scrap Ooze","floor":2,"gold_loss":0},{"cards_removed":["Strike_B"],"damage_healed":0,"gold_gain":0,"player_choice":"Forget","damage_taken":0,"max_hp_gain":0,"max_hp_loss":0,"event_name":"Living Wall","floor":3,"gold_loss":0},{"damage_healed":0,"gold_gain":100,"player_choice":"Pray","damage_taken":0,"max_hp_gain":0,"max_hp_loss":0,"event_name":"Golden Shrine","floor":13,"gold_loss":0},{"cards_removed":["Strike_B"],"damage_healed":0,"gold_gain":0,"player_choice":"Gave Gold","damage_taken":0,"max_hp_gain":0,"max_hp_loss":0,"event_name":"Beggar","floor":20,"gold_loss":75},{"damage_healed":0,"gold_gain":0,"cards_transformed":["Defend_B","Biased Cognition"],"player_choice":"Became Test Subject","damage_taken":0,"max_hp_gain":0,"max_hp_loss":0,"event_name":"Drug Dealer","floor":29,"gold_loss":0,"cards_obtained":["All For One","Sunder"]},{"damage_healed":0,"gold_gain":0,"player_choice":"Forge","damage_taken":0,"max_hp_gain":0,"max_hp_loss":0,"event_name":"Accursed Blacksmith","floor":36,"gold_loss":0,"cards_upgraded":["Fission"]},{"damage_healed":0,"gold_gain":0,"player_choice":"Paid","damage_taken":0,"relics_obtained":["Red Mask"],"max_hp_gain":0,"max_hp_loss":0,"event_name":"Tomb of Lord Red Mask","floor":42,"gold_loss":167}],"is_beta":false,"boss_relics":[{"not_picked":["Philosopher\u0027s Stone","Coffee Dripper"],"picked":"FrozenCore"},{"not_picked":["Sozu","Cursed Key"],"picked":"Astrolabe"}],"items_purged_floors":[7,14],"is_endless":false,"potions_floor_spawned":[6,11,16,19,24,33,38,39,44,46],"ascension_level":7}