{"gold_per_floor":[20,20,40,40,56,56,76,76,126,154,172,192,205,219,219,219],"floor_reached":16,"playtime":336,"items_purged":[],"score":117,"play_id":"7c4d53d4-0dcd-49b2-bfcb-2c1c9a0bfb5c","local_time":"20180926150847","is_ascension_mode":true,"campfire_choices":[{"data":"Bludgeon","floor":6,"key":"SMITH"},{"floor":15,"key":"REST"}],"neow_cost":"NO_GOLD","seed_source_timestamp":446649378425440,"circlet_count":0,"master_deck":["Strike_R","Strike_R","Strike_R","Strike_R","Strike_R","Defend_R","Defend_R","Defend_R","Bash","Bludgeon+1","Inflame"],"relics":["Burning Blood","Bag of Preparation","Smiling Mask"],"potions_floor_usage":[10,16,16],"damage_taken":[{"damage":0,"enemies":"Cultist","floor":1,"turns":2},{"damage":2,"enemies":"Jaw Worm","floor":3,"turns":3},{"damage":8,"enemies":"2 Louse","floor":5,"turns":3},{"damage":11,"enemies":"Looter","floor":7,"turns":2},{"damage":18,"enemies":"Lagavulin","floor":10,"turns":3},{"damage":18,"enemies":"2 Fungi Beasts","floor":11,"turns":3},{"damage":12,"enemies":"Exordium Wildlife","floor":12,"turns":3},{"damage":8,"enemies":"Blue Slaver","floor":13,"turns":2},{"damage":14,"enemies":"Red Slaver","floor":14,"turns":2},{"damage":60,"enemies":"The Guardian","floor":16,"turns":6}],"seed_played":"-4649249485248106662","potions_obtained":[{"floor":1,"key":"GamblersBrew"},{"floor":3,"key":"LiquidBronze"},{"floor":7,"key":"FearPotion"},{"floor":10,"key":"SteroidPotion"}],"is_trial":false,"path_per_floor":["M","$","M","?","M","R","M","?","T","E","M","M","M","M","R"],"character_chosen":"IRONCLAD","items_purchased":[],"campfire_rested":1,"item_purchase_floors":[],"current_hp_per_floor":[80,80,80,80,78,78,73,73,73,61,49,43,41,33,57,0],"gold":219,"neow_bonus":"THREE_RARE_CARDS","is_prod":false,"is_daily":false,"chose_seed":false,"campfire_upgraded":1,"win_rate":0,"timestamp":1537988927,"path_taken":["M","$","?","?","M","R","M","?","T","E","?","M","?","M","R","BOSS"],"build_version":"2018-09-20","purchased_purges":0,"victory":false,"max_hp_per_floor":[80,80,80,80,80,80,80,80,80,80,80,80,80,80,80,80],"card_choices":[{"not_picked":["Exhume","Barricade"],"picked":"Bludgeon","floor":0},{"not_picked":["Headbutt","Twin Strike"],"picked":"Inflame","floor":1},{"not_picked":["Entrench","True Grit","Heavy Blade"],"picked":"SKIP","floor":3},{"not_picked":["Sword Boomerang","Clothesline","Hemokinesis"],"picked":"SKIP","floor":5},{"not_picked":["True Grit","Sword Boomerang","Warcry"],"picked":"SKIP","floor":7},{"not_picked":["Feed","Clash","Disarm"],"picked":"SKIP","floor":10},{"not_picked":["Headbutt","Thunderclap","Perfected Strike"],"picked":"SKIP","floor":11},{"not_picked":["Wild Strike","Shrug It Off","Cleave"],"picked":"SKIP","floor":12},{"not_picked":["Havoc","Infernal Blade","Flame Barrier"],"picked":"SKIP","floor":13},{"not_picked":["Pommel Strike","True Grit","Rupture"],"picked":"SKIP","floor":14}],"player_experience":424154,"relics_obtained":[{"floor":9,"key":"Bag of Preparation"},{"floor":10,"key":"Smiling Mask"}],"event_choices":[{"event_name":"The Cleric","player_choice":"Leave","floor":4,"damage_taken":0},{"event_name":"Living Wall","player_choice":"Forget","floor":8,"damage_taken":0}],"is_beta":false,"boss_relics":[],"items_purged_floors":[],"is_endless":false,"potions_floor_spawned":[1,3,7,10,12],"killed_by":"The Guardian","ascension_level":2}