{"gold_per_floor":[117,217,229,115,131,131,142,201,247,197,213,313,326,345,345,345],"floor_reached":16,"playtime":388,"items_purged":["Defend_R"],"score":108,"play_id":"cf277170-2cab-434e-8d0c-9fc1eb850671","local_time":"20181107152825","is_ascension_mode":true,"campfire_choices":[{"floor":6,"key":"REST"},{"data":"Searing Blow","floor":15,"key":"SMITH"}],"neow_cost":"NONE","seed_source_timestamp":524492618268416,"circlet_count":0,"master_deck":["Strike_R","Strike_R","Strike_R","Strike_R","Strike_R","Defend_R","Defend_R","Bash","Cleave","Searing Blow+1","Battle Trance","Inflame"],"relics":["Burning Blood","Vajra","Potion Belt","Dream Catcher"],"potions_floor_usage":[5,8,14,16],"damage_taken":[{"damage":15,"enemies":"Small Slimes","floor":1,"turns":3},{"damage":0,"enemies":"Cultist","floor":3,"turns":2},{"damage":0,"enemies":"Jaw Worm","floor":5,"turns":2},{"damage":3,"enemies":"3 Louse","floor":7,"turns":3},{"damage":16,"enemies":"Gremlin Nob","floor":8,"turns":3},{"damage":11,"enemies":"Looter","floor":11,"turns":2},{"damage":14,"enemies":"Red Slaver","floor":13,"turns":2},{"damage":7,"enemies":"Lots of Slimes","floor":14,"turns":2},{"damage":68,"enemies":"The Guardian","floor":16,"turns":9}],"seed_played":"-8633408833815120007","potions_obtained":[{"floor":1,"key":"Block Potion"},{"floor":3,"key":"BloodPotion"},{"floor":5,"key":"Dexterity Potion"},{"floor":7,"key":"SteroidPotion"}],"is_trial":false,"path_per_floor":["M","?","M","$","M","R","M","?","T","?","M","?","M","M","R","B"],"character_chosen":"IRONCLAD","items_purchased":["Battle Trance"],"campfire_rested":1,"item_purchase_floors":[4],"current_hp_per_floor":[71,71,77,77,80,80,80,70,70,70,65,65,57,64,64,0],"gold":345,"neow_bonus":"RANDOM_COMMON_RELIC","is_prod":false,"is_daily":false,"chose_seed":false,"campfire_upgraded":1,"win_rate":0,"timestamp":1541622505,"path_taken":["M","?","?","$","M","R","M","?","T","?","M","?","M","M","R","BOSS"],"build_version":"2018-11-01","purchased_purges":1,"victory":false,"max_hp_per_floor":[80,80,80,80,80,80,80,80,80,80,80,80,80,80,80,80],"card_choices":[{"not_picked":["Disarm","Intimidate"],"picked":"Cleave","floor":1},{"not_picked":["Pommel Strike","Shockwave"],"picked":"Searing Blow","floor":3},{"not_picked":["Metallicize","Twin Strike","Sentinel"],"picked":"SKIP","floor":5},{"not_picked":["Hemokinesis","Havoc","Seeing Red"],"picked":"SKIP","floor":7},{"not_picked":["Ghostly Armor","True Grit","Dark Embrace"],"picked":"SKIP","floor":11},{"not_picked":["Dual Wield","Disarm","Body Slam"],"picked":"SKIP","floor":13},{"not_picked":["True Grit","Sever Soul"],"picked":"Inflame","floor":14}],"player_experience":440791,"relics_obtained":[{"floor":8,"key":"Potion Belt"},{"floor":9,"key":"Dream Catcher"}],"event_choices":[{"damage_healed":0,"gold_gain":100,"player_choice":"Gold","damage_taken":0,"max_hp_gain":0,"max_hp_loss":0,"event_name":"Wheel of Change","floor":2,"gold_loss":0},{"damage_healed":0,"gold_gain":0,"player_choice":"Searched \u00271\u0027 times","damage_taken":0,"max_hp_gain":0,"max_hp_loss":0,"event_name":"Dead Adventurer","floor":8,"gold_loss":0},{"cards_removed":["Defend_R"],"damage_healed":0,"gold_gain":0,"player_choice":"Card Removal","damage_taken":0,"max_hp_gain":0,"max_hp_loss":0,"event_name":"The Cleric","floor":10,"gold_loss":50},{"damage_healed":0,"gold_gain":100,"player_choice":"Pray","damage_taken":0,"max_hp_gain":0,"max_hp_loss":0,"event_name":"Golden Shrine","floor":12,"gold_loss":0}],"is_beta":false,"boss_relics":[],"items_purged_floors":[4],"is_endless":false,"potions_floor_spawned":[1,3,5,7],"killed_by":"The Guardian","ascension_level":3}