{"gold_per_floor":[109,128,2,2,23,23,36,36,36,36,59,90,111,11,11,130,130,145,125,125],"floor_reached":20,"playtime":538,"items_purged":["Defend_R","Injury"],"score":174,"play_id":"95d1d547-4cd3-4c0c-8c66-238d50d608fa","local_time":"20180924015507","is_ascension_mode":false,"campfire_choices":[{"data":"Whirlwind","floor":6,"key":"SMITH"},{"data":"Spot Weakness","floor":8,"key":"SMITH"},{"data":"Shrug It Off","floor":15,"key":"SMITH"}],"neow_cost":"","seed_source_timestamp":226023562951824,"circlet_count":0,"master_deck":["Strike_R","Strike_R","Strike_R","Strike_R","Strike_R","Defend_R","Defend_R","Defend_R","Bash","Whirlwind+1","Thunderclap+1","Spot Weakness+1","Shrug It Off+1","Corruption","Offering","Battle Trance"],"relics":["Burning Blood","Golden Idol","Mercury Hourglass","Meat on the Bone","White Beast Statue"],"potions_floor_usage":[7,16,16,18,20,20],"damage_taken":[{"damage":14,"enemies":"2 Louse","floor":1,"turns":2},{"damage":11,"enemies":"Jaw Worm","floor":2,"turns":2},{"damage":10,"enemies":"Small Slimes","floor":5,"turns":2},{"damage":4,"enemies":"Gremlin Gang","floor":7,"turns":2},{"damage":5,"enemies":"Exordium Thugs","floor":11,"turns":2},{"damage":36,"enemies":"Lagavulin","floor":12,"turns":5},{"damage":1,"enemies":"Exordium Wildlife","floor":13,"turns":2},{"damage":11,"enemies":"Slime Boss","floor":16,"turns":6},{"damage":36,"enemies":"Shell Parasite","floor":18,"turns":3},{"damage":6,"enemies":"Colosseum Slavers","floor":20,"turns":1},{"damage":60,"enemies":"Colosseum Nobs","floor":20,"turns":4}],"seed_played":"8966443464554479359","potions_obtained":[{"floor":7,"key":"FearPotion"},{"floor":13,"key":"SteroidPotion"},{"floor":16,"key":"SteroidPotion"},{"floor":18,"key":"BloodPotion"},{"floor":19,"key":"LiquidBronze"}],"is_trial":false,"path_per_floor":["M","M","$","?","M","R","M","R","T","?","M","E","M","$","R","B",null,"M","?"],"character_chosen":"IRONCLAD","items_purchased":["AttackPotion"],"campfire_rested":0,"item_purchase_floors":[3],"current_hp_per_floor":[72,67,67,67,63,63,65,65,65,65,66,36,53,53,53,48,80,50,50,0],"gold":125,"neow_bonus":"","is_prod":false,"is_daily":false,"chose_seed":false,"campfire_upgraded":3,"win_rate":0,"timestamp":1537768507,"path_taken":["M","M","$","?","M","R","M","R","T","?","?","E","M","$","R","BOSS","M","?","?"],"build_version":"2018-09-20","purchased_purges":2,"victory":false,"max_hp_per_floor":[80,80,80,80,80,80,80,80,80,80,80,80,80,80,80,80,80,80,80,80],"card_choices":[{"not_picked":["Clash","Pommel Strike"],"picked":"Whirlwind","floor":1},{"not_picked":["Body Slam","Dropkick"],"picked":"Thunderclap","floor":2},{"not_picked":["Clothesline","Corruption"],"picked":"Spot Weakness","floor":5},{"not_picked":["Carnage","Burning Pact","Evolve"],"picked":"SKIP","floor":7},{"not_picked":["Twin Strike","Dual Wield"],"picked":"Shrug It Off","floor":11},{"not_picked":["Cleave","Thunderclap","Rupture"],"picked":"SKIP","floor":12},{"not_picked":["Iron Wave","Thunderclap"],"picked":"Corruption","floor":13},{"not_picked":["Bludgeon","Limit Break"],"picked":"Offering","floor":16},{"not_picked":["True Grit+1","Headbutt"],"picked":"Battle Trance","floor":18}],"player_experience":392420,"relics_obtained":[{"floor":9,"key":"Mercury Hourglass"},{"floor":12,"key":"Meat on the Bone"}],"event_choices":[{"event_name":"Golden Idol","player_choice":"Take Wound","floor":4,"damage_taken":0},{"event_name":"Accursed Blacksmith","player_choice":"Forge","floor":10,"damage_taken":0},{"event_name":"The Woman in Blue","player_choice":"Bought 1 Potion","floor":19,"damage_taken":0},{"event_name":"Colosseum","player_choice":"Fight","floor":20,"damage_taken":0},{"event_name":"Colosseum","player_choice":"Fought Nobs","floor":20,"damage_taken":0}],"is_beta":false,"boss_relics":[{"not_picked":["Pandora\u0027s Box","Runic Pyramid"],"picked":"White Beast Statue"}],"items_purged_floors":[3,14],"is_endless":false,"potions_floor_spawned":[7,13,16,18,20],"killed_by":"Colosseum Nobs","ascension_level":0}