{"gold_per_floor":[113,113,68,78,88,88,13,13,13,13,24,34,46,46,46,151,151,171,191,191,206,206,206,222,222,269,269,296,314,219,239,239,239],"floor_reached":33,"playtime":658,"items_purged":["Defend_R","Bash"],"score":288,"play_id":"6310cf0c-5e54-4547-af00-df383e52807b","local_time":"20180924084310","is_ascension_mode":true,"campfire_choices":[{"data":"Carnage","floor":6,"key":"SMITH"},{"data":"Thunderclap","floor":8,"key":"SMITH"},{"data":"Twin Strike","floor":15,"key":"SMITH"},{"data":"J.A.X.","floor":23,"key":"SMITH"},{"floor":25,"key":"REST"},{"floor":27,"key":"REST"},{"floor":32,"key":"REST"}],"neow_cost":"NONE","seed_source_timestamp":250388477289850,"circlet_count":0,"master_deck":["Strike_R","Strike_R","Strike_R","Strike_R","Strike_R","Defend_R","Defend_R","Twin Strike+1","Carnage+1","Thunderclap+1","J.A.X.+1","Flex"],"relics":["Burning Blood","Dream Catcher","Singing Bowl","Ginger","Busted Crown","Smiling Mask","Red Mask"],"potions_floor_usage":[13,16,16,24,33,33],"damage_taken":[{"damage":8,"enemies":"2 Louse","floor":1,"turns":3},{"damage":6,"enemies":"Cultist","floor":4,"turns":3},{"damage":0,"enemies":"Small Slimes","floor":5,"turns":3},{"damage":17,"enemies":"Exordium Thugs","floor":11,"turns":2},{"damage":16,"enemies":"Blue Slaver","floor":12,"turns":2},{"damage":10,"enemies":"Exordium Wildlife","floor":13,"turns":2},{"damage":24,"enemies":"Slime Boss","floor":16,"turns":7},{"damage":9,"enemies":"Chosen","floor":18,"turns":3},{"damage":8,"enemies":"Spheric Guardian","floor":19,"turns":3},{"damage":29,"enemies":"Centurion and Healer","floor":21,"turns":3},{"damage":60,"enemies":"Shelled Parasite and Fungi","floor":24,"turns":4},{"damage":49,"enemies":"Masked Bandits","floor":28,"turns":4},{"damage":3,"enemies":"Snecko","floor":29,"turns":2},{"damage":30,"enemies":"Chosen and Byrds","floor":31,"turns":5},{"damage":42,"enemies":"Champ","floor":33,"turns":5}],"seed_played":"4309725835136475058","potions_obtained":[{"floor":1,"key":"Energy Potion"},{"floor":12,"key":"AttackPotion"},{"floor":13,"key":"Block Potion"},{"floor":18,"key":"Poison Potion"},{"floor":28,"key":"LiquidBronze"},{"floor":31,"key":"Ancient Potion"}],"is_trial":false,"path_per_floor":["M","?","$","M","M","R","$","R","T","?","M","M","M","$","R","B",null,"M","M","?","M","?","R","M","R","T","R","?","M","$","M","R"],"character_chosen":"IRONCLAD","items_purchased":["Twin Strike","Flex"],"campfire_rested":3,"item_purchase_floors":[3,30],"current_hp_per_floor":[78,78,78,78,80,80,80,80,80,80,71,63,61,61,61,45,88,87,85,85,64,64,64,12,42,42,72,31,36,36,14,47,5],"gold":239,"neow_bonus":"RANDOM_COMMON_RELIC","is_prod":false,"is_daily":false,"chose_seed":false,"campfire_upgraded":4,"win_rate":0,"timestamp":1537792990,"path_taken":["M","?","$","M","M","R","?","R","T","?","M","?","M","$","R","BOSS","M","M","?","?","?","R","M","R","T","R","?","M","$","?","R","BOSS"],"build_version":"2018-09-20","purchased_purges":2,"victory":false,"max_hp_per_floor":[80,80,80,80,80,80,80,80,80,80,82,84,86,86,86,88,88,90,90,90,92,92,92,94,96,96,98,100,102,102,104,106,106],"card_choices":[{"not_picked":["Flame Barrier","Entrench","Headbutt"],"picked":"SKIP","floor":1},{"not_picked":["Clash","Cleave"],"picked":"Carnage","floor":4},{"not_picked":["Uppercut","Cleave"],"picked":"Thunderclap","floor":5},{"not_picked":["Armaments","True Grit","Entrench"],"picked":"Singing Bowl","floor":11},{"not_picked":["Power Through","Twin Strike","Thunderclap"],"picked":"Singing Bowl","floor":12},{"not_picked":["Reckless Charge","Wild Strike","Clash"],"picked":"Singing Bowl","floor":13},{"not_picked":["Demon Form","Berserk","Fiend Fire"],"picked":"Singing Bowl","floor":16},{"not_picked":["Wild Strike"],"picked":"Singing Bowl","floor":18},{"not_picked":["Heavy Blade"],"picked":"SKIP","floor":19},{"not_picked":["Hemokinesis"],"picked":"Singing Bowl","floor":21},{"not_picked":["Whirlwind+1"],"picked":"Singing Bowl","floor":24},{"not_picked":["Whirlwind"],"picked":"Singing Bowl","floor":25},{"not_picked":["Clothesline"],"picked":"Singing Bowl","floor":27},{"not_picked":["Twin Strike+1"],"picked":"Singing Bowl","floor":28},{"not_picked":["Clothesline"],"picked":"Singing Bowl","floor":29},{"not_picked":["Reaper"],"picked":"Singing Bowl","floor":31},{"not_picked":["Armaments"],"picked":"Singing Bowl","floor":32}],"player_experience":397921,"relics_obtained":[{"floor":9,"key":"Singing Bowl"},{"floor":26,"key":"Smiling Mask"},{"floor":28,"key":"Red Mask"}],"event_choices":[{"event_name":"Purifier","player_choice":"One Purge","floor":2,"damage_taken":0},{"event_name":"Big Fish","player_choice":"Box","floor":10,"damage_taken":0},{"event_name":"Drug Dealer","player_choice":"Got JAX","floor":20,"damage_taken":0},{"event_name":"Purifier","player_choice":"One Purge","floor":22,"damage_taken":0},{"event_name":"Masked Bandits","player_choice":"Fought Bandits","floor":28,"damage_taken":0}],"is_beta":false,"boss_relics":[{"not_picked":["Coffee Dripper","Sozu"],"picked":"Busted Crown"}],"items_purged_floors":[7,30],"is_endless":false,"potions_floor_spawned":[1,12,13,18,28,31],"killed_by":"Champ","ascension_level":2}