{"gold_per_floor":[110,130,80,93,93,121,141,159,159,209,384,403,114,114,114,210,210,224,177,177,195,209,309,309,327,327,342,356,356,356,366,366,366],"floor_reached":33,"playtime":2588,"items_purged":["Doubt"],"score":301,"play_id":"fd66ff4d-089b-4076-9d63-8c9c18f3356d","local_time":"20190228014137","is_ascension_mode":false,"campfire_choices":[{"floor":15,"key":"REST"},{"floor":24,"key":"REST"},{"data":"Limit Break","floor":29,"key":"SMITH"},{"floor":32,"key":"REST"}],"neow_cost":"NONE","seed_source_timestamp":7086251063201,"circlet_count":0,"master_deck":["Strike_R+1","Strike_R+1","Strike_R+1","Strike_R+1","Defend_R+1","Defend_R+1","Defend_R+1","Defend_R+1","Bash","Flex","Iron Wave","Heavy Blade","Headbutt","Headbutt","Cleave","Flex","Inflame","Limit Break+1","Barricade","Heavy Blade","Armaments","Flame Barrier","Reckless Charge+1","Body Slam","Body Slam","Decay"],"relics":["Burning Blood","Vajra","Shuriken","Velvet Choker","Peace Pipe","Dodecahedron"],"potions_floor_usage":[6,6,6,16,21,23,31,33,33,33],"damage_taken":[{"damage":1,"enemies":"Cultist","floor":1,"turns":3},{"damage":5,"enemies":"Small Slimes","floor":2,"turns":4},{"damage":5,"enemies":"2 Louse","floor":4,"turns":3},{"damage":31,"enemies":"Lagavulin","floor":6,"turns":5},{"damage":6,"enemies":"Large Slime","floor":7,"turns":5},{"damage":14,"enemies":"Blue Slaver","floor":8,"turns":3},{"damage":11,"enemies":"Red Slaver","floor":12,"turns":3},{"damage":0,"enemies":"Slime Boss","floor":16,"turns":5},{"damage":0,"enemies":"Spheric Guardian","floor":18,"turns":2},{"damage":13,"enemies":"3 Byrds","floor":21,"turns":4},{"damage":9,"enemies":"Snake Plant","floor":22,"turns":4},{"damage":32,"enemies":"Colosseum Slavers","floor":23,"turns":5},{"damage":15,"enemies":"Colosseum Nobs","floor":23,"turns":4},{"damage":7,"enemies":"Centurion and Healer","floor":25,"turns":5},{"damage":13,"enemies":"Snecko","floor":27,"turns":5},{"damage":13,"enemies":"Chosen and Byrds","floor":28,"turns":5},{"damage":22,"enemies":"Snake Plant","floor":31,"turns":3},{"damage":74,"enemies":"Collector","floor":33,"turns":6}],"seed_played":"8197933998652076326","potions_obtained":[{"floor":1,"key":"EntropicBrew"},{"floor":4,"key":"Energy Potion"},{"floor":6,"key":"SkillPotion"},{"floor":8,"key":"Explosive Potion"},{"floor":25,"key":"BloodPotion"},{"floor":27,"key":"BloodPotion"},{"floor":28,"key":"Weak Potion"},{"floor":31,"key":"SteroidPotion"}],"is_trial":false,"path_per_floor":["M","?","?","?","$","?","?","?"],"character_chosen":"IRONCLAD","items_purchased":["Inflame","Limit Break","Armaments"],"campfire_rested":3,"item_purchase_floors":[13,13,19],"current_hp_per_floor":[80,80,80,80,80,55,55,47,47,47,47,42,42,42,66,72,80,80,80,80,73,70,35,59,58,58,51,44,44,44,28,52,0],"gold":366,"neow_bonus":"THREE_CARDS","is_prod":false,"is_daily":false,"chose_seed":false,"campfire_upgraded":1,"win_rate":0,"timestamp":1551328897,"path_taken":["M","?","?","M","$","E","M","M","T","?","?","M","?","$","R","BOSS","M","$","?","M","M","?","R","M","T","M","M","R","?","M","R","BOSS"],"build_version":"2019-01-23","purchased_purges":1,"victory":false,"max_hp_per_floor":[80,80,80,80,80,80,80,80,80,80,80,80,80,80,80,80,80,80,80,80,80,80,80,80,80,80,80,80,80,80,80,80,80],"card_choices":[{"not_picked":["Disarm","True Grit"],"picked":"Flex","floor":0},{"not_picked":["Burning Pact","Pommel Strike"],"picked":"Iron Wave","floor":1},{"not_picked":["Flex","Fire Breathing"],"picked":"Heavy Blade","floor":2},{"not_picked":["Thunderclap","Clothesline"],"picked":"Headbutt","floor":4},{"not_picked":["Searing Blow","Clothesline"],"picked":"Headbutt","floor":6},{"not_picked":["Twin Strike","Infernal Blade","Evolve"],"picked":"SKIP","floor":7},{"not_picked":["Dropkick","Sword Boomerang"],"picked":"Cleave","floor":8},{"not_picked":["Intimidate","Battle Trance"],"picked":"Flex","floor":12},{"not_picked":["Demon Form","Dark Embrace"],"picked":"Barricade","floor":16},{"not_picked":["Seeing Red+1","Pommel Strike"],"picked":"Heavy Blade","floor":18},{"not_picked":["Burning Pact","Headbutt","Second Wind"],"picked":"SKIP","floor":21},{"not_picked":["Feel No Pain","Wild Strike"],"picked":"Flame Barrier","floor":22},{"not_picked":["Perfected Strike+1","Wild Strike"],"picked":"Reckless Charge+1","floor":23},{"not_picked":["Havoc","Corruption"],"picked":"Body Slam","floor":25},{"not_picked":["Corruption","Clothesline","Warcry"],"picked":"SKIP","floor":27},{"not_picked":["Fiend Fire","Armaments"],"picked":"Body Slam","floor":28},{"not_picked":["Feel No Pain","Armaments","Clothesline"],"picked":"SKIP","floor":31}],"player_experience":227944,"relics_obtained":[{"floor":6,"key":"Vajra"},{"floor":9,"key":"Shuriken"},{"floor":23,"key":"Peace Pipe"},{"floor":23,"key":"Dodecahedron"}],"event_choices":[{"cards_removed":["Strike_R"],"damage_healed":0,"gold_gain":0,"player_choice":"Card Removal","damage_taken":0,"max_hp_gain":0,"max_hp_loss":0,"event_name":"The Cleric","floor":3,"gold_loss":50},{"damage_healed":0,"gold_gain":50,"player_choice":"Gained Gold","damage_taken":0,"max_hp_gain":0,"max_hp_loss":0,"event_name":"Golden Wing","floor":10,"gold_loss":0},{"damage_healed":0,"gold_gain":175,"player_choice":"AGREE","damage_taken":0,"max_hp_gain":0,"max_hp_loss":0,"event_name":"Liars Game","floor":11,"gold_loss":0,"cards_obtained":["Doubt"]},{"damage_healed":0,"gold_gain":0,"player_choice":"Simplicity","damage_taken":0,"max_hp_gain":0,"max_hp_loss":0,"event_name":"Back to Basics","floor":20,"gold_loss":0,"cards_upgraded":["Strike_R","Strike_R","Strike_R","Strike_R","Defend_R","Defend_R","Defend_R","Defend_R"]},{"damage_healed":0,"gold_gain":0,"player_choice":"Fight","damage_taken":0,"max_hp_gain":0,"max_hp_loss":0,"event_name":"Colosseum","floor":23,"gold_loss":0},{"damage_healed":0,"gold_gain":0,"player_choice":"Fought Nobs","damage_taken":0,"max_hp_gain":0,"max_hp_loss":0,"event_name":"Colosseum","floor":23,"gold_loss":0},{"damage_healed":0,"gold_gain":0,"player_choice":"Smashed Altar","damage_taken":0,"max_hp_gain":0,"max_hp_loss":0,"event_name":"Forgotten Altar","floor":30,"gold_loss":0,"cards_obtained":["Decay"]}],"is_beta":false,"boss_relics":[{"not_picked":["Pandora\u0027s Box","Runic Dome"],"picked":"Velvet Choker"}],"items_purged_floors":[13],"is_endless":false,"potions_floor_spawned":[1,4,6,8,23,25,27,28,31],"killed_by":"Collector","ascension_level":0}