{"gold_per_floor":[115,129,54,129,140,140,156,56,56,72,91,91,91,105,105,105],"floor_reached":16,"playtime":369,"items_purged":["Defend_B","Defend_B"],"score":94,"play_id":"df5e3216-9fa0-4140-848c-8fbaad815a77","local_time":"20180801084628","is_ascension_mode":false,"campfire_choices":[{"data":"Gash","floor":6,"key":"SMITH"},{"floor":12,"key":"REST"},{"floor":15,"key":"REST"}],"neow_cost":"","seed_source_timestamp":1817064052792602,"circlet_count":0,"master_deck":["Strike_B","Strike_B","Strike_B","Strike_B","Defend_B","Defend_B","Zap","Dualcast","Gash+1","Go for the Eyes","Gash","Beam Cell"],"relics":["Cracked Core","Emotion Chip"],"potions_floor_usage":[16,16],"damage_taken":[{"damage":8,"enemies":"Small Slimes","floor":1,"turns":2},{"damage":6,"enemies":"Jaw Worm","floor":2,"turns":3},{"damage":6,"enemies":"Cultist","floor":5,"turns":3},{"damage":14,"enemies":"Exordium Thugs","floor":7,"turns":4},{"damage":23,"enemies":"Gremlin Gang","floor":10,"turns":4},{"damage":0,"enemies":"3 Louse","floor":11,"turns":3},{"damage":7,"enemies":"Blue Slaver","floor":14,"turns":3},{"damage":45,"enemies":"The Guardian","floor":16,"turns":8}],"seed_played":"467028221248950584","potions_obtained":[{"floor":10,"key":"Strength Potion"},{"floor":11,"key":"Block Potion"}],"is_trial":false,"path_per_floor":["M","M","$","?","M","R","M","$","T","M","M","R","$","M","R"],"character_chosen":"DEFECT","items_purchased":[],"campfire_rested":2,"item_purchase_floors":[],"current_hp_per_floor":[67,61,61,50,44,44,30,30,30,7,7,29,29,22,44,0],"gold":105,"neow_bonus":"","is_prod":false,"is_daily":false,"chose_seed":false,"campfire_upgraded":1,"win_rate":0,"timestamp":1533127588,"path_taken":["M","M","$","?","M","R","M","$","T","M","M","R","$","?","R","BOSS"],"build_version":"2018-07-26","purchased_purges":2,"victory":false,"max_hp_per_floor":[75,75,75,75,75,75,75,75,75,75,75,75,75,75,75,75],"card_choices":[{"not_picked":["Hologram","Compile Driver"],"picked":"Gash","floor":1},{"not_picked":["Coolheaded","Rebound"],"picked":"Go for the Eyes","floor":2},{"not_picked":["Sweeping Beam","Steam","Go for the Eyes"],"picked":"SKIP","floor":5},{"not_picked":["Streamline","Rebound","Biased Cognition"],"picked":"SKIP","floor":7},{"not_picked":["Ball Lightning","Barrage"],"picked":"Gash","floor":10},{"not_picked":["Doom and Gloom","Hello World","Sweeping Beam"],"picked":"SKIP","floor":11},{"not_picked":["Reinforced Body","Hologram"],"picked":"Beam Cell","floor":14}],"player_experience":296378,"relics_obtained":[{"floor":9,"key":"Emotion Chip"}],"event_choices":[{"event_name":"World of Goop","player_choice":"Gather Gold","floor":4,"damage_taken":0}],"is_beta":false,"boss_relics":[],"items_purged_floors":[3,8],"is_endless":false,"potions_floor_spawned":[10,11],"killed_by":"The Guardian","ascension_level":0}