{"gold_per_floor":[110,34,8,8,27,27,40,5,28,28,28,46,62,78,78,180,180,192,192,205,205],"floor_reached":21,"playtime":1708,"items_purged":[],"score":196,"play_id":"c331d54c-c316-416f-b99f-b9fe5acd840a","local_time":"20190204062111","is_ascension_mode":false,"campfire_choices":[{"floor":6,"key":"REST"},{"data":"Echo Form","floor":10,"key":"SMITH"},{"floor":15,"key":"REST"}],"neow_cost":"NONE","seed_source_timestamp":68997195836483,"circlet_count":0,"master_deck":["Strike_B","Strike_B","Strike_B","Strike_B","Defend_B","Defend_B","Defend_B","Defend_B","Zap","Dualcast","Echo Form+1","Ball Lightning","Capacitor","Seek","Ball Lightning","Defragment","Barrage","Steam","Fusion","Thunder Strike","Redo+1"],"relics":["Cracked Core","Pear","Dream Catcher","Busted Crown"],"potions_floor_usage":[16,20,20,21],"damage_taken":[{"damage":5,"enemies":"Cultist","floor":1,"turns":4},{"damage":5,"enemies":"Small Slimes","floor":5,"turns":5},{"damage":14,"enemies":"2 Louse","floor":7,"turns":4},{"damage":17,"enemies":"Large Slime","floor":12,"turns":5},{"damage":5,"enemies":"Looter","floor":13,"turns":3},{"damage":23,"enemies":"Exordium Thugs","floor":14,"turns":3},{"damage":25,"enemies":"Slime Boss","floor":16,"turns":7},{"damage":24,"enemies":"2 Thieves","floor":18,"turns":4},{"damage":15,"enemies":"3 Byrds","floor":20,"turns":4},{"damage":36,"enemies":"Snake Plant","floor":21,"turns":4}],"seed_played":"-5401814589386982191","potions_obtained":[{"floor":7,"key":"Dexterity Potion"},{"floor":12,"key":"Dexterity Potion"},{"floor":13,"key":"Poison Potion"},{"floor":20,"key":"Fruit Juice"}],"is_trial":false,"path_per_floor":["$","?","?","?","$","?"],"character_chosen":"DEFECT","items_purchased":["Capacitor"],"campfire_rested":2,"item_purchase_floors":[2],"current_hp_per_floor":[70,70,70,28,23,48,34,55,55,55,55,38,33,10,35,10,85,61,45,35,0],"gold":205,"neow_bonus":"ONE_RANDOM_RARE_CARD","is_prod":false,"is_daily":false,"chose_seed":false,"campfire_upgraded":1,"win_rate":0.0,"timestamp":1549272071,"path_taken":["M","?","?","?","M","R","M","?","T","R","?","M","M","M","R","BOSS","M","?","M","M"],"build_version":"2019-01-23","purchased_purges":0,"victory":false,"max_hp_per_floor":[75,75,75,85,85,85,85,85,85,85,85,85,85,85,85,85,85,85,90,95,95],"card_choices":[{"not_picked":["Stack","Compile Driver"],"picked":"Ball Lightning","floor":1},{"not_picked":["Hologram","FTL"],"picked":"Seek","floor":5},{"not_picked":["Turbo","Stack"],"picked":"Ball Lightning","floor":7},{"not_picked":["Coolheaded","Sweeping Beam"],"picked":"Defragment","floor":12},{"not_picked":["Darkness","Creative AI"],"picked":"Barrage","floor":13},{"not_picked":["Go for the Eyes","Fusion"],"picked":"Steam","floor":14},{"not_picked":["Skim","Rebound"],"picked":"Fusion","floor":15},{"not_picked":["Rainbow","Echo Form"],"picked":"Thunder Strike","floor":16},{"not_picked":["Coolheaded+1"],"picked":"SKIP","floor":18},{"not_picked":[],"picked":"Redo+1","floor":20}],"player_experience":101806,"relics_obtained":[{"floor":9,"key":"Dream Catcher"}],"event_choices":[{"damage_healed":0,"gold_gain":0,"player_choice":"Left Gold","damage_taken":0,"max_hp_gain":0,"max_hp_loss":0,"event_name":"World of Goop","floor":3,"gold_loss":26},{"damage_healed":0,"gold_gain":0,"player_choice":"Success","damage_taken":52,"relics_obtained":["Pear"],"max_hp_gain":0,"max_hp_loss":0,"event_name":"Scrap Ooze","floor":4,"gold_loss":0},{"damage_healed":21,"gold_gain":0,"player_choice":"Healed","damage_taken":0,"max_hp_gain":0,"max_hp_loss":0,"event_name":"The Cleric","floor":8,"gold_loss":35},{"damage_healed":0,"gold_gain":0,"player_choice":"Shed Blood","damage_taken":21,"max_hp_gain":5,"max_hp_loss":0,"event_name":"Forgotten Altar","floor":19,"gold_loss":0}],"is_beta":false,"boss_relics":[{"not_picked":["Empty Cage","Calling Bell"],"picked":"Busted Crown"}],"items_purged_floors":[],"is_endless":false,"potions_floor_spawned":[7,12,13,20],"killed_by":"Snake Plant","ascension_level":0}