{"gold_per_floor":[110,126,126,126,143,143,157,157,181,181,201,201,201,218,218,218],"floor_reached":16,"playtime":921,"items_purged":[],"score":92,"play_id":"a4a2b3a4-e21f-4850-a467-02c861f7b8d7","local_time":"20190306132112","is_ascension_mode":false,"campfire_choices":[{"data":"Bash","floor":6,"key":"SMITH"},{"data":"Cleave","floor":10,"key":"SMITH"},{"data":"Shockwave","floor":15,"key":"SMITH"}],"neow_cost":"NONE","seed_source_timestamp":395260270828642,"circlet_count":0,"master_deck":["Strike_R","Strike_R","Strike_R","Strike_R","Strike_R","Defend_R","Defend_R+1","Defend_R","Defend_R","Bash+1","Cleave+1","Twin Strike","Twin Strike","Bash+1","Enlightenment","Iron Wave+1","Twin Strike","Shrug It Off","Shockwave+1"],"relics":["Burning Blood","PreservedInsect"],"potions_floor_usage":[16,16],"damage_taken":[{"damage":8,"enemies":"2 Louse","floor":1,"turns":3},{"damage":1,"enemies":"Cultist","floor":2,"turns":3},{"damage":1,"enemies":"Jaw Worm","floor":5,"turns":3},{"damage":9,"enemies":"Blue Slaver","floor":7,"turns":3},{"damage":0,"enemies":"Lots of Slimes","floor":11,"turns":1},{"damage":10,"enemies":"Looter","floor":14,"turns":2},{"damage":69,"enemies":"The Guardian","floor":16,"turns":9}],"seed_played":"167449447360281839","potions_obtained":[{"floor":1,"key":"PowerPotion"},{"floor":7,"key":"Regen Potion"}],"is_trial":false,"path_per_floor":["?","$","M","?","M","?"],"character_chosen":"IRONCLAD","items_purchased":[],"campfire_rested":0,"item_purchase_floors":[],"current_hp_per_floor":[78,80,80,80,80,80,77,77,77,77,80,80,64,60,60,0],"gold":218,"neow_bonus":"THREE_CARDS","is_prod":false,"is_daily":false,"chose_seed":false,"campfire_upgraded":3,"win_rate":0,"timestamp":1551889272,"path_taken":["M","M","?","?","M","R","?","?","T","R","?","$","?","M","R","BOSS"],"build_version":"2019-01-23","purchased_purges":0,"victory":false,"max_hp_per_floor":[80,80,80,80,80,80,80,80,80,80,80,80,80,80,80,80],"card_choices":[{"not_picked":["Flex","Combust"],"picked":"Cleave","floor":0},{"not_picked":["Bloodletting","Spot Weakness"],"picked":"Twin Strike","floor":1},{"not_picked":["Combust","Iron Wave"],"picked":"Twin Strike","floor":2},{"not_picked":["Ghostly Armor","Uppercut"],"picked":"Iron Wave","floor":5},{"not_picked":["Feel No Pain","Flex"],"picked":"Twin Strike","floor":7},{"not_picked":["Spot Weakness","Dual Wield"],"picked":"Shrug It Off","floor":11},{"not_picked":["True Grit","Heavy Blade"],"picked":"Shockwave","floor":14}],"player_experience":262921,"relics_obtained":[{"floor":9,"key":"PreservedInsect"}],"event_choices":[{"damage_healed":0,"gold_gain":0,"player_choice":"2 cards matched","damage_taken":0,"max_hp_gain":0,"max_hp_loss":0,"event_name":"Match and Keep!","floor":3,"gold_loss":0,"cards_obtained":["Bash","Enlightenment"]},{"damage_healed":0,"gold_gain":0,"player_choice":"Upgraded","damage_taken":0,"max_hp_gain":0,"max_hp_loss":0,"event_name":"Upgrade Shrine","floor":8,"gold_loss":0,"cards_upgraded":["Iron Wave"]},{"damage_healed":0,"gold_gain":0,"player_choice":"Entered Light","damage_taken":16,"max_hp_gain":0,"max_hp_loss":0,"event_name":"Shining Light","floor":13,"gold_loss":0,"cards_upgraded":["Defend_R","Bash"]}],"is_beta":false,"boss_relics":[],"items_purged_floors":[],"is_endless":false,"potions_floor_spawned":[1,7],"killed_by":"The Guardian","ascension_level":0}