{"gold_per_floor":[118,118,135,28,48,48,75,121,173,185,185,205,205,82,82,183,183,198,216,229,229,229,229,229,229,252,252,269,283,235,248,248,343,343,361,1360,799,811,811,811,824,824,847,864,876,892,892,909,909,909],"floor_reached":50,"playtime":5858,"items_purged":["Normality"],"score":546,"play_id":"fa7116ff-2683-488b-a500-5b666f4016b2","local_time":"20190202092448","is_ascension_mode":false,"campfire_choices":[{"data":"Dodge and Roll","floor":6,"key":"SMITH"},{"data":"Crippling Poison","floor":15,"key":"SMITH"},{"floor":23,"key":"REST"},{"floor":25,"key":"REST"},{"data":"Catalyst","floor":27,"key":"SMITH"},{"floor":32,"key":"REST"},{"floor":40,"key":"REST"},{"floor":47,"key":"REST"},{"floor":49,"key":"REST"}],"neow_cost":"NONE","seed_source_timestamp":131249165081499,"circlet_count":0,"master_deck":["Defend_G","Defend_G","Defend_G","Defend_G","Defend_G+1","Strike_G","Strike_G","Strike_G","Strike_G","Strike_G+1","Survivor","Neutralize","Poisoned Stab","Dodge and Roll","Dodge and Roll+1","Crippling Poison+1","Catalyst","Bouncing Flask","Noxious Fumes","Night Terror","Calculated Gamble+1","Catalyst+1","Deadly Poison","Backflip","Dash","Crippling Poison","Expertise+1","Normality","Bane","Backflip","Deflect","Leg Sweep+1","Deadly Poison","Bane","Deflect","Poisoned Stab"],"relics":["Ring of the Snake","PreservedInsect","Peace Pipe","Snake Skull","Happy Flower","Bronze Scales","Velvet Choker","Strange Spoon","Oddly Smooth Stone","Bottled Flame","Boot"],"potions_floor_usage":[7,18,20,20,33,45,45,45],"damage_taken":[{"damage":0,"enemies":"2 Louse","floor":1,"turns":4},{"damage":0,"enemies":"Cultist","floor":3,"turns":3},{"damage":0,"enemies":"Jaw Worm","floor":5,"turns":4},{"damage":29,"enemies":"Gremlin Nob","floor":7,"turns":5},{"damage":8,"enemies":"Large Slime","floor":10,"turns":9},{"damage":0,"enemies":"Blue Slaver","floor":12,"turns":4},{"damage":8,"enemies":"The Guardian","floor":16,"turns":7},{"damage":5,"enemies":"2 Thieves","floor":18,"turns":4},{"damage":6,"enemies":"Chosen","floor":19,"turns":4},{"damage":9,"enemies":"Centurion and Healer","floor":20,"turns":6},{"damage":24,"enemies":"Colosseum Slavers","floor":22,"turns":6},{"damage":14,"enemies":"3 Cultists","floor":28,"turns":5},{"damage":3,"enemies":"Shelled Parasite and Fungi","floor":29,"turns":4},{"damage":3,"enemies":"Snake Plant","floor":31,"turns":3},{"damage":28,"enemies":"Collector","floor":33,"turns":6},{"damage":24,"enemies":"3 Shapes","floor":35,"turns":5},{"damage":16,"enemies":"Orb Walker","floor":38,"turns":5},{"damage":19,"enemies":"Jaw Worm Horde","floor":41,"turns":4},{"damage":23,"enemies":"Maw","floor":44,"turns":5},{"damage":0,"enemies":"Transient","floor":45,"turns":5},{"damage":8,"enemies":"Jaw Worm Horde","floor":46,"turns":5},{"damage":4,"enemies":"4 Shapes","floor":48,"turns":4},{"damage":42,"enemies":"Donu and Deca","floor":50,"turns":5}],"seed_played":"1252442452163880454","potions_obtained":[{"floor":5,"key":"EssenceOfSteel"},{"floor":10,"key":"PowerPotion"},{"floor":16,"key":"SpeedPotion"},{"floor":20,"key":"Strength Potion"},{"floor":31,"key":"FearPotion"},{"floor":33,"key":"Fruit Juice"},{"floor":38,"key":"Swift Potion"},{"floor":46,"key":"SteroidPotion"}],"is_trial":false,"path_per_floor":["?","?","M","T","?","?","M","?","?","?","$","?","?","T","M"],"character_chosen":"THE_SILENT","items_purchased":["Noxious Fumes","Explosive Potion","Explosive Potion","Bane","Strange Spoon","Oddly Smooth Stone","Backflip","Fire Potion"],"campfire_rested":6,"item_purchase_floors":[14,14,30,37,37,37,37,37],"current_hp_per_floor":[70,56,56,56,56,56,27,27,27,19,36,36,36,36,36,28,67,62,56,47,47,23,43,43,63,63,63,49,46,46,43,63,40,72,48,48,48,32,32,53,34,34,34,11,11,3,24,20,41,0],"gold":909,"neow_bonus":"THREE_CARDS","is_prod":false,"is_daily":false,"chose_seed":false,"campfire_upgraded":3,"win_rate":0.0,"timestamp":1549110288,"path_taken":["M","?","M","?","?","R","E","?","T","M","?","M","?","$","R","BOSS","M","?","M","?","?","R","?","R","T","R","M","M","?","M","R","BOSS","M","?","$","M","?","R","M","?","T","M","?","M","R","M","R","BOSS"],"build_version":"2019-01-23","purchased_purges":1,"victory":false,"max_hp_per_floor":[70,70,70,70,70,70,70,70,70,70,70,70,67,67,67,67,67,67,67,67,67,67,67,67,67,67,67,67,67,67,67,67,72,72,72,72,72,72,72,72,72,72,72,72,72,72,72,72,72,72],"card_choices":[{"not_picked":["Dagger Spray","Underhanded Strike"],"picked":"Poisoned Stab","floor":0},{"not_picked":["PiercingWail","Skewer","Underhanded Strike"],"picked":"SKIP","floor":1},{"not_picked":["Underhanded Strike","Prepared"],"picked":"Dodge and Roll","floor":3},{"not_picked":["Slice","PiercingWail"],"picked":"Dodge and Roll","floor":5},{"not_picked":["Bane","Terror"],"picked":"Crippling Poison","floor":7},{"not_picked":["Dagger Throw","Venomology"],"picked":"Catalyst","floor":10},{"not_picked":["PiercingWail","Backstab"],"picked":"Bouncing Flask","floor":12},{"not_picked":["Bullet Time","A Thousand Cuts"],"picked":"Night Terror","floor":16},{"not_picked":["PiercingWail+1","Flying Knee+1","Dagger Throw"],"picked":"SKIP","floor":18},{"not_picked":["Dagger Spray","Quick Slash"],"picked":"Calculated Gamble+1","floor":19},{"not_picked":["Blur+1","Outmaneuver"],"picked":"Catalyst","floor":20},{"not_picked":["PiercingWail","Heel Hook"],"picked":"Backflip","floor":28},{"not_picked":["Acrobatics","Malaise"],"picked":"Dash","floor":29},{"not_picked":["Poisoned Stab","Deflect"],"picked":"Crippling Poison","floor":31},{"not_picked":["Flechettes","Acrobatics+1"],"picked":"Expertise+1","floor":35},{"not_picked":["Underhanded Strike","Dash"],"picked":"Deflect","floor":38},{"not_picked":["Infinite Blades+1","Backstab"],"picked":"Leg Sweep+1","floor":41},{"not_picked":["Calculated Gamble","Outmaneuver+1"],"picked":"Deadly Poison","floor":44},{"not_picked":["Dagger Spray","Backflip"],"picked":"Bane","floor":45},{"not_picked":["Prepared","Sucker Punch+1"],"picked":"Deflect","floor":46},{"not_picked":["Riddle With Holes","Quick Slash"],"picked":"Poisoned Stab","floor":48}],"player_experience":77004,"relics_obtained":[{"floor":7,"key":"Peace Pipe"},{"floor":8,"key":"Snake Skull"},{"floor":9,"key":"Happy Flower"},{"floor":26,"key":"Bronze Scales"},{"floor":42,"key":"Bottled Flame"},{"floor":43,"key":"Boot"}],"event_choices":[{"damage_healed":0,"gold_gain":0,"player_choice":"Entered Light","damage_taken":14,"max_hp_gain":0,"max_hp_loss":0,"event_name":"Shining Light","floor":2,"gold_loss":0,"cards_upgraded":["Strike_G","Defend_G"]},{"damage_healed":0,"gold_gain":0,"player_choice":"Paid Gold","damage_taken":0,"relics_obtained":["PreservedInsect"],"max_hp_gain":0,"max_hp_loss":0,"event_name":"WeMeetAgain","floor":4,"gold_loss":107},{"damage_healed":17,"gold_gain":0,"player_choice":"Healed and dodged fight","damage_taken":0,"max_hp_gain":0,"max_hp_loss":0,"event_name":"Mushrooms","floor":11,"gold_loss":0,"cards_obtained":["Parasite"]},{"cards_removed":["Parasite"],"damage_healed":0,"gold_gain":0,"player_choice":"Removed Curses","damage_taken":0,"max_hp_gain":0,"max_hp_loss":0,"event_name":"Fountain of Cleansing","floor":13,"gold_loss":0},{"damage_healed":0,"gold_gain":0,"player_choice":"Read","damage_taken":0,"max_hp_gain":0,"max_hp_loss":0,"event_name":"The Library","floor":21,"gold_loss":0,"cards_obtained":["Deadly Poison"]},{"damage_healed":0,"gold_gain":0,"player_choice":"Fight","damage_taken":0,"max_hp_gain":0,"max_hp_loss":0,"event_name":"Colosseum","floor":22,"gold_loss":0},{"damage_healed":0,"gold_gain":0,"player_choice":"Fled From Nobs","damage_taken":0,"max_hp_gain":0,"max_hp_loss":0,"event_name":"Colosseum","floor":22,"gold_loss":0},{"damage_healed":0,"gold_gain":0,"player_choice":"Ignored","damage_taken":0,"max_hp_gain":0,"max_hp_loss":0,"event_name":"Vampires","floor":24,"gold_loss":0},{"damage_healed":0,"gold_gain":999,"player_choice":"Gold","damage_taken":0,"max_hp_gain":0,"max_hp_loss":0,"event_name":"MindBloom","floor":36,"gold_loss":0,"cards_obtained":["Normality","Normality"]},{"damage_healed":0,"gold_gain":0,"player_choice":"Ignored","damage_taken":0,"max_hp_gain":0,"max_hp_loss":0,"event_name":"The Moai Head","floor":39,"gold_loss":0}],"is_beta":false,"boss_relics":[{"not_picked":["Ectoplasm","Busted Crown","HoveringKite"]},{"not_picked":["Coffee Dripper","Cursed Key"],"picked":"Velvet Choker"}],"items_purged_floors":[37],"is_endless":false,"potions_floor_spawned":[5,10,16,20,31,33,38,41,46],"killed_by":"Donu and Deca","ascension_level":0}