{"gold_per_floor":[109,120,6,23,36,36,36,36,36,36,56,56,76,76,76,176,176,191,141,159,82,0,0,16,16],"floor_reached":25,"playtime":1156,"items_purged":["Defend_G"],"score":193,"play_id":"6a39f5f0-ebc3-4fe7-8b93-4724373dd216","local_time":"20180706101210","is_ascension_mode":false,"campfire_choices":[{"data":"Slice","floor":6,"key":"SMITH"},{"data":"Bane","floor":8,"key":"SMITH"},{"floor":12,"key":"REST"},{"floor":15,"key":"REST"},{"floor":23,"key":"REST"}],"neow_cost":"NONE","seed_source_timestamp":1325273487349805,"circlet_count":0,"master_deck":["Defend_G+1","Defend_G","Defend_G","Defend_G+1","Strike_G","Strike_G","Strike_G","Strike_G","Strike_G","Survivor+1","Neutralize","Bane+1","Slice+1","Noxious Fumes+1","Flying Knee","Flying Knee","Parasite","Dagger Spray+1","J.A.X."],"relics":["Ring of the Snake","War Paint","Darkstone Periapt","Busted Crown"],"potions_floor_usage":[11,16,24],"damage_taken":[{"damage":1,"enemies":"Cultist","floor":1,"turns":3},{"damage":5,"enemies":"2 Louse","floor":2,"turns":2},{"damage":0,"enemies":"Small Slimes","floor":4,"turns":4},{"damage":25,"enemies":"3 Louse","floor":5,"turns":3},{"damage":5,"enemies":"Exordium Thugs","floor":11,"turns":4},{"damage":0,"enemies":"Large Slime","floor":13,"turns":4},{"damage":17,"enemies":"Slime Boss","floor":16,"turns":9},{"damage":8,"enemies":"2 Thieves","floor":18,"turns":4},{"damage":28,"enemies":"Shell Parasite","floor":20,"turns":6},{"damage":38,"enemies":"Cultist and Chosen","floor":24,"turns":7},{"damage":21,"enemies":"Snake Plant","floor":25,"turns":2}],"seed_played":"-2069623863114547697","potions_obtained":[{"floor":1,"key":"Ancient Potion"},{"floor":4,"key":"Dexterity Potion"},{"floor":13,"key":"PowerPotion"},{"floor":16,"key":"GamblersBrew"}],"is_trial":false,"path_per_floor":["M","M","$","M","M","R","?","R","T","?","M","R","M","?","R","B",null,"M","?","M","?","?","R","M"],"character_chosen":"THE_SILENT","items_purchased":["Noxious Fumes"],"campfire_rested":3,"item_purchase_floors":[3],"current_hp_per_floor":[69,64,64,64,39,39,56,56,56,42,37,58,58,51,70,53,70,62,62,34,34,34,55,17,0],"gold":16,"neow_bonus":"RANDOM_COMMON_RELIC","is_prod":false,"is_daily":false,"chose_seed":false,"campfire_upgraded":2,"win_rate":0.0,"timestamp":1530886330,"path_taken":["M","M","?","?","M","R","?","R","T","?","M","R","M","?","R","BOSS","M","?","M","?","?","R","M","M"],"build_version":"2018-07-05","purchased_purges":1,"victory":false,"max_hp_per_floor":[70,70,70,70,70,70,70,70,70,70,70,70,70,70,70,70,70,70,70,70,70,70,70,70,70],"card_choices":[{"not_picked":["All Out Attack","Acrobatics"],"picked":"Bane","floor":1},{"not_picked":["Underhanded Strike","Riddle With Holes"],"picked":"Slice","floor":2},{"not_picked":["Prepared","Outmaneuver"],"picked":"Flying Knee","floor":4},{"not_picked":["Underhanded Strike","Deflect"],"picked":"Flying Knee","floor":5},{"not_picked":["Dagger Throw","Choke","Dodge and Roll"],"picked":"SKIP","floor":11},{"not_picked":["Bouncing Flask","All Out Attack","Backflip"],"picked":"SKIP","floor":13},{"not_picked":["Acrobatics"],"picked":"SKIP","floor":18},{"not_picked":[],"picked":"Dagger Spray+1","floor":20},{"not_picked":["Blade Dance"],"picked":"SKIP","floor":24}],"player_experience":80400,"relics_obtained":[{"floor":9,"key":"Darkstone Periapt"}],"event_choices":[{"event_name":"Mushrooms","player_choice":"Healed and dodged fight","floor":7,"damage_taken":0},{"event_name":"Shining Light","player_choice":"Entered Light","floor":10,"damage_taken":0},{"event_name":"Wheel of Change","player_choice":"Damage","floor":14,"damage_taken":0},{"event_name":"The Joust","player_choice":"Bet on Owner","floor":19,"damage_taken":0},{"event_name":"Drug Dealer","player_choice":"Got JAXXED","floor":21,"damage_taken":0},{"event_name":"Masked Bandits","player_choice":"Paid Bandits 82 gold","floor":22,"damage_taken":0}],"boss_relics":[{"not_picked":["Calling Bell","Runic Pyramid"],"picked":"Busted Crown"}],"items_purged_floors":[3],"is_endless":false,"potions_floor_spawned":[1,4,13,16],"killed_by":"Snake Plant","ascension_level":0}