{"gold_per_floor":[109,129,129,5,5,5,22,22,69,69,97,97,110,128,128,232,232,247,262,262,273,273,273,287,287,287,287,297,308,333,333,333,437,437,451,466,125,125,135,135,150,150,150,169,169,184,60,85,85,85],"floor_reached":50,"playtime":8056,"items_purged":["Writhe"],"score":504,"play_id":"e430372d-1698-4e11-94b2-a4a801de001d","local_time":"20190131035029","is_ascension_mode":false,"campfire_choices":[{"data":"Dualcast","floor":6,"key":"SMITH"},{"data":"Streamline","floor":8,"key":"SMITH"},{"data":"Zap","floor":10,"key":"SMITH"},{"data":"Stack","floor":15,"key":"SMITH"},{"data":"Conserve Battery","floor":23,"key":"SMITH"},{"floor":25,"key":"REST"},{"floor":32,"key":"REST"},{"floor":40,"key":"REST"},{"floor":42,"key":"REST"},{"floor":45,"key":"REST"},{"floor":49,"key":"REST"}],"neow_cost":"NONE","seed_source_timestamp":742524444308737,"circlet_count":0,"master_deck":["Strike_B+1","Strike_B+1","Strike_B+1","Strike_B+1","Defend_B+1","Defend_B+1","Defend_B+1","Defend_B+1","Zap+1","Dualcast+1","Stack+1","Hologram","Streamline+1","Rip and Tear","Amplify","Coolheaded","Steam","Gash","Thunder Strike","Sweeping Beam+1","Loop","Conserve Battery+1","Ball Lightning","Barrage+1","Machine Learning","Fission","Lockon","Go for the Eyes+1","BootSequence","Purity","Pain","Bandage Up","Force Field+1","Gash+1","Steam+1","White Noise","Blind"],"relics":["Cracked Core","Boot","Pear","Orichalcum","Odd Mushroom","Lizard Tail","Bronze Scales","Pantograph","WingedGreaves","Inserter","Dodecahedron","Lantern"],"potions_floor_usage":[16,21,24,29,30,31,31,39,39,44,50,50],"damage_taken":[{"damage":1,"enemies":"2 Louse","floor":1,"turns":3},{"damage":6,"enemies":"Jaw Worm","floor":2,"turns":3},{"damage":0,"enemies":"Small Slimes","floor":7,"turns":2},{"damage":15,"enemies":"The Mushroom Lair","floor":11,"turns":4},{"damage":5,"enemies":"2 Fungi Beasts","floor":13,"turns":3},{"damage":7,"enemies":"Blue Slaver","floor":14,"turns":4},{"damage":43,"enemies":"The Guardian","floor":16,"turns":10},{"damage":10,"enemies":"Shell Parasite","floor":18,"turns":6},{"damage":4,"enemies":"Chosen","floor":19,"turns":3},{"damage":5,"enemies":"Centurion and Healer","floor":21,"turns":9},{"damage":4,"enemies":"Snake Plant","floor":24,"turns":4},{"damage":6,"enemies":"3 Cultists","floor":28,"turns":5},{"damage":6,"enemies":"Sentry and Sphere","floor":29,"turns":4},{"damage":29,"enemies":"Book of Stabbing","floor":30,"turns":7},{"damage":4,"enemies":"Masked Bandits","floor":31,"turns":2},{"damage":94,"enemies":"Collector","floor":33,"turns":14},{"damage":3,"enemies":"3 Shapes","floor":35,"turns":6},{"damage":47,"enemies":"3 Darklings","floor":36,"turns":9},{"damage":28,"enemies":"Transient","floor":39,"turns":5},{"damage":17,"enemies":"4 Shapes","floor":41,"turns":9},{"damage":39,"enemies":"Jaw Worm Horde","floor":44,"turns":6},{"damage":42,"enemies":"Spire Growth","floor":46,"turns":6},{"damage":77,"enemies":"Awakened One","floor":50,"turns":7}],"seed_played":"-4919233930643945674","potions_obtained":[{"floor":1,"key":"AttackPotion"},{"floor":2,"key":"SpeedPotion"},{"floor":7,"key":"Poison Potion"},{"floor":16,"key":"SmokeBomb"},{"floor":21,"key":"Block Potion"},{"floor":29,"key":"PowerPotion"},{"floor":30,"key":"Fruit Juice"},{"floor":41,"key":"SkillPotion"},{"floor":44,"key":"FocusPotion"},{"floor":46,"key":"Energy Potion"}],"is_trial":false,"path_per_floor":["?","?","?","?","M","?","?","?","?","?","M","$","T"],"character_chosen":"DEFECT","items_purchased":["Streamline","Rip and Tear","BootSequence","Purity","SteroidPotion","Dexterity Potion","White Noise","Blind"],"campfire_rested":6,"item_purchase_floors":[4,4,37,37,37,37,47,47],"current_hp_per_floor":[74,68,68,68,75,75,75,75,75,75,60,85,80,73,73,30,85,75,71,71,66,66,66,62,85,85,69,63,57,28,29,57,47,95,92,45,45,45,21,49,36,64,64,29,57,19,19,19,47,0],"gold":85,"neow_bonus":"RANDOM_COMMON_RELIC","is_prod":false,"is_daily":false,"chose_seed":false,"campfire_upgraded":5,"win_rate":0.0,"timestamp":1548917429,"path_taken":["M","M","?","$","?","R","M","R","T","R","?","?","M","?","R","BOSS","M","M","?","M","?","R","M","R","T","?","M","M","E","?","R","BOSS","M","M","$","?","M","R","?","R","T","M","R","M","?","?","R","BOSS"],"build_version":"2019-01-23","purchased_purges":1,"victory":false,"max_hp_per_floor":[75,75,75,75,85,85,85,85,85,85,85,85,85,85,85,85,85,85,85,85,85,85,85,85,85,85,90,90,90,90,95,95,95,95,95,95,95,95,95,95,95,95,95,95,95,95,95,95,95,95],"card_choices":[{"not_picked":["Darkness","Static Discharge"],"picked":"Stack","floor":1},{"not_picked":["Conserve Battery","Beam Cell"],"picked":"Hologram","floor":2},{"not_picked":["Scrape","Barrage"],"picked":"Amplify","floor":7},{"not_picked":["Streamline","Stack"],"picked":"Coolheaded","floor":11},{"not_picked":["Double Energy","Steam Power"],"picked":"Steam","floor":13},{"not_picked":["Force Field","Genetic Algorithm"],"picked":"Gash","floor":14},{"not_picked":["Multi-Cast","Reboot"],"picked":"Thunder Strike","floor":16},{"not_picked":["Stack","Hologram"],"picked":"Sweeping Beam+1","floor":18},{"not_picked":["Coolheaded+1","Skim+1"],"picked":"Loop","floor":19},{"not_picked":["Leap","Glacier"],"picked":"Conserve Battery","floor":21},{"not_picked":["Coolheaded","Stack"],"picked":"Ball Lightning","floor":24},{"not_picked":["Steam","Conserve Battery"],"picked":"Barrage+1","floor":28},{"not_picked":["Stack","Hologram"],"picked":"Machine Learning","floor":29},{"not_picked":["Genetic Algorithm+1","Scrape+1","Cold Snap"],"picked":"SKIP","floor":30},{"not_picked":["All For One","Thunder Strike"],"picked":"Fission","floor":33},{"not_picked":["Leap+1","Double Energy+1"],"picked":"Lockon","floor":35},{"not_picked":["Sweeping Beam","Stack+1"],"picked":"Go for the Eyes+1","floor":36},{"not_picked":["Chill+1","Leap+1"],"picked":"Force Field+1","floor":39},{"not_picked":["Hologram+1","Thunder Strike"],"picked":"Gash+1","floor":41},{"not_picked":["Redo","Leap+1"],"picked":"Steam+1","floor":44},{"not_picked":["All For One","Scrape+1","Leap+1"],"picked":"SKIP","floor":46}],"player_experience":23655,"relics_obtained":[{"floor":9,"key":"Orichalcum"},{"floor":11,"key":"Odd Mushroom"},{"floor":26,"key":"Pantograph"},{"floor":30,"key":"WingedGreaves"},{"floor":43,"key":"Dodecahedron"},{"floor":48,"key":"Lantern"}],"event_choices":[{"damage_healed":0,"gold_gain":0,"player_choice":"Leave","damage_taken":0,"max_hp_gain":0,"max_hp_loss":0,"event_name":"The Cleric","floor":3,"gold_loss":0},{"damage_healed":0,"gold_gain":0,"player_choice":"Success","damage_taken":3,"relics_obtained":["Pear"],"max_hp_gain":0,"max_hp_loss":0,"event_name":"Scrap Ooze","floor":5,"gold_loss":0},{"damage_healed":0,"gold_gain":0,"player_choice":"Fought Mushrooms","damage_taken":0,"max_hp_gain":0,"max_hp_loss":0,"event_name":"Mushrooms","floor":11,"gold_loss":0},{"damage_healed":28,"gold_gain":0,"player_choice":"Banana","damage_taken":0,"max_hp_gain":0,"max_hp_loss":0,"event_name":"Big Fish","floor":12,"gold_loss":0},{"damage_healed":0,"gold_gain":0,"player_choice":"Opened","damage_taken":0,"relics_obtained":["Bronze Scales"],"max_hp_gain":0,"max_hp_loss":0,"event_name":"The Mausoleum","floor":20,"gold_loss":0,"cards_obtained":["Writhe"]},{"damage_healed":0,"gold_gain":0,"player_choice":"Simplicity","damage_taken":0,"max_hp_gain":0,"max_hp_loss":0,"event_name":"Back to Basics","floor":22,"gold_loss":0,"cards_upgraded":["Strike_B","Strike_B","Strike_B","Strike_B","Defend_B","Defend_B","Defend_B","Defend_B"]},{"damage_healed":0,"gold_gain":0,"player_choice":"Shed Blood","damage_taken":21,"max_hp_gain":5,"max_hp_loss":0,"event_name":"Forgotten Altar","floor":27,"gold_loss":0},{"damage_healed":0,"gold_gain":0,"player_choice":"Fought Bandits","damage_taken":0,"max_hp_gain":0,"max_hp_loss":0,"event_name":"Masked Bandits","floor":31,"gold_loss":0},{"damage_healed":0,"gold_gain":0,"player_choice":"2 cards matched","damage_taken":0,"max_hp_gain":0,"max_hp_loss":0,"event_name":"Match and Keep!","floor":38,"gold_loss":0,"cards_obtained":["Pain","Bandage Up"]}],"is_beta":false,"boss_relics":[{"not_picked":["Runic Dome","Astrolabe"],"picked":"Lizard Tail"},{"not_picked":["Empty Cage","Busted Crown"],"picked":"Inserter"}],"items_purged_floors":[37],"is_endless":false,"potions_floor_spawned":[1,2,7,16,21,29,30,31,41,44,46],"killed_by":"Awakened One","ascension_level":0}