{"gold_per_floor":[211,40,5,15,33,33,63,63,113,139,139,214,214,226,226,326,326,338,350,153,167,185,185,195,195,225,225,225,244,272,289,289,394,394,407,427,427,447,17,17,32,44,91,91,116,116,131,131,131,131],"floor_reached":50,"playtime":2053,"items_purged":["Defend_R","Strike_R","Defend_R"],"score":504,"play_id":"3a76bf4c-37a6-4846-9c02-78f7b4cfbfa7","local_time":"20180807101152","is_ascension_mode":false,"campfire_choices":[{"data":"Flex","floor":6,"key":"SMITH"},{"data":"Flex","floor":8,"key":"SMITH"},{"floor":13,"key":"REST"},{"floor":15,"key":"REST"},{"data":"Flex","floor":23,"key":"SMITH"},{"data":"Twin Strike","floor":25,"key":"SMITH"},{"floor":32,"key":"REST"},{"data":"Shrug It Off","floor":40,"key":"SMITH"},{"data":"Twin Strike","floor":44,"key":"SMITH"},{"data":"Shrug It Off","floor":46,"key":"SMITH"},{"floor":49,"key":"REST"}],"neow_cost":"NONE","seed_source_timestamp":2338915552532635,"circlet_count":0,"master_deck":["Strike_R","Strike_R","Strike_R","Strike_R","Defend_R","Bash","Flex+1","Flex+1","Twin Strike+1","Twin Strike+1","Shrug It Off+1","Shrug It Off+1","Thunderclap+1","Pain"],"relics":["Burning Blood","Vajra","Boot","Shuriken","Busted Crown","Tiny Chest","Mercury Hourglass","Red Skull","Cursed Key","Prayer Wheel","Lee\u0027s Waffle","Happy Flower","Strawberry"],"potions_floor_usage":[10,21,22,30,33,33,38,42,50,50],"damage_taken":[{"damage":6,"enemies":"Cultist","floor":1,"turns":3},{"damage":0,"enemies":"2 Louse","floor":4,"turns":1},{"damage":10,"enemies":"Small Slimes","floor":5,"turns":2},{"damage":33,"enemies":"3 Sentries","floor":7,"turns":8},{"damage":18,"enemies":"Lagavulin","floor":10,"turns":3},{"damage":0,"enemies":"Looter","floor":14,"turns":1},{"damage":50,"enemies":"Hexaghost","floor":16,"turns":8},{"damage":10,"enemies":"Spheric Guardian","floor":18,"turns":3},{"damage":12,"enemies":"2 Thieves","floor":19,"turns":3},{"damage":13,"enemies":"Snake Plant","floor":21,"turns":2},{"damage":2,"enemies":"Chosen and Byrds","floor":22,"turns":4},{"damage":5,"enemies":"Sentry and Sphere","floor":24,"turns":3},{"damage":8,"enemies":"Centurion and Healer","floor":29,"turns":4},{"damage":25,"enemies":"Slavers","floor":30,"turns":4},{"damage":2,"enemies":"Cultist and Chosen","floor":31,"turns":4},{"damage":5,"enemies":"Champ","floor":33,"turns":6},{"damage":26,"enemies":"3 Darklings","floor":35,"turns":5},{"damage":30,"enemies":"3 Shapes","floor":36,"turns":3},{"damage":19,"floor":37,"turns":4},{"damage":7,"enemies":"Sphere and 2 Shapes","floor":38,"turns":3},{"damage":13,"enemies":"Flame Bruiser 2 Orb","floor":41,"turns":2},{"damage":0,"enemies":"Maw","floor":42,"turns":4},{"damage":34,"enemies":"Nemesis","floor":45,"turns":3},{"damage":17,"enemies":"Sphere and 2 Shapes","floor":47,"turns":4},{"damage":86,"enemies":"Time Eater","floor":50,"turns":6}],"seed_played":"2593302977033512112","potions_obtained":[{"floor":1,"key":"SteroidPotion"},{"floor":10,"key":"Ancient Potion"},{"floor":14,"key":"Fire Potion"},{"floor":16,"key":"SpeedPotion"},{"floor":29,"key":"Ancient Potion"},{"floor":31,"key":"Swift Potion"},{"floor":37,"key":"Energy Potion"},{"floor":45,"key":"Block Potion"},{"floor":47,"key":"FearPotion"}],"is_trial":false,"path_per_floor":["M","$","?","M","M","R","E","R","T","E","?","?","R","M","R","B",null,"M","M","$","M","M","R","M","R","T","?","T","M","E","M","R","B",null,"M","M","?","M","$","R","M","M","T","R","E","R","M","?","R"],"character_chosen":"IRONCLAD","items_purchased":["Flex","Twin Strike","Shrug It Off","Strength Potion","Lee\u0027s Waffle","SteroidPotion","AttackPotion"],"campfire_rested":4,"item_purchase_floors":[2,2,20,20,39,39,39],"current_hp_per_floor":[80,80,80,80,76,76,49,49,49,37,30,19,43,49,73,29,80,76,70,70,63,67,67,68,68,68,68,68,66,47,51,75,76,80,60,36,23,22,87,87,80,86,86,86,65,65,54,54,82,0],"gold":131,"neow_bonus":"HUNDRED_GOLD","is_prod":false,"is_daily":false,"chose_seed":false,"campfire_upgraded":7,"win_rate":0,"timestamp":1533651112,"path_taken":["M","$","?","M","M","R","E","R","T","E","?","?","R","M","R","BOSS","M","M","$","M","M","R","M","R","T","?","?","M","E","M","R","BOSS","M","?","?","M","$","R","M","?","T","R","E","R","?","?","R","BOSS"],"build_version":"2018-08-02","purchased_purges":3,"victory":false,"max_hp_per_floor":[80,80,80,80,80,80,80,80,80,80,80,80,80,80,80,80,80,80,80,80,80,80,80,80,80,80,80,80,80,80,80,80,80,80,80,80,80,80,87,87,87,87,87,87,94,94,94,94,94,94],"card_choices":[{"not_picked":["Pummel","Anger"],"picked":"Flex","floor":1},{"not_picked":["Pommel Strike","Body Slam"],"picked":"Twin Strike","floor":4},{"not_picked":["Sever Soul","Corruption"],"picked":"Flex","floor":5},{"not_picked":["Flame Barrier","Iron Wave","Intimidate"],"picked":"SKIP","floor":7},{"not_picked":["Iron Wave","Headbutt"],"picked":"Shrug It Off","floor":10},{"not_picked":["True Grit","Pommel Strike","Entrench"],"picked":"SKIP","floor":14},{"not_picked":["Corruption"],"picked":"SKIP","floor":18},{"not_picked":["Dropkick"],"picked":"SKIP","floor":19},{"not_picked":["Wild Strike+1"],"picked":"SKIP","floor":21},{"not_picked":["Body Slam"],"picked":"SKIP","floor":22},{"not_picked":["Armaments"],"picked":"SKIP","floor":24},{"not_picked":["True Grit"],"picked":"SKIP","floor":29},{"not_picked":["Headbutt"],"picked":"SKIP","floor":30},{"not_picked":["Evolve"],"picked":"SKIP","floor":31},{"not_picked":["Flex"],"picked":"SKIP","floor":35},{"not_picked":["Twin Strike+1"],"picked":"SKIP","floor":36},{"not_picked":["Clash"],"picked":"SKIP","floor":38},{"not_picked":["Disarm+1"],"picked":"SKIP","floor":38},{"not_picked":["Entrench+1"],"picked":"SKIP","floor":41},{"not_picked":["Havoc+1"],"picked":"SKIP","floor":41},{"not_picked":[],"picked":"Thunderclap+1","floor":42},{"not_picked":["Shockwave+1"],"picked":"SKIP","floor":42},{"not_picked":["Burning Pact"],"picked":"SKIP","floor":45},{"not_picked":["Rampage"],"picked":"SKIP","floor":47},{"not_picked":["Headbutt+1"],"picked":"SKIP","floor":47}],"player_experience":341392,"relics_obtained":[{"floor":7,"key":"Vajra"},{"floor":9,"key":"Boot"},{"floor":10,"key":"Shuriken"},{"floor":26,"key":"Tiny Chest"},{"floor":28,"key":"Mercury Hourglass"},{"floor":30,"key":"Red Skull"},{"floor":37,"key":"Prayer Wheel"},{"floor":43,"key":"Happy Flower"},{"floor":45,"key":"Strawberry"}],"event_choices":[{"event_name":"The Cleric","player_choice":"Healed","floor":3,"damage_taken":0},{"event_name":"Golden Wing","player_choice":"Card Removal","floor":11,"damage_taken":0},{"event_name":"World of Goop","player_choice":"Gather Gold","floor":12,"damage_taken":0},{"event_name":"Ghosts","player_choice":"Ignored","floor":27,"damage_taken":0},{"event_name":"MindBloom","player_choice":"Fight","floor":37,"damage_taken":0},{"event_name":"Falling","player_choice":"Removed Skill","floor":48,"damage_taken":0}],"is_beta":false,"boss_relics":[{"not_picked":["Ectoplasm","Astrolabe"],"picked":"Busted Crown"},{"not_picked":["Calling Bell","Mark of Pain"],"picked":"Cursed Key"}],"items_purged_floors":[2,20,39],"is_endless":false,"potions_floor_spawned":[1,10,14,16,29,31,37,45,47],"killed_by":"Time Eater","ascension_level":0}