{"gold_per_floor":[111,36,49,61,73,73,33,33,33,53,79,89,119,138,138,138],"floor_reached":16,"playtime":437,"items_purged":["Zap"],"score":120,"play_id":"4d433e28-a64b-4c27-9ef4-cd6cd83ec44a","local_time":"20190324224117","is_ascension_mode":true,"campfire_choices":[{"data":"Electrodynamics","floor":6,"key":"SMITH"},{"data":"Sunder","floor":8,"key":"SMITH"},{"floor":15,"key":"REST"}],"neow_cost":"NONE","seed_source_timestamp":7862052233198063,"circlet_count":0,"master_deck":["Strike_B","Strike_B","Strike_B","Strike_B","Defend_B","Defend_B","Defend_B","Defend_B","Dualcast","Rip and Tear","Go for the Eyes","Electrodynamics+1","Sunder+1","Ball Lightning","Storm","Ball Lightning","BootSequence"],"relics":["Cracked Core","Question Card","Peace Pipe","Tiny Chest"],"potions_floor_usage":[5,11,12,16],"damage_taken":[{"damage":6,"enemies":"Cultist","floor":1,"turns":3},{"damage":7,"enemies":"Jaw Worm","floor":3,"turns":2},{"damage":10,"enemies":"Small Slimes","floor":4,"turns":3},{"damage":0,"enemies":"Red Slaver","floor":5,"turns":1},{"damage":6,"enemies":"3 Louse","floor":10,"turns":2},{"damage":23,"enemies":"Lagavulin","floor":11,"turns":4},{"damage":8,"enemies":"Blue Slaver","floor":12,"turns":2},{"damage":5,"enemies":"Gremlin Gang","floor":14,"turns":2},{"damage":43,"enemies":"The Guardian","floor":16,"turns":7}],"seed_played":"4624460738498350852","potions_obtained":[{"floor":1,"key":"SteroidPotion"},{"floor":5,"key":"Block Potion"},{"floor":11,"key":"SkillPotion"},{"floor":12,"key":"Block Potion"}],"is_trial":false,"path_per_floor":["M","$","M","M","M","R","$","R","T","M","E","M","?","M","R","B"],"character_chosen":"DEFECT","items_purchased":["Sunder"],"campfire_rested":1,"item_purchase_floors":[7],"current_hp_per_floor":[76,76,69,59,59,59,59,59,59,53,30,22,22,17,41,0],"gold":138,"neow_bonus":"TEN_PERCENT_HP_BONUS","is_prod":false,"is_daily":false,"chose_seed":false,"campfire_upgraded":2,"win_rate":0,"timestamp":1553481677,"path_taken":["M","$","M","M","M","R","$","R","T","?","E","M","?","M","R","BOSS"],"build_version":"2019-01-23","purchased_purges":1,"victory":false,"max_hp_per_floor":[82,82,82,82,82,82,82,82,82,82,82,82,82,82,82,82],"card_choices":[{"not_picked":["Lockon","Doom and Gloom"],"picked":"Rip and Tear","floor":1},{"not_picked":["Stack","Hologram","Consume"],"picked":"SKIP","floor":3},{"not_picked":["Fusion","Conserve Battery"],"picked":"Go for the Eyes","floor":4},{"not_picked":["Go for the Eyes","Chaos"],"picked":"Electrodynamics","floor":5},{"not_picked":["Redo","Beam Cell","Chill"],"picked":"Ball Lightning","floor":10},{"not_picked":["Rip and Tear","Go for the Eyes","Conserve Battery"],"picked":"Storm","floor":11},{"not_picked":["Aggregate","Gash","Auto Shields"],"picked":"Ball Lightning","floor":12},{"not_picked":["Sweeping Beam","Sunder","Beam Cell"],"picked":"BootSequence","floor":14}],"player_experience":483259,"relics_obtained":[{"floor":9,"key":"Question Card"},{"floor":11,"key":"Peace Pipe"}],"event_choices":[{"damage_healed":0,"gold_gain":0,"player_choice":"Searched \u00271\u0027 times","damage_taken":0,"relics_obtained":["Tiny Chest"],"max_hp_gain":0,"max_hp_loss":0,"event_name":"Dead Adventurer","floor":13,"gold_loss":0}],"is_beta":false,"boss_relics":[],"items_purged_floors":[2],"is_endless":false,"potions_floor_spawned":[1,5,11,12],"killed_by":"The Guardian","ascension_level":3}