{"gold_per_floor":[117,117,131,306,323,353,353,21,48,93,117,147,176,218,230,242],"floor_reached":16,"playtime":505,"items_purged":["Doubt"],"score":112,"play_id":"315edfa1-430f-48fa-987d-6561b1a04fa8","local_time":"20180728210823","is_ascension_mode":false,"campfire_choices":[{"data":"Body Slam","floor":7,"key":"SMITH"},{"floor":15,"key":"REST"}],"neow_cost":"NONE","seed_source_timestamp":1515834628124754,"circlet_count":0,"master_deck":["Strike_R","Strike_R","Strike_R","Strike_R","Strike_R","Defend_R","Defend_R","Defend_R","Defend_R","Bash","Offering","Flex","Body Slam+1","Regret","Shrug It Off","Body Slam","Armaments","Shrug It Off"],"relics":["Burning Blood","Dodecahedron","Tiny Chest","Sling","MawBank","Bronze Scales","Red Skull"],"potions_floor_usage":[12,14],"damage_taken":[{"damage":8,"enemies":"Jaw Worm","floor":1,"turns":3},{"damage":0,"enemies":"2 Louse","floor":3,"turns":2},{"damage":15,"enemies":"Small Slimes","floor":5,"turns":3},{"damage":14,"enemies":"Gremlin Nob","floor":10,"turns":3},{"damage":18,"enemies":"Red Slaver","floor":11,"turns":2},{"damage":6,"enemies":"3 Louse","floor":12,"turns":2},{"damage":16,"enemies":"2 Fungi Beasts","floor":13,"turns":3},{"damage":13,"enemies":"3 Sentries","floor":14,"turns":5},{"damage":57,"enemies":"The Guardian","floor":16,"turns":8}],"seed_played":"2384396929350624550","potions_obtained":[{"floor":10,"key":"GamblersBrew"},{"floor":13,"key":"AttackPotion"}],"is_trial":false,"path_per_floor":["M","?","M","?","M","?","R","$","T","E","M","M","M","E","R"],"character_chosen":"IRONCLAD","items_purchased":["Shrug It Off","Sling"],"campfire_rested":1,"item_purchase_floors":[8,8],"current_hp_per_floor":[78,71,77,77,68,68,68,68,68,60,48,48,38,31,55,0],"gold":242,"neow_bonus":"ONE_RANDOM_RARE_CARD","is_prod":false,"is_daily":false,"chose_seed":false,"campfire_upgraded":1,"win_rate":0,"timestamp":1532826503,"path_taken":["M","?","?","?","M","?","R","$","T","E","M","M","M","E","R","BOSS"],"build_version":"2018-07-26","purchased_purges":1,"victory":false,"max_hp_per_floor":[80,80,80,80,80,80,80,80,80,80,80,80,80,80,80,80],"card_choices":[{"not_picked":["Warcry","Armaments"],"picked":"Flex","floor":1},{"not_picked":["Rupture","Twin Strike","Combust"],"picked":"SKIP","floor":3},{"not_picked":["Heavy Blade","Pummel"],"picked":"Body Slam","floor":5},{"not_picked":["Flame Barrier","Wild Strike"],"picked":"Body Slam","floor":10},{"not_picked":["Uppercut","Pommel Strike","Whirlwind"],"picked":"SKIP","floor":11},{"not_picked":["Searing Blow","Cleave"],"picked":"Armaments","floor":12},{"not_picked":["Exhume","Cleave"],"picked":"Shrug It Off","floor":13},{"not_picked":["Thunderclap","Wild Strike","Warcry"],"picked":"SKIP","floor":14}],"player_experience":283164,"relics_obtained":[{"floor":9,"key":"MawBank"},{"floor":10,"key":"Bronze Scales"},{"floor":14,"key":"Red Skull"}],"event_choices":[{"event_name":"Scrap Ooze","player_choice":"success","floor":2,"damage_taken":7},{"event_name":"Liars Game","player_choice":"agreed","floor":4,"damage_taken":0},{"event_name":"Big Fish","player_choice":"Box","floor":6,"damage_taken":0}],"is_beta":false,"boss_relics":[],"items_purged_floors":[8],"is_endless":false,"potions_floor_spawned":[10,13],"killed_by":"The Guardian","ascension_level":0}