{"gold_per_floor":[119,135,135,148,163,163,192,207,252,427,427,447,270,293,293,417,417,430,448,448,197,216,254,254,104,155,155,168,168,183,199,199,199],"floor_reached":33,"playtime":2269,"items_purged":["Doubt"],"score":271,"play_id":"1980e273-d7e2-40cb-91e8-0589ce6886e9","local_time":"20190307180619","is_ascension_mode":false,"campfire_choices":[{"data":"Anger","floor":6,"key":"SMITH"},{"data":"Perfected Strike","floor":15,"key":"SMITH"},{"floor":27,"key":"REST"},{"floor":29,"key":"REST"},{"data":"Twin Strike","floor":32,"key":"SMITH"}],"neow_cost":"TEN_PERCENT_HP_LOSS","seed_source_timestamp":497424087277482,"circlet_count":0,"master_deck":["Strike_R","Strike_R","Strike_R","Strike_R","Strike_R","Defend_R","Defend_R","Defend_R","Defend_R","Bash","Twin Strike","Anger+1","Flame Barrier","Heavy Blade","Iron Wave","Headbutt","Perfected Strike+1","Immolate","Shrug It Off","Pommel Strike+1","Shrug It Off","Flex","Twin Strike+1","Pommel Strike"],"relics":["Burning Blood","Unceasing Top","Mercury Hourglass","Golden Idol","Lizard Tail","MutagenicStrength","HandDrill","Self Forming Clay","Red Skull","Vajra","Pen Nib"],"potions_floor_usage":[7,18,23,23,23,33],"damage_taken":[{"damage":9,"enemies":"2 Louse","floor":1,"turns":2},{"damage":0,"enemies":"Small Slimes","floor":2,"turns":3},{"damage":6,"enemies":"Jaw Worm","floor":4,"turns":3},{"damage":0,"enemies":"3 Louse","floor":5,"turns":4},{"damage":31,"enemies":"Lagavulin","floor":7,"turns":5},{"damage":7,"enemies":"Blue Slaver","floor":8,"turns":4},{"damage":11,"enemies":"Exordium Wildlife","floor":12,"turns":4},{"damage":0,"enemies":"Exordium Thugs","floor":14,"turns":4},{"damage":7,"enemies":"Slime Boss","floor":16,"turns":7},{"damage":14,"enemies":"2 Thieves","floor":18,"turns":3},{"damage":30,"enemies":"Shell Parasite","floor":19,"turns":6},{"damage":21,"enemies":"Sentry and Sphere","floor":22,"turns":4},{"damage":33,"enemies":"Slavers","floor":23,"turns":4},{"damage":8,"enemies":"3 Cultists","floor":28,"turns":4},{"damage":5,"enemies":"Chosen and Byrds","floor":30,"turns":4},{"damage":0,"enemies":"Sentry and Sphere","floor":31,"turns":2},{"damage":84,"enemies":"Champ","floor":33,"turns":8}],"seed_played":"7658210441077272828","potions_obtained":[{"floor":5,"key":"Fire Potion"},{"floor":8,"key":"EssenceOfSteel"},{"floor":14,"key":"Poison Potion"},{"floor":16,"key":"Poison Potion"},{"floor":19,"key":"Dexterity Potion"},{"floor":22,"key":"LiquidBronze"},{"floor":23,"key":"LiquidBronze"}],"is_trial":false,"path_per_floor":["?","?","?","?","?","$","M"],"character_chosen":"IRONCLAD","items_purchased":["Iron Wave","Headbutt","HandDrill","Shrug It Off","Vajra"],"campfire_rested":2,"item_purchase_floors":[13,13,21,21,25],"current_hp_per_floor":[69,72,72,72,72,72,47,46,46,46,46,41,41,47,47,46,67,59,35,35,35,20,27,27,27,27,47,45,65,66,67,67,0],"gold":199,"neow_bonus":"ONE_RARE_RELIC","is_prod":false,"is_daily":false,"chose_seed":false,"campfire_upgraded":3,"win_rate":0,"timestamp":1551992779,"path_taken":["M","M","?","M","M","R","E","M","T","?","?","M","$","M","R","BOSS","M","M","?","$","M","E","?","?","T","R","?","R","M","M","R","BOSS"],"build_version":"2019-01-23","purchased_purges":1,"victory":false,"max_hp_per_floor":[72,72,72,72,72,72,72,72,72,72,67,67,67,67,67,67,67,67,67,67,67,67,67,67,67,67,67,67,67,67,67,67,67],"card_choices":[{"not_picked":["Havoc","Body Slam","Heavy Blade"],"picked":"SKIP","floor":1},{"not_picked":["Anger","Havoc"],"picked":"Twin Strike","floor":2},{"not_picked":["Sentinel","Battle Trance","Dual Wield"],"picked":"SKIP","floor":4},{"not_picked":["Feel No Pain","Body Slam"],"picked":"Anger","floor":5},{"not_picked":["Thunderclap","Heavy Blade"],"picked":"Flame Barrier","floor":7},{"not_picked":["Dual Wield","True Grit","Burning Pact"],"picked":"SKIP","floor":8},{"not_picked":["Dark Embrace","Rupture"],"picked":"Heavy Blade","floor":12},{"not_picked":["Corruption","Warcry"],"picked":"Perfected Strike","floor":14},{"not_picked":["Reaper","Offering"],"picked":"Immolate","floor":16},{"not_picked":["Perfected Strike","Intimidate+1"],"picked":"Shrug It Off","floor":18},{"not_picked":["Anger","Sword Boomerang+1"],"picked":"Pommel Strike+1","floor":19},{"not_picked":["Clash","Spot Weakness"],"picked":"Flex","floor":22},{"not_picked":["Blood for Blood+1","Rage+1"],"picked":"Twin Strike","floor":23},{"not_picked":["Uppercut","Sword Boomerang","Entrench"],"picked":"SKIP","floor":28},{"not_picked":["Iron Wave","Blood for Blood"],"picked":"Pommel Strike","floor":30},{"not_picked":["Feel No Pain+1","Clash","Second Wind"],"picked":"SKIP","floor":31}],"player_experience":275458,"relics_obtained":[{"floor":7,"key":"Mercury Hourglass"},{"floor":23,"key":"Self Forming Clay"},{"floor":26,"key":"Pen Nib"}],"event_choices":[{"damage_healed":0,"gold_gain":0,"player_choice":"Leave","damage_taken":0,"max_hp_gain":0,"max_hp_loss":0,"event_name":"The Cleric","floor":3,"gold_loss":0},{"damage_healed":0,"gold_gain":175,"player_choice":"AGREE","damage_taken":0,"max_hp_gain":0,"max_hp_loss":0,"event_name":"Liars Game","floor":10,"gold_loss":0,"cards_obtained":["Doubt"]},{"damage_healed":0,"gold_gain":0,"player_choice":"Lose Max HP","damage_taken":0,"relics_obtained":["Golden Idol"],"max_hp_gain":0,"max_hp_loss":5,"event_name":"Golden Idol","floor":11,"gold_loss":0},{"damage_healed":0,"gold_gain":0,"player_choice":"Inject Mutagens","damage_taken":0,"relics_obtained":["MutagenicStrength"],"max_hp_gain":0,"max_hp_loss":0,"event_name":"Drug Dealer","floor":20,"gold_loss":0},{"damage_healed":0,"gold_gain":0,"player_choice":"Opened","damage_taken":0,"relics_obtained":["Red Skull"],"max_hp_gain":0,"max_hp_loss":0,"event_name":"The Mausoleum","floor":24,"gold_loss":0}],"is_beta":false,"boss_relics":[{"not_picked":["Fusion Hammer","Cursed Key"],"picked":"Lizard Tail"}],"items_purged_floors":[13],"is_endless":false,"potions_floor_spawned":[5,8,14,16,19,22,23],"killed_by":"Champ","ascension_level":0}