{"gold_per_floor":[118,135,135,145,158,158,175,207,207,207,222,239,253,273,273,375,375,390,390,408,408,333,333,333],"floor_reached":24,"playtime":1056,"items_purged":["Defend_R"],"score":202,"play_id":"87cc25f8-f466-44bb-bce8-4f464120d3c5","local_time":"20190308152758","is_ascension_mode":false,"campfire_choices":[{"data":"Rampage","floor":6,"key":"SMITH"},{"floor":15,"key":"REST"},{"floor":23,"key":"REST"}],"neow_cost":"NONE","seed_source_timestamp":6456599099690598,"circlet_count":0,"master_deck":["Strike_R","Strike_R+1","Strike_R","Strike_R","Strike_R","Defend_R","Bash+1","Rampage+1","Headbutt","True Grit","Pommel Strike","Flex","Burning Pact","Warcry","Brutality"],"relics":["Black Blood","Whetstone","Charon\u0027s Ashes","Pantograph","Torii","MutagenicStrength"],"potions_floor_usage":[12,12,16,18,20],"damage_taken":[{"damage":6,"enemies":"Cultist","floor":1,"turns":3},{"damage":5,"enemies":"2 Louse","floor":2,"turns":3},{"damage":11,"enemies":"Jaw Worm","floor":4,"turns":2},{"damage":19,"enemies":"3 Louse","floor":5,"turns":3},{"damage":9,"enemies":"Exordium Wildlife","floor":7,"turns":4},{"damage":28,"enemies":"Gremlin Nob","floor":8,"turns":4},{"damage":13,"enemies":"Blue Slaver","floor":11,"turns":3},{"damage":6,"enemies":"Exordium Thugs","floor":12,"turns":3},{"damage":6,"enemies":"Lots of Slimes","floor":13,"turns":4},{"damage":10,"enemies":"Gremlin Gang","floor":14,"turns":3},{"damage":42,"enemies":"The Guardian","floor":16,"turns":8},{"damage":24,"enemies":"2 Thieves","floor":18,"turns":4},{"damage":35,"enemies":"Shell Parasite","floor":20,"turns":5},{"damage":30,"enemies":"Gremlin Leader","floor":24,"turns":4}],"seed_played":"3999903870107465105","potions_obtained":[{"floor":2,"key":"Strength Potion"},{"floor":8,"key":"Poison Potion"},{"floor":11,"key":"Poison Potion"},{"floor":12,"key":"SpeedPotion"},{"floor":16,"key":"Poison Potion"},{"floor":18,"key":"PowerPotion"}],"is_trial":false,"path_per_floor":["M","M","?","M","M","R","M","E","T","?","M","M","M","M","R","B",null,"M","?","M","?","$","R","E"],"character_chosen":"IRONCLAD","items_purchased":[],"campfire_rested":2,"item_purchase_floors":[],"current_hp_per_floor":[80,80,80,75,62,62,59,37,37,37,30,30,30,26,50,39,80,66,66,41,41,41,65,35],"gold":333,"neow_bonus":"RANDOM_COMMON_RELIC","is_prod":false,"is_daily":false,"chose_seed":false,"campfire_upgraded":1,"win_rate":0,"timestamp":1552076878,"path_taken":["M","M","?","?","M","R","M","E","T","?","?","M","M","M","R","BOSS","M","?","M","?","?","R","E"],"build_version":"2019-01-23","purchased_purges":1,"victory":false,"max_hp_per_floor":[80,80,80,80,80,80,80,80,80,80,80,80,80,80,80,80,80,80,80,80,80,80,80,80],"card_choices":[{"not_picked":["True Grit","Feel No Pain","Uppercut"],"picked":"SKIP","floor":1},{"not_picked":["True Grit","Clash"],"picked":"Rampage","floor":2},{"not_picked":["Corruption","Armaments"],"picked":"Headbutt","floor":4},{"not_picked":["Flex","Rampage"],"picked":"True Grit","floor":5},{"not_picked":["Rage","Cleave","Wild Strike"],"picked":"SKIP","floor":7},{"not_picked":["Warcry","Heavy Blade"],"picked":"Pommel Strike","floor":8},{"not_picked":["Dual Wield","Thunderclap"],"picked":"Burning Pact","floor":11},{"not_picked":["Clash","Rupture"],"picked":"Warcry","floor":12},{"not_picked":["Flex","Heavy Blade","Clash"],"picked":"SKIP","floor":13},{"not_picked":["Reaper","Flex","Anger"],"picked":"SKIP","floor":14},{"not_picked":["Fiend Fire","Feed"],"picked":"Brutality","floor":16},{"not_picked":["Dropkick","Heavy Blade+1","Flex"],"picked":"SKIP","floor":18},{"not_picked":["Clothesline","Entrench","Combust"],"picked":"SKIP","floor":20}],"player_experience":455719,"relics_obtained":[{"floor":8,"key":"Pantograph"},{"floor":9,"key":"Torii"}],"event_choices":[{"damage_healed":0,"gold_gain":0,"player_choice":"Gave Potion","damage_taken":0,"relics_obtained":["Charon\u0027s Ashes"],"max_hp_gain":0,"max_hp_loss":0,"event_name":"WeMeetAgain","floor":3,"gold_loss":0},{"damage_healed":0,"gold_gain":0,"cards_transformed":["Defend_R"],"player_choice":"Transformed","damage_taken":0,"max_hp_gain":0,"max_hp_loss":0,"event_name":"Transmorgrifier","floor":10,"gold_loss":0,"cards_obtained":["Flex"]},{"damage_healed":0,"gold_gain":0,"player_choice":"Inject Mutagens","damage_taken":0,"relics_obtained":["MutagenicStrength"],"max_hp_gain":0,"max_hp_loss":0,"event_name":"Drug Dealer","floor":19,"gold_loss":0},{"cards_removed":["Defend_R"],"damage_healed":0,"gold_gain":0,"player_choice":"Elegance","damage_taken":0,"max_hp_gain":0,"max_hp_loss":0,"event_name":"Back to Basics","floor":21,"gold_loss":0}],"is_beta":false,"boss_relics":[{"not_picked":["Calling Bell","Eternal Feather"],"picked":"Black Blood"}],"items_purged_floors":[22],"is_endless":false,"potions_floor_spawned":[2,8,11,12,16,18],"killed_by":"Gremlin Leader","ascension_level":0}