{"gold_per_floor":[118,118,83,8,19,49,49,60,60,60,87,87,39,114,114,210,210,223,123,123,109,208,208,222,222,222,235,255,268,98,116,116,214,214,232,232,85,85,85],"floor_reached":39,"playtime":1697,"items_purged":["Strike_B","Strike_B","Defend_B"],"score":437,"play_id":"9239f690-5e0d-4d49-b9b6-0a4bf70b31f8","local_time":"20180709215442","is_ascension_mode":false,"campfire_choices":[{"data":"Zap","floor":7,"key":"SMITH"},{"data":"Defend_B","floor":10,"key":"SMITH"},{"floor":12,"key":"REST"},{"floor":15,"key":"REST"},{"data":"Bite","floor":23,"key":"SMITH"},{"floor":25,"key":"REST"},{"floor":32,"key":"REST"}],"neow_cost":"FIFTY_PERCENT_DAMAGE","seed_source_timestamp":1626084256001642,"circlet_count":0,"master_deck":["Defend_B","Defend_B+1","Zap+1","Dualcast","Cold Snap","Ball Lightning","Reboot","Bite","Bite","Bite+1","Bite","Bite","Chill+1","Beam Cell","Apotheosis"],"relics":["Cracked Core","Peace Pipe","Shuriken","Matryoshka","Art of War","Nuclear Battery","Singing Bowl","Letter Opener","Runic Dome"],"potions_floor_usage":[6,16,16,33,33,33,35,39],"damage_taken":[{"damage":1,"enemies":"Jaw Worm","floor":1,"turns":3},{"damage":0,"enemies":"2 Louse","floor":5,"turns":3},{"damage":0,"enemies":"Gremlin Nob","floor":6,"turns":3},{"damage":0,"enemies":"Small Slimes","floor":8,"turns":2},{"damage":14,"enemies":"Lagavulin","floor":11,"turns":5},{"damage":35,"enemies":"Hexaghost","floor":16,"turns":7},{"damage":0,"enemies":"Chosen","floor":18,"turns":4},{"damage":18,"enemies":"2 Thieves","floor":21,"turns":4},{"damage":62,"enemies":"Slaver and Parasite","floor":24,"turns":6},{"damage":15,"enemies":"Snake Plant","floor":27,"turns":4},{"damage":20,"enemies":"Centurion and Healer","floor":28,"turns":6},{"damage":3,"enemies":"Snecko","floor":29,"turns":4},{"damage":21,"enemies":"Sentry and Sphere","floor":31,"turns":4},{"damage":62,"enemies":"Collector","floor":33,"turns":8},{"damage":14,"enemies":"3 Shapes","floor":35,"turns":3},{"damage":100,"enemies":"Time Eater","floor":39,"turns":8}],"seed_played":"-8268462553373002407","potions_obtained":[{"floor":1,"key":"Fire Potion"},{"floor":8,"key":"SteroidPotion"},{"floor":11,"key":"LiquidBronze"},{"floor":27,"key":"Dexterity Potion"},{"floor":31,"key":"Swift Potion"},{"floor":33,"key":"Regen Potion"}],"is_trial":false,"path_per_floor":["M","?","?","$","M","E","R","M","T","R","E","R","$","?","R","B",null,"M","$","?","M","?","R","M","R","T","M","M","M","$","M","R","B",null,"M","?","$","?"],"character_chosen":"DEFECT","items_purchased":["Strength Potion","Beam Cell","SmokeBomb","AttackPotion"],"campfire_rested":4,"item_purchase_floors":[13,30,37,37],"current_hp_per_floor":[37,30,48,48,48,48,48,48,48,48,34,56,56,45,67,32,75,75,75,52,44,44,44,6,21,21,26,33,47,47,39,57,24,62,64,61,61,61,0],"gold":85,"neow_bonus":"ONE_RARE_RELIC","is_prod":false,"is_daily":false,"chose_seed":false,"campfire_upgraded":3,"win_rate":0.0,"timestamp":1531187682,"path_taken":["M","?","?","$","M","E","R","?","T","R","E","R","$","?","R","BOSS","M","$","?","M","?","R","M","R","T","?","M","M","$","M","R","BOSS","M","?","$","?","BOSS"],"build_version":"2018-07-05","purchased_purges":3,"victory":false,"max_hp_per_floor":[75,75,75,75,75,75,75,75,75,75,75,75,75,75,75,75,75,75,75,52,52,52,52,52,52,52,54,56,58,58,60,60,62,62,64,66,66,66,66],"card_choices":[{"not_picked":["Rip and Tear","Ball Lightning"],"picked":"Cold Snap","floor":1},{"not_picked":["Go for the Eyes","Steam","Hello World"],"picked":"SKIP","floor":5},{"not_picked":["Barrage","Reboot"],"picked":"Ball Lightning","floor":6},{"not_picked":["Go for the Eyes","Sweeping Beam","Leap"],"picked":"SKIP","floor":8},{"not_picked":["Conserve Battery","All For One","Storm"],"picked":"SKIP","floor":11},{"not_picked":["Amplify","Thunder Strike"],"picked":"Reboot","floor":16},{"not_picked":["Beam Cell","Lockon","Sweeping Beam"],"picked":"SKIP","floor":18},{"not_picked":["Reprogram","Darkness","Sweeping Beam"],"picked":"SKIP","floor":21},{"not_picked":["Beam Cell+1","Barrage+1"],"picked":"Chill+1","floor":24},{"not_picked":["Hello World","Gash+1","Hologram"],"picked":"Singing Bowl","floor":27},{"not_picked":["Beam Cell","Gash","Heatsinks"],"picked":"Singing Bowl","floor":28},{"not_picked":["Scrape","Cold Snap","Redo"],"picked":"Singing Bowl","floor":29},{"not_picked":["Coolheaded","Skim","Buffer"],"picked":"Singing Bowl","floor":31},{"not_picked":["Biased Cognition","Meteor Strike","Fission"],"picked":"Singing Bowl","floor":33},{"not_picked":["Glacier+1","Hologram+1","Rebound"],"picked":"Singing Bowl","floor":35},{"not_picked":["Trip","Magnetism","Good Instincts"],"picked":"Singing Bowl","floor":36},{"not_picked":["Madness","Magnetism"],"picked":"Apotheosis","floor":36}],"player_experience":160854,"relics_obtained":[{"floor":6,"key":"Shuriken"},{"floor":9,"key":"Matryoshka"},{"floor":11,"key":"Art of War"},{"floor":26,"key":"Singing Bowl"},{"floor":26,"key":"Letter Opener"}],"event_choices":[{"event_name":"Golden Wing","player_choice":"Card Removal","floor":2,"damage_taken":0},{"event_name":"The Cleric","player_choice":"Healed","floor":3,"damage_taken":0},{"event_name":"World of Goop","player_choice":"Gather Gold","floor":14,"damage_taken":0},{"event_name":"Vampires","player_choice":"Became a vampire","floor":20,"damage_taken":0},{"event_name":"Nest","player_choice":"Stole From Cult","floor":22,"damage_taken":0},{"event_name":"SensoryStone","player_choice":"Memory 2","floor":36,"damage_taken":0},{"event_name":"SecretPortal","player_choice":"Took Portal.","floor":38,"damage_taken":0}],"boss_relics":[{"not_picked":["Busted Crown","Eternal Feather"],"picked":"Nuclear Battery"},{"not_picked":["Fusion Hammer","Philosopher\u0027s Stone"],"picked":"Runic Dome"}],"items_purged_floors":[4,19,30],"is_endless":false,"potions_floor_spawned":[1,8,11,27,31,33],"killed_by":"Time Eater","ascension_level":0}