{"gold_per_floor":[117,133,108,127,147,147,147,147,147,147,161,111,146,125,125,226,226,207,207,207,207,207,224,224,235,235,246,99,99,99,112,112,112],"floor_reached":33,"playtime":2770,"items_purged":[],"score":270,"play_id":"1cfa52b2-13af-4d84-a646-6a3abeb91fca","local_time":"20190209220217","is_ascension_mode":false,"campfire_choices":[{"floor":6,"key":"RECALL"},{"data":"Shrug It Off","floor":8,"key":"SMITH"},{"data":"Body Slam","floor":10,"key":"SMITH"},{"data":"Metallicize","floor":15,"key":"SMITH"},{"data":"RitualDagger","floor":24,"key":"SMITH"},{"data":"Limit Break","floor":29,"key":"SMITH"},{"data":"Body Slam","floor":32,"key":"SMITH"}],"neow_cost":"NONE","seed_source_timestamp":27674215669552,"circlet_count":0,"master_deck":["Strike_R+1","Strike_R+1","Strike_R+1","Strike_R+1","Strike_R+1","Defend_R+1","Defend_R+1","Defend_R+1","Defend_R+1","Bash","Body Slam+1","Heavy Blade","Shrug It Off+1","Metallicize+1","Shrug It Off","Limit Break+1","RitualDagger+1","Shrug It Off","Shrug It Off","Iron Wave","Body Slam+1"],"relics":["Burning Blood","NeowsBlessing","Paper Frog","Velvet Choker","Smiling Mask","Self Forming Clay","Dream Catcher"],"potions_floor_usage":[13,13,16,33,33,33],"damage_taken":[{"damage":0,"enemies":"Cultist","floor":1,"turns":1},{"damage":0,"enemies":"2 Louse","floor":2,"turns":1},{"damage":0,"enemies":"Jaw Worm","floor":4,"turns":1},{"damage":12,"enemies":"2 Fungi Beasts","floor":5,"turns":3},{"damage":5,"enemies":"Looter","floor":11,"turns":3},{"damage":1,"enemies":"Gremlin Nob","floor":13,"turns":3},{"damage":50,"enemies":"The Guardian","floor":16,"turns":17},{"damage":20,"enemies":"2 Thieves","floor":18,"turns":4},{"damage":10,"enemies":"Shell Parasite","floor":23,"turns":8},{"damage":3,"enemies":"Chosen and Byrds","floor":25,"turns":7},{"damage":16,"enemies":"Shelled Parasite and Fungi","floor":27,"turns":8},{"damage":6,"enemies":"Centurion and Healer","floor":31,"turns":11},{"damage":51,"enemies":"Champ","floor":33,"turns":7}],"seed_played":"7558617356497964867","potions_obtained":[{"floor":5,"key":"Block Potion"},{"floor":11,"key":"EssenceOfSteel"},{"floor":18,"key":"SteroidPotion"},{"floor":27,"key":"PowerPotion"},{"floor":31,"key":"Poison Potion"}],"is_trial":false,"path_per_floor":["$","M","?","?","?","?","?","T","M","?","M"],"character_chosen":"IRONCLAD","items_purchased":["Shrug It Off","SteroidPotion","Dream Catcher"],"campfire_rested":0,"item_purchase_floors":[3,12,28],"current_hp_per_floor":[80,80,80,80,74,74,58,58,58,58,59,59,64,64,64,20,80,66,66,60,60,60,56,56,59,59,49,49,49,49,49,49,0],"gold":112,"neow_bonus":"THREE_ENEMY_KILL","is_prod":false,"is_daily":false,"chose_seed":false,"campfire_upgraded":6,"win_rate":0,"timestamp":1549760537,"path_taken":["M","M","?","?","M","R","?","R","T","R","M","$","E","?","R","BOSS","M","?","?","?","?","?","R","M","T","M","$","R","?","?","R","BOSS"],"build_version":"2019-01-23","purchased_purges":0,"victory":false,"max_hp_per_floor":[80,80,80,80,80,80,80,80,80,80,80,80,80,80,80,80,80,80,80,80,80,80,80,80,80,80,80,80,80,80,80,80,80],"card_choices":[{"not_picked":["Clash","Seeing Red"],"picked":"Body Slam","floor":1},{"not_picked":["Dropkick","Perfected Strike"],"picked":"Heavy Blade","floor":2},{"not_picked":["Twin Strike","Fire Breathing","Feel No Pain"],"picked":"SKIP","floor":4},{"not_picked":["Cleave","Wild Strike","Second Wind"],"picked":"SKIP","floor":5},{"not_picked":["Power Through","Inflame"],"picked":"Metallicize","floor":11},{"not_picked":["Pummel","Thunderclap"],"picked":"Shrug It Off","floor":13},{"not_picked":["Juggernaut","Demon Form"],"picked":"Limit Break","floor":16},{"not_picked":["Battle Trance","Clash+1","Reckless Charge"],"picked":"SKIP","floor":18},{"not_picked":["Twin Strike","Pommel Strike"],"picked":"Shrug It Off","floor":23},{"not_picked":["Rage","Sword Boomerang+1"],"picked":"Shrug It Off","floor":25},{"not_picked":["Havoc+1","Impervious"],"picked":"Iron Wave","floor":27},{"not_picked":["Havoc","Uppercut"],"picked":"Body Slam","floor":31}],"player_experience":142236,"relics_obtained":[{"floor":13,"key":"Paper Frog"},{"floor":22,"key":"Smiling Mask"},{"floor":26,"key":"Self Forming Clay"}],"event_choices":[{"damage_healed":0,"gold_gain":0,"player_choice":"Entered Light","damage_taken":16,"max_hp_gain":0,"max_hp_loss":0,"event_name":"Shining Light","floor":7,"gold_loss":0,"cards_upgraded":["Strike_R","Strike_R"]},{"damage_healed":0,"gold_gain":0,"player_choice":"Left Gold","damage_taken":0,"max_hp_gain":0,"max_hp_loss":0,"event_name":"World of Goop","floor":14,"gold_loss":21},{"damage_healed":0,"gold_gain":0,"player_choice":"Ignored","damage_taken":0,"max_hp_gain":0,"max_hp_loss":0,"event_name":"Beggar","floor":19,"gold_loss":0},{"damage_healed":0,"gold_gain":0,"player_choice":"Joined the Cult","damage_taken":6,"max_hp_gain":0,"max_hp_loss":0,"event_name":"Nest","floor":20,"gold_loss":0,"cards_obtained":["RitualDagger"]},{"damage_healed":0,"gold_gain":0,"player_choice":"Simplicity","damage_taken":0,"max_hp_gain":0,"max_hp_loss":0,"event_name":"Back to Basics","floor":21,"gold_loss":0,"cards_upgraded":["Strike_R","Strike_R","Strike_R","Defend_R","Defend_R","Defend_R","Defend_R"]},{"damage_healed":0,"gold_gain":0,"player_choice":"Ignored","damage_taken":0,"max_hp_gain":0,"max_hp_loss":0,"event_name":"Transmorgrifier","floor":30,"gold_loss":0}],"is_beta":false,"boss_relics":[{"not_picked":["Runic Cube","Eternal Feather"],"picked":"Velvet Choker"}],"items_purged_floors":[],"is_endless":false,"potions_floor_spawned":[5,11,18,27,31],"killed_by":"Champ","ascension_level":0}