{"gold_per_floor":[119,132,63,83,95,125,200,200],"floor_reached":8,"playtime":275,"items_purged":[],"score":61,"play_id":"6fa3b709-ac05-456b-acb3-fada063b336d","local_time":"20190328002636","is_ascension_mode":true,"campfire_choices":[],"neow_cost":"NONE","seed_source_timestamp":8127743669477037,"circlet_count":0,"master_deck":["Defend_G","Defend_G","Defend_G","Defend_G","Defend_G","Strike_G","Strike_G","Strike_G","Strike_G","Strike_G","Survivor","Neutralize","Deadly Poison","Sucker Punch","Flying Knee","Dodge and Roll","Quick Slash","All Out Attack"],"relics":["Ring of the Snake","NeowsBlessing","Peace Pipe"],"potions_floor_usage":[6,8],"damage_taken":[{"damage":0,"enemies":"Cultist","floor":1,"turns":1},{"damage":0,"enemies":"Jaw Worm","floor":2,"turns":1},{"damage":0,"enemies":"2 Louse","floor":4,"turns":1},{"damage":27,"enemies":"Gremlin Gang","floor":5,"turns":7},{"damage":21,"enemies":"Lagavulin","floor":6,"turns":8},{"damage":14,"enemies":"Gremlin Nob","floor":8,"turns":3}],"seed_played":"-5765686603083257641","potions_obtained":[{"floor":4,"key":"Ancient Potion"},{"floor":5,"key":"Dexterity Potion"}],"is_trial":false,"path_per_floor":["M","M","$","M","M","E","?","E"],"character_chosen":"THE_SILENT","items_purchased":["Flying Knee","Dodge and Roll"],"campfire_rested":0,"item_purchase_floors":[3,3],"current_hp_per_floor":[70,70,70,70,43,22,11,0],"gold":200,"neow_bonus":"THREE_ENEMY_KILL","is_prod":false,"is_daily":false,"chose_seed":false,"campfire_upgraded":0,"win_rate":0,"timestamp":1553747196,"path_taken":["M","?","?","M","M","E","?","E"],"build_version":"2019-01-23","purchased_purges":0,"victory":false,"max_hp_per_floor":[70,70,70,70,70,70,70,70],"card_choices":[{"not_picked":["Sucker Punch","Prepared"],"picked":"Deadly Poison","floor":1},{"not_picked":["Dagger Throw","Reflex"],"picked":"Sucker Punch","floor":2},{"not_picked":["Caltrops","Acrobatics"],"picked":"Quick Slash","floor":4},{"not_picked":["Dodge and Roll","Quick Slash","Finisher"],"picked":"SKIP","floor":5},{"not_picked":["Outmaneuver","Accuracy"],"picked":"All Out Attack","floor":6}],"player_experience":566021,"relics_obtained":[{"floor":6,"key":"Peace Pipe"}],"event_choices":[{"damage_healed":0,"gold_gain":75,"player_choice":"Gather Gold","damage_taken":11,"max_hp_gain":0,"max_hp_loss":0,"event_name":"World of Goop","floor":7,"gold_loss":0}],"is_beta":false,"boss_relics":[],"items_purged_floors":[],"is_endless":false,"potions_floor_spawned":[4,5],"killed_by":"Gremlin Nob","ascension_level":1}