{"gold_per_floor":[111,111,44,57,57,57,75,92,172,192,226,242,275,289,289,289,289,309,309,164,164,164,164,64,81,81,45,45,45,45,63,63,161,161,181,196,96,96],"floor_reached":38,"playtime":1591,"items_purged":["Writhe","Reaper","Bite"],"score":409,"play_id":"27e0b89c-2424-4d86-8056-849a9d6e664a","local_time":"20180725132254","is_ascension_mode":false,"campfire_choices":[{"data":"Whirlwind","floor":6,"key":"SMITH"},{"data":"Limit Break","floor":15,"key":"SMITH"},{"data":"Flex","floor":23,"key":"SMITH"},{"data":"Flex","floor":28,"key":"SMITH"},{"data":"Spot Weakness","floor":30,"key":"SMITH"},{"data":"Spot Weakness","floor":32,"key":"SMITH"}],"neow_cost":"NONE","seed_source_timestamp":1227614770224360,"circlet_count":0,"master_deck":["Defend_R","Defend_R","Bash","Clothesline","Shrug It Off","Whirlwind+1","Flex+1","Spot Weakness+1","Limit Break+1","Spot Weakness+1","Inflame+1","Bite","Bite","Bite","Flex+1","Limit Break"],"relics":["Burning Blood","MawBank","Frozen Egg 2","Anchor","Incense Burner","Cursed Key","Unceasing Top","The Courier","Empty Cage"],"potions_floor_usage":[11,16,16,16],"damage_taken":[{"damage":0,"enemies":"Small Slimes","floor":1,"turns":3},{"damage":6,"enemies":"Cultist","floor":4,"turns":4},{"damage":11,"enemies":"Jaw Worm","floor":7,"turns":3},{"damage":0,"enemies":"3 Louse","floor":8,"turns":1},{"damage":0,"enemies":"Large Slime","floor":10,"turns":5},{"damage":0,"enemies":"3 Sentries","floor":11,"turns":1},{"damage":6,"enemies":"Exordium Thugs","floor":12,"turns":3},{"damage":34,"enemies":"Lagavulin","floor":13,"turns":6},{"damage":0,"enemies":"2 Fungi Beasts","floor":14,"turns":2},{"damage":21,"enemies":"Slime Boss","floor":16,"turns":12},{"damage":10,"enemies":"Shell Parasite","floor":18,"turns":4},{"damage":10,"enemies":"2 Thieves","floor":25,"turns":3},{"damage":22,"enemies":"Centurion and Healer","floor":31,"turns":3},{"damage":34,"enemies":"Automaton","floor":33,"turns":6},{"damage":5,"enemies":"3 Shapes","floor":35,"turns":2},{"damage":5,"enemies":"Orb Walker","floor":36,"turns":2},{"damage":67,"enemies":"Flame Bruiser 2 Orb","floor":38,"turns":3}],"seed_played":"4948083532475563730","potions_obtained":[{"floor":4,"key":"SteroidPotion"},{"floor":10,"key":"EssenceOfSteel"},{"floor":12,"key":"Fire Potion"},{"floor":14,"key":"Energy Potion"},{"floor":33,"key":"Energy Potion"},{"floor":35,"key":"Regen Potion"},{"floor":36,"key":"SkillPotion"}],"is_trial":false,"path_per_floor":["M","?","$","M","?","R","M","M","T","M","E","M","E","M","R","B",null,"M","?","$","?","?","R","$","M","T","$","R","?","R","M","R","B",null,"M","M","$"],"character_chosen":"IRONCLAD","items_purchased":["Whirlwind","Inflame+1","Flex"],"campfire_rested":0,"item_purchase_floors":[3,20,27],"current_hp_per_floor":[80,73,73,73,73,73,68,74,74,80,80,80,52,58,58,43,80,76,76,76,56,56,56,56,54,54,54,54,54,54,40,40,26,56,56,56,56,0],"gold":96,"neow_bonus":"THREE_CARDS","is_prod":false,"is_daily":false,"chose_seed":false,"campfire_upgraded":6,"win_rate":0,"timestamp":1532539374,"path_taken":["M","?","$","M","?","R","M","M","T","M","E","M","E","M","R","BOSS","M","?","$","?","?","R","$","M","T","$","R","?","R","M","R","BOSS","M","M","$","?"],"build_version":"2018-07-19v2","purchased_purges":3,"victory":false,"max_hp_per_floor":[80,80,80,80,80,80,80,80,80,80,80,80,80,80,80,80,80,80,80,80,56,56,56,56,56,56,56,56,56,56,56,56,56,56,56,56,56,56],"card_choices":[{"not_picked":["Havoc","Warcry"],"picked":"Clothesline","floor":0},{"not_picked":["Combust","Cleave"],"picked":"Shrug It Off","floor":1},{"not_picked":["Twin Strike","Dual Wield"],"picked":"Flex","floor":4},{"not_picked":["Clothesline","Dual Wield","Perfected Strike"],"picked":"SKIP","floor":7},{"not_picked":["Disarm","Pommel Strike","Iron Wave"],"picked":"SKIP","floor":8},{"not_picked":["Wild Strike","Blood for Blood","Anger"],"picked":"SKIP","floor":10},{"not_picked":["Anger","Searing Blow"],"picked":"Spot Weakness","floor":11},{"not_picked":["Second Wind","Warcry","Uppercut"],"picked":"SKIP","floor":12},{"not_picked":["Shockwave","Entrench","Rage"],"picked":"SKIP","floor":13},{"not_picked":["Shrug It Off","Iron Wave"],"picked":"Limit Break","floor":14},{"not_picked":["Iron Wave","Heavy Blade"],"picked":"Spot Weakness","floor":18},{"not_picked":["Whirlwind","Thunderclap","Anger+1"],"picked":"SKIP","floor":25},{"not_picked":["Infernal Blade+1","Blood for Blood+1","Pommel Strike"],"picked":"SKIP","floor":31},{"not_picked":["Barricade+1","Dark Embrace+1"],"picked":"Limit Break","floor":33},{"not_picked":["Body Slam+1","Headbutt+1","Heavy Blade+1"],"picked":"SKIP","floor":35},{"not_picked":["Headbutt","Sentinel+1","Twin Strike"],"picked":"SKIP","floor":36}],"player_experience":273923,"relics_obtained":[{"floor":9,"key":"Frozen Egg 2"},{"floor":11,"key":"Anchor"},{"floor":13,"key":"Incense Burner"},{"floor":26,"key":"The Courier"}],"event_choices":[{"event_name":"Scrap Ooze","player_choice":"success","floor":2,"damage_taken":7},{"event_name":"Bonfire Elementals","player_choice":"BASIC","floor":5,"damage_taken":0},{"event_name":"The Mausoleum","player_choice":"Yes","floor":19,"damage_taken":0},{"event_name":"Vampires","player_choice":"Became a vampire","floor":21,"damage_taken":0},{"event_name":"Transmorgrifier","player_choice":"Transform","floor":22,"damage_taken":0},{"event_name":"Addict","player_choice":"Ignored","floor":29,"damage_taken":0}],"is_beta":false,"boss_relics":[{"not_picked":["Snecko Eye","Sozu"],"picked":"Cursed Key"},{"not_picked":["Eternal Feather","Orrery"],"picked":"Empty Cage"}],"items_purged_floors":[20,24,37],"is_endless":false,"potions_floor_spawned":[4,10,12,14,16,33,35,36],"killed_by":"Flame Bruiser 2 Orb","ascension_level":0}