{"gold_per_floor":[216,216,60,60,77,112,112,12,12,38,50,15,29,49,49,153,153,142,158,158,158,172,172,25,57,57,69,96,96,108,108],"floor_reached":31,"playtime":3289,"items_purged":["Strike_G","Strike_G"],"score":310,"play_id":"e5e41acf-60ba-4bee-9698-f15e5c19e59c","local_time":"20190325235543","is_ascension_mode":false,"campfire_choices":[{"data":"Well Laid Plans","floor":7,"key":"SMITH"},{"floor":15,"key":"REST"},{"data":"Tools of the Trade","floor":23,"key":"SMITH"}],"neow_cost":"NONE","seed_source_timestamp":362446648876006,"circlet_count":0,"master_deck":["Defend_G","Defend_G","Defend_G+1","Defend_G","Defend_G","Strike_G","Strike_G","Strike_G","Survivor+1","Neutralize+1","Sucker Punch","Well Laid Plans+1","Backstab","Noxious Fumes","Tools of the Trade+1","Backstab","Dagger Spray","Caltrops+1"],"relics":["Ring of the Snake","Matryoshka","Vajra","Singing Bowl","Art of War","Orrery","MutagenicStrength","Lantern","Boot","War Paint","Mummified Hand","Frozen Egg 2"],"potions_floor_usage":[6,19,22,25,25,25,30,30,31],"damage_taken":[{"damage":0,"enemies":"2 Louse","floor":1,"turns":4},{"damage":0,"enemies":"Small Slimes","floor":5,"turns":5},{"damage":20,"enemies":"Lagavulin","floor":6,"turns":10},{"damage":43,"enemies":"3 Sentries","floor":10,"turns":15},{"damage":0,"enemies":"Jaw Worm","floor":11,"turns":2},{"damage":0,"enemies":"Looter","floor":13,"turns":4},{"damage":2,"enemies":"Lots of Slimes","floor":14,"turns":6},{"damage":3,"enemies":"The Guardian","floor":16,"turns":14},{"damage":14,"enemies":"2 Thieves","floor":18,"turns":4},{"damage":21,"enemies":"Spheric Guardian","floor":19,"turns":5},{"damage":0,"enemies":"Centurion and Healer","floor":22,"turns":7},{"damage":12,"enemies":"Book of Stabbing","floor":25,"turns":5},{"damage":7,"enemies":"Snake Plant","floor":27,"turns":3},{"damage":33,"enemies":"Gremlin Leader","floor":28,"turns":9},{"damage":9,"enemies":"3 Cultists","floor":30,"turns":5},{"damage":10,"enemies":"Book of Stabbing","floor":31,"turns":4}],"seed_played":"5420205020776178220","potions_obtained":[{"floor":5,"key":"SkillPotion"},{"floor":10,"key":"Strength Potion"},{"floor":13,"key":"Regen Potion"},{"floor":14,"key":"Poison Potion"},{"floor":19,"key":"SkillPotion"},{"floor":22,"key":"Strength Potion"},{"floor":28,"key":"GamblersBrew"},{"floor":29,"key":"GhostInAJar"},{"floor":29,"key":"Ancient Potion"}],"is_trial":false,"path_per_floor":["?","?","?","?","?","$","?"],"character_chosen":"THE_SILENT","items_purchased":["Well Laid Plans","Lantern"],"campfire_rested":1,"item_purchase_floors":[3,24],"current_hp_per_floor":[70,70,70,70,70,50,50,50,50,7,7,24,26,26,48,45,80,66,61,61,61,63,63,63,53,53,48,17,17,10,0],"gold":108,"neow_bonus":"HUNDRED_GOLD","is_prod":false,"is_daily":false,"chose_seed":false,"campfire_upgraded":2,"win_rate":0,"timestamp":1553568943,"path_taken":["M","?","$","?","M","E","R","$","T","E","M","?","M","M","R","BOSS","M","M","?","?","M","R","?","E","T","M","E","?","M","E"],"build_version":"2019-01-23","purchased_purges":2,"victory":false,"max_hp_per_floor":[70,70,70,70,70,70,70,70,70,70,70,70,72,74,74,74,80,80,82,82,82,84,84,84,86,86,88,90,90,92,92],"card_choices":[{"not_picked":["Crippling Poison","Dagger Throw"],"picked":"Sucker Punch","floor":1},{"not_picked":["Poisoned Stab","Deflect","Deadly Poison"],"picked":"SKIP","floor":5},{"not_picked":["Burst","Terror","Acrobatics"],"picked":"SKIP","floor":6},{"not_picked":["Acrobatics","All Out Attack"],"picked":"Backstab","floor":10},{"not_picked":["Blade Dance","Slice"],"picked":"Noxious Fumes","floor":11},{"not_picked":["Riddle With Holes","PiercingWail","Backflip"],"picked":"Singing Bowl","floor":13},{"not_picked":["Finisher","Cloak And Dagger","Dodge and Roll"],"picked":"Singing Bowl","floor":14},{"not_picked":["Unload","Corpse Explosion"],"picked":"Tools of the Trade","floor":16},{"not_picked":["Slice","Endless Agony"],"picked":"Backstab","floor":17},{"not_picked":["Bane","Finisher","Outmaneuver"],"picked":"Singing Bowl","floor":17},{"not_picked":["Catalyst","Underhanded Strike"],"picked":"Dagger Spray","floor":17},{"not_picked":["Heel Hook","Quick Slash","Dagger Throw"],"picked":"Singing Bowl","floor":17},{"not_picked":["Bane","Outmaneuver","Deadly Poison"],"picked":"Singing Bowl","floor":17},{"not_picked":["Acrobatics","Finisher"],"picked":"Caltrops+1","floor":18},{"not_picked":["Quick Slash","Sucker Punch","Dagger Throw"],"picked":"Singing Bowl","floor":19},{"not_picked":["Terror","Backflip","Blade Dance"],"picked":"Singing Bowl","floor":22},{"not_picked":["Dagger Spray","Wraith Form v2","Slice"],"picked":"Singing Bowl","floor":25},{"not_picked":["Eviscerate","Acrobatics","Quick Slash"],"picked":"Singing Bowl","floor":27},{"not_picked":["Finisher","Grand Finale","Acrobatics"],"picked":"Singing Bowl","floor":28},{"not_picked":["Masterful Stab+1","Flechettes","Quick Slash+1"],"picked":"Singing Bowl","floor":30}],"player_experience":441348,"relics_obtained":[{"floor":6,"key":"Matryoshka"},{"floor":9,"key":"Vajra"},{"floor":9,"key":"Singing Bowl"},{"floor":10,"key":"Art of War"},{"floor":25,"key":"Boot"},{"floor":26,"key":"War Paint"},{"floor":26,"key":"Mummified Hand"},{"floor":28,"key":"Frozen Egg 2"}],"event_choices":[{"damage_healed":0,"gold_gain":0,"player_choice":"Grow","damage_taken":0,"max_hp_gain":0,"max_hp_loss":0,"event_name":"Living Wall","floor":2,"gold_loss":0,"cards_upgraded":["Neutralize"]},{"damage_healed":0,"gold_gain":0,"player_choice":"Ignored","damage_taken":0,"max_hp_gain":0,"max_hp_loss":0,"event_name":"Shining Light","floor":4,"gold_loss":0},{"damage_healed":17,"gold_gain":0,"player_choice":"Healed","damage_taken":0,"max_hp_gain":0,"max_hp_loss":0,"event_name":"The Cleric","floor":12,"gold_loss":35},{"damage_healed":0,"gold_gain":0,"player_choice":"Inject Mutagens","damage_taken":0,"relics_obtained":["MutagenicStrength"],"max_hp_gain":0,"max_hp_loss":0,"event_name":"Drug Dealer","floor":20,"gold_loss":0},{"damage_healed":0,"gold_gain":0,"player_choice":"Ignored","damage_taken":0,"max_hp_gain":0,"max_hp_loss":0,"event_name":"Vampires","floor":21,"gold_loss":0},{"damage_healed":0,"gold_gain":0,"player_choice":"Got Potions","damage_taken":0,"max_hp_gain":0,"max_hp_loss":0,"event_name":"Lab","floor":29,"gold_loss":0}],"is_beta":false,"boss_relics":[{"not_picked":["Ring of the Serpent","White Beast Statue"],"picked":"Orrery"}],"items_purged_floors":[3,8],"is_endless":false,"potions_floor_spawned":[5,10,13,14,19,22,28],"killed_by":"Book of Stabbing","ascension_level":0}