{"gold_per_floor":[216,16,34,34,34,34,50,93,93,118,133,133,149,192,204,216],"floor_reached":16,"playtime":454,"items_purged":[],"score":118,"play_id":"4c2b705b-5eca-4106-a85f-03ebb810510f","local_time":"20180921111714","is_ascension_mode":true,"campfire_choices":[{"data":"Lockon","floor":6,"key":"SMITH"},{"floor":12,"key":"REST"},{"floor":15,"key":"REST"}],"neow_cost":"NONE","seed_source_timestamp":630347310168,"circlet_count":0,"master_deck":["Strike_B","Strike_B","Strike_B","Strike_B","Defend_B","Defend_B","Defend_B","Defend_B","Zap","Dualcast","Ball Lightning","Ball Lightning","Lockon+1","Static Discharge","Reboot","Sunder","Multi-Cast","Cold Snap","Chaos"],"relics":["Cracked Core","PreservedInsect","Golden Idol","Prayer Wheel","Unceasing Top","MawBank"],"potions_floor_usage":[10,10,13],"damage_taken":[{"damage":0,"enemies":"Cultist","floor":1,"turns":3},{"damage":5,"enemies":"2 Louse","floor":3,"turns":2},{"damage":8,"enemies":"Small Slimes","floor":7,"turns":2},{"damage":18,"enemies":"Lagavulin","floor":8,"turns":3},{"damage":2,"enemies":"2 Fungi Beasts","floor":10,"turns":2},{"damage":7,"enemies":"Blue Slaver","floor":11,"turns":2},{"damage":0,"enemies":"Large Slime","floor":13,"turns":4},{"damage":27,"enemies":"3 Sentries","floor":14,"turns":4},{"damage":48,"enemies":"The Guardian","floor":16,"turns":7}],"seed_played":"-8800633984655443014","potions_obtained":[{"floor":3,"key":"EssenceOfSteel"},{"floor":7,"key":"Poison Potion"},{"floor":11,"key":"Block Potion"}],"is_trial":false,"path_per_floor":["M","$","M","$","?","R","M","E","T","M","M","R","M","E","R"],"character_chosen":"DEFECT","items_purchased":["Ball Lightning","PreservedInsect"],"campfire_rested":2,"item_purchase_floors":[2,2],"current_hp_per_floor":[75,75,70,70,69,69,61,43,43,41,34,54,54,27,47,0],"gold":216,"neow_bonus":"HUNDRED_GOLD","is_prod":false,"is_daily":false,"chose_seed":false,"campfire_upgraded":1,"win_rate":0,"timestamp":1537543034,"path_taken":["M","$","M","$","?","R","M","E","T","?","M","R","M","E","R","BOSS"],"build_version":"2018-09-20","purchased_purges":0,"victory":false,"max_hp_per_floor":[75,75,75,75,69,69,69,69,69,69,69,69,69,69,69,69],"card_choices":[{"not_picked":["Steam","Conserve Battery"],"picked":"Ball Lightning","floor":1},{"not_picked":["Coolheaded","Aggregate"],"picked":"Lockon","floor":3},{"not_picked":["Beam Cell","Cold Snap"],"picked":"Static Discharge","floor":7},{"not_picked":["Machine Learning","Darkness"],"picked":"Reboot","floor":8},{"not_picked":["Rebound","Sweeping Beam"],"picked":"Sunder","floor":10},{"not_picked":["Redo","Go for the Eyes","Glacier"],"picked":"SKIP","floor":10},{"not_picked":["Rebound","Coolheaded"],"picked":"Multi-Cast","floor":11},{"not_picked":["Streamline","Turbo","Stack"],"picked":"SKIP","floor":11},{"not_picked":["White Noise","Darkness"],"picked":"Cold Snap","floor":13},{"not_picked":["Compile Driver","Redo","Scrape"],"picked":"SKIP","floor":13},{"not_picked":["Ball Lightning","Steam"],"picked":"Chaos","floor":14}],"player_experience":369159,"relics_obtained":[{"floor":8,"key":"Prayer Wheel"},{"floor":9,"key":"Unceasing Top"},{"floor":14,"key":"MawBank"}],"event_choices":[{"event_name":"Golden Idol","player_choice":"Lose Max HP","floor":5,"damage_taken":0}],"is_beta":false,"boss_relics":[],"items_purged_floors":[],"is_endless":false,"potions_floor_spawned":[3,7,11],"killed_by":"The Guardian","ascension_level":1}