{"gold_per_floor":[118,193,204,222,153,185,195,195,195,222,240,272,272,301,301,301],"floor_reached":16,"playtime":1061,"items_purged":[],"score":169,"play_id":"82166091-48c9-40b7-ad90-7423ef6c7d84","local_time":"20190326143904","is_ascension_mode":true,"campfire_choices":[{"data":"Neutralize","floor":8,"key":"SMITH"},{"data":"Cloak And Dagger","floor":15,"key":"SMITH"}],"neow_cost":"NONE","seed_source_timestamp":9570134525600,"circlet_count":0,"master_deck":["Defend_G","Defend_G","Defend_G","Defend_G","Defend_G","Strike_G","Strike_G","Strike_G","Strike_G","Strike_G","Survivor","Neutralize+1","PiercingWail","Dash","Well Laid Plans","Die Die Die","Sucker Punch","Cloak And Dagger+1"],"relics":["Ring of the Snake","NeowsBlessing","The Courier","Torii","Thread and Needle","Bottled Flame","Potion Belt"],"potions_floor_usage":[10,10,12,12],"damage_taken":[{"damage":0,"enemies":"Cultist","floor":1,"turns":1},{"damage":0,"enemies":"2 Louse","floor":3,"turns":1},{"damage":0,"enemies":"Small Slimes","floor":4,"turns":1},{"damage":13,"enemies":"3 Sentries","floor":6,"turns":15},{"damage":2,"enemies":"3 Louse","floor":7,"turns":3},{"damage":15,"enemies":"Gremlin Nob","floor":10,"turns":4},{"damage":0,"enemies":"Looter","floor":11,"turns":3},{"damage":4,"enemies":"Lagavulin","floor":12,"turns":10},{"damage":12,"enemies":"3 Sentries","floor":14,"turns":8},{"damage":41,"enemies":"Hexaghost","floor":16,"turns":16}],"seed_played":"-8727855071154156163","potions_obtained":[{"floor":3,"key":"SkillPotion"},{"floor":6,"key":"AttackPotion"},{"floor":7,"key":"Regen Potion"},{"floor":11,"key":"Energy Potion"},{"floor":14,"key":"Fire Potion"}],"is_trial":false,"path_per_floor":["?","M","?"],"character_chosen":"THE_SILENT","items_purchased":["Well Laid Plans"],"campfire_rested":0,"item_purchase_floors":[5],"current_hp_per_floor":[63,56,56,56,56,43,41,41,41,31,31,27,50,38,38,0],"gold":301,"neow_bonus":"THREE_ENEMY_KILL","is_prod":false,"is_daily":false,"chose_seed":false,"campfire_upgraded":2,"win_rate":0,"timestamp":1553625544,"path_taken":["M","?","?","M","$","E","M","R","T","E","M","E","?","E","R","BOSS"],"build_version":"2019-01-23","purchased_purges":0,"victory":false,"max_hp_per_floor":[70,70,70,70,70,70,70,70,70,70,70,70,70,70,70,70],"card_choices":[{"not_picked":["Quick Slash","Calculated Gamble"],"picked":"PiercingWail","floor":1},{"not_picked":["Bane","Backflip","Prepared"],"picked":"SKIP","floor":3},{"not_picked":["Dagger Spray","Terror"],"picked":"Dash","floor":4},{"not_picked":["Flying Knee","Poisoned Stab"],"picked":"Die Die Die","floor":6},{"not_picked":["Reflex","Cloak And Dagger"],"picked":"Sucker Punch","floor":7},{"not_picked":["Deadly Poison","Leg Sweep","Corpse Explosion"],"picked":"SKIP","floor":10},{"not_picked":["Slice","Bane","Flechettes"],"picked":"SKIP","floor":11},{"not_picked":["Phantasmal Killer","Quick Slash","Bane"],"picked":"SKIP","floor":12},{"not_picked":["Choke","Endless Agony"],"picked":"Cloak And Dagger","floor":14}],"player_experience":297222,"relics_obtained":[{"floor":6,"key":"The Courier"},{"floor":9,"key":"Torii"},{"floor":10,"key":"Thread and Needle"},{"floor":12,"key":"Bottled Flame"},{"floor":14,"key":"Potion Belt"}],"event_choices":[{"damage_healed":0,"gold_gain":75,"player_choice":"Touch","damage_taken":7,"max_hp_gain":0,"max_hp_loss":0,"event_name":"FaceTrader","floor":2,"gold_loss":0},{"damage_healed":23,"gold_gain":0,"player_choice":"Banana","damage_taken":0,"max_hp_gain":0,"max_hp_loss":0,"event_name":"Big Fish","floor":13,"gold_loss":0}],"is_beta":false,"boss_relics":[],"items_purged_floors":[],"is_endless":false,"potions_floor_spawned":[3,6,7,11,14],"killed_by":"Hexaghost","ascension_level":6}