{"gold_per_floor":[118,2,2,17,29,29,43,43,93,93,93,108,108,122,122,221,221,241,251,262,262,16,16,46,46,70,9,20,38,38,52,52,52],"floor_reached":33,"playtime":1013,"items_purged":[],"score":363,"play_id":"7ea96d31-ee03-4f06-aaea-ba95aa25c5c6","local_time":"20190324140923","is_ascension_mode":true,"campfire_choices":[{"data":"Loop","floor":6.0,"key":"SMITH"},{"data":"Undo","floor":13,"key":"SMITH"},{"data":"Lockon","floor":15,"key":"SMITH"},{"data":"Defragment","floor":23,"key":"SMITH"},{"floor":30,"key":"REST"},{"floor":32,"key":"REST"}],"neow_cost":"NONE","seed_source_timestamp":15660131443114,"circlet_count":0,"master_deck":["Strike_B","Strike_B","Defend_B","Defend_B","Defend_B","Defend_B","Zap","Dualcast","Go for the Eyes","Melter","Loop+1","Ball Lightning","Ball Lightning","Storm","Leap","Undo+1","Lockon+1","Echo Form","Go for the Eyes","Chrysalis","Defragment+1","Leap","Stack"],"special_seed":0,"relics":["Cracked Core","Blood Vial","Omamori","Centennial Puzzle","Busted Crown","Blue Candle","Pantograph","DataDisk","Dream Catcher"],"potions_floor_usage":[16,24,24,29],"damage_taken":[{"damage":4.0,"enemies":"Jaw Worm","floor":1.0,"turns":4.0},{"damage":0.0,"enemies":"Cultist","floor":4.0,"turns":2.0},{"damage":0.0,"enemies":"Small Slimes","floor":5.0,"turns":3.0},{"damage":28.0,"enemies":"Exordium Wildlife","floor":7.0,"turns":4.0},{"damage":2,"enemies":"Looter","floor":12,"turns":3},{"damage":3,"enemies":"2 Fungi Beasts","floor":14,"turns":4},{"damage":22,"enemies":"Hexaghost","floor":16,"turns":9},{"damage":0,"enemies":"Spheric Guardian","floor":18,"turns":3},{"damage":21,"enemies":"2 Thieves","floor":19,"turns":4},{"damage":13,"enemies":"Snake Plant","floor":20,"turns":3},{"damage":31,"enemies":"Book of Stabbing","floor":24,"turns":5},{"damage":6,"enemies":"3 Cultists","floor":28,"turns":5},{"damage":17,"enemies":"Cultist and Chosen","floor":29,"turns":5},{"damage":20,"enemies":"Snake Plant","floor":31,"turns":4},{"damage":74,"enemies":"Collector","floor":33,"turns":5}],"seed_played":"-2423024870812868190","potions_obtained":[{"floor":5.0,"key":"Strength Potion"},{"floor":7.0,"key":"Weak Potion"},{"floor":18,"key":"EssenceOfSteel"},{"floor":28,"key":"Fruit Juice"}],"is_trial":false,"path_per_floor":["M","$","?","M","M","R","M","$","T","?","?","M","R","M","R","B",null,"M","M","M","?","$","R","E","?","T","?","M","M","R","M","R","B"],"character_chosen":"DEFECT","items_purchased":["Melter","Loop","Chrysalis","Defragment"],"campfire_rested":2,"item_purchase_floors":[2,2,22,22],"current_hp_per_floor":[66,66,66,68,70,70,44,44,44,44,44,44,44,43,43,23,62,64,45,34,34,34,34,5,30,30,30,26,16,40,22,46,0],"gold":52,"neow_bonus":"RANDOM_COMMON_RELIC","is_prod":false,"is_daily":false,"chose_seed":false,"campfire_upgraded":4,"win_rate":0,"timestamp":1553454563,"path_taken":["M","$","?","?","M","R","M","?","T","?","?","M","R","M","R","BOSS","M","M","M","?","$","R","E","?","T","?","?","M","R","M","R","BOSS"],"build_version":"2019-01-23","purchased_purges":0,"victory":false,"max_hp_per_floor":[75,75,75,75,75,75,75,75,75,75,75,75,75,75,75,75,75,75,75,75,75,75,75,75,75,75,75,75,80,80,80,80,80],"card_choices":[{"not_picked":["Gash","Compile Driver"],"picked":"Go for the Eyes","floor":1.0},{"not_picked":["Redo","Steam","Doom and Gloom"],"picked":"SKIP","floor":4.0},{"not_picked":["Fusion","Rebound"],"picked":"Ball Lightning","floor":5.0},{"not_picked":["Go for the Eyes","Hologram"],"picked":"Storm","floor":7.0},{"not_picked":["Leap","Hologram"],"picked":"Undo","floor":12},{"not_picked":["Genetic Algorithm","Steam Power"],"picked":"Lockon","floor":14},{"not_picked":["Biased Cognition","Reboot"],"picked":"Echo Form","floor":16},{"not_picked":[],"picked":"Go for the Eyes","floor":18},{"not_picked":["Streamline"],"picked":"SKIP","floor":19},{"not_picked":["Undo"],"picked":"SKIP","floor":20},{"not_picked":["Hyperbeam"],"picked":"SKIP","floor":24},{"not_picked":["Beam Cell"],"picked":"SKIP","floor":28},{"not_picked":[],"picked":"Leap","floor":29},{"not_picked":[],"picked":"Stack","floor":31}],"player_experience":581015,"relics_obtained":[{"floor":9.0,"key":"Omamori"},{"floor":24,"key":"Pantograph"},{"floor":26,"key":"DataDisk"}],"event_choices":[{"damage_healed":0.0,"max_hp_gain":0.0,"max_hp_loss":0.0,"gold_gain":0.0,"cards_transformed":["Strike_B"],"event_name":"Transmorgrifier","player_choice":"Transformed","floor":3.0,"gold_loss":0.0,"damage_taken":0.0,"cards_obtained":["Ball Lightning"]},{"damage_healed":0,"gold_gain":0,"cards_transformed":["Strike_B"],"player_choice":"Change","damage_taken":0,"max_hp_gain":0,"max_hp_loss":0,"event_name":"Living Wall","floor":10,"gold_loss":0,"cards_obtained":["Leap"]},{"damage_healed":0,"gold_gain":0,"player_choice":"Box","damage_taken":0,"relics_obtained":["Centennial Puzzle"],"max_hp_gain":0,"max_hp_loss":0,"event_name":"Big Fish","floor":11,"gold_loss":0,"cards_obtained":["Regret"]},{"damage_healed":0,"gold_gain":0,"player_choice":"Opened","damage_taken":0,"relics_obtained":["Blue Candle"],"max_hp_gain":0,"max_hp_loss":0,"event_name":"The Mausoleum","floor":21,"gold_loss":0},{"damage_healed":25,"gold_gain":0,"player_choice":"Heal","damage_taken":0,"max_hp_gain":0,"max_hp_loss":0,"event_name":"The Library","floor":25,"gold_loss":0},{"damage_healed":0,"gold_gain":0,"player_choice":"Paid Gold","damage_taken":0,"relics_obtained":["Dream Catcher"],"max_hp_gain":0,"max_hp_loss":0,"event_name":"WeMeetAgain","floor":27,"gold_loss":61}],"is_beta":false,"boss_relics":[{"not_picked":["Ectoplasm","Empty Cage"],"picked":"Busted Crown"}],"items_purged_floors":[],"is_endless":false,"potions_floor_spawned":[5,7,18,28],"killed_by":"Collector","ascension_level":8}