{"gold_per_floor":[109,109,122,135,151,151,7,7,7,27,62,62,137,153,153,255,255,270,170,186,186,186,220,95,112,112,112,158,172,186,202,202,300,300,310,160,172,188,198,198,211,223,247,247,264,111,111,111,111,111],"floor_reached":50,"playtime":1305,"items_purged":["Strike_R","Strike_R","Strike_R","Strike_R"],"score":468,"play_id":"ab70257e-a377-478c-a16e-c39921172194","local_time":"20180710103348","is_ascension_mode":false,"campfire_choices":[{"data":"Flex","floor":6,"key":"SMITH"},{"data":"Limit Break","floor":8,"key":"SMITH"},{"floor":15,"key":"REST"},{"floor":27,"key":"REST"},{"data":"Whirlwind","floor":32,"key":"SMITH"},{"floor":40,"key":"REST"},{"floor":47,"key":"REST"},{"floor":49,"key":"REST"}],"neow_cost":"FIFTY_PERCENT_DAMAGE","seed_source_timestamp":1672025167213224,"circlet_count":0,"master_deck":["Strike_R+1","Defend_R","Bash","Thunderclap+1","Flex+1","Limit Break+1","Whirlwind+1","Whirlwind+1","Flex+1","Sword Boomerang","Dropkick"],"relics":["Burning Blood","Sundial","Unceasing Top","Philosopher\u0027s Stone","Art of War","Potion Belt","Whetstone","Fusion Hammer","Bag of Preparation","Lantern"],"potions_floor_usage":[4,10,16,16,18,25,33,33,35,50,50,50,50,50],"damage_taken":[{"damage":6,"enemies":"Jaw Worm","floor":1,"turns":3},{"damage":0,"enemies":"Small Slimes","floor":3,"turns":2},{"damage":1,"enemies":"Cultist","floor":4,"turns":3},{"damage":8,"enemies":"Lots of Slimes","floor":5,"turns":2},{"damage":12,"enemies":"Gremlin Gang","floor":10,"turns":2},{"damage":14,"enemies":"Gremlin Nob","floor":11,"turns":3},{"damage":0,"enemies":"3 Louse","floor":14,"turns":1},{"damage":47,"enemies":"Hexaghost","floor":16,"turns":7},{"damage":16,"enemies":"Chosen","floor":18,"turns":4},{"damage":25,"enemies":"Spheric Guardian","floor":20,"turns":4},{"damage":40,"enemies":"Book of Stabbing","floor":23,"turns":3},{"damage":0,"enemies":"3 Cultists","floor":25,"turns":1},{"damage":0,"enemies":"Snake Plant","floor":29,"turns":2},{"damage":10,"enemies":"Snecko","floor":30,"turns":3},{"damage":14,"enemies":"Cultist and Chosen","floor":31,"turns":3},{"damage":30,"enemies":"Automaton","floor":33,"turns":5},{"damage":11,"enemies":"3 Darklings","floor":35,"turns":2},{"damage":12,"enemies":"Orb Walker","floor":37,"turns":2},{"damage":9,"enemies":"3 Darklings","floor":38,"turns":2},{"damage":41,"enemies":"Maw","floor":39,"turns":4},{"damage":21,"enemies":"4 Shapes","floor":41,"turns":1},{"damage":0,"enemies":"3 Darklings","floor":42,"turns":1},{"damage":18,"enemies":"Sphere and 2 Shapes","floor":45,"turns":1},{"damage":86,"enemies":"Time Eater","floor":50,"turns":5}],"seed_played":"6105218602877675041","potions_obtained":[{"floor":3,"key":"AttackPotion"},{"floor":5,"key":"PowerPotion"},{"floor":11,"key":"Dexterity Potion"},{"floor":14,"key":"Fire Potion"},{"floor":16,"key":"Poison Potion"},{"floor":18,"key":"Ancient Potion"},{"floor":23,"key":"AttackPotion"},{"floor":29,"key":"FearPotion"},{"floor":31,"key":"Block Potion"},{"floor":33,"key":"Ancient Potion"},{"floor":39,"key":"Fire Potion"},{"floor":41,"key":"EssenceOfSteel"},{"floor":42,"key":"Energy Potion"},{"floor":45,"key":"EssenceOfSteel"}],"is_trial":false,"path_per_floor":["M","?","M","M","M","R","$","R","T","M","E","$","?","M","R","B",null,"M","$","M","?","?","E","$","M","T","R","T","M","M","M","R","B",null,"M","$","M","M","M","R","M","M","T","?","M","$","R","?","R"],"character_chosen":"IRONCLAD","items_purchased":["Limit Break","Lantern"],"campfire_rested":5,"item_purchase_floors":[7,46],"current_hp_per_floor":[40,40,46,51,49,49,49,49,49,43,35,35,24,30,54,13,80,70,70,51,51,51,17,17,23,23,47,47,53,49,41,41,17,80,75,75,69,66,31,55,40,46,46,46,34,34,58,58,80,0],"gold":111,"neow_bonus":"REMOVE_TWO","is_prod":false,"is_daily":false,"chose_seed":false,"campfire_upgraded":3,"win_rate":0,"timestamp":1531233228,"path_taken":["M","?","?","M","?","R","$","R","T","?","E","$","?","M","R","BOSS","M","$","M","?","?","E","$","M","T","R","?","M","M","M","R","BOSS","M","$","M","M","M","R","M","M","T","?","M","?","R","?","R","BOSS"],"build_version":"2018-07-05","purchased_purges":4,"victory":false,"max_hp_per_floor":[80,80,80,80,80,80,80,80,80,80,80,80,80,80,80,80,80,80,80,80,80,80,80,80,80,80,80,80,80,80,80,80,80,80,80,80,80,80,80,80,80,80,80,80,80,80,80,80,80,80],"card_choices":[{"not_picked":["Seeing Red","Clothesline"],"picked":"Thunderclap","floor":1},{"not_picked":["Burning Pact","Warcry","Searing Blow"],"picked":"SKIP","floor":3},{"not_picked":["Wild Strike","Sever Soul"],"picked":"Flex","floor":4},{"not_picked":["Infernal Blade","Clash","Bloodletting"],"picked":"SKIP","floor":5},{"not_picked":["Warcry","Cleave"],"picked":"Whirlwind","floor":10},{"not_picked":["Carnage","Perfected Strike"],"picked":"Whirlwind","floor":11},{"not_picked":["Disarm","Juggernaut","Corruption"],"picked":"SKIP","floor":14},{"not_picked":["Havoc","Iron Wave+1","Wild Strike"],"picked":"SKIP","floor":18},{"not_picked":["Intimidate","Havoc","Perfected Strike"],"picked":"SKIP","floor":20},{"not_picked":["Dual Wield","Body Slam"],"picked":"Sword Boomerang","floor":23},{"not_picked":["Feel No Pain+1","Clash","Headbutt"],"picked":"SKIP","floor":25},{"not_picked":["Fiend Fire","Wild Strike","Clash"],"picked":"SKIP","floor":29},{"not_picked":["Iron Wave","Perfected Strike","Shrug It Off"],"picked":"SKIP","floor":30},{"not_picked":["Bludgeon","True Grit","Thunderclap"],"picked":"SKIP","floor":31},{"not_picked":["Bludgeon","True Grit","Thunderclap"],"picked":"SKIP","floor":31},{"not_picked":["Armaments","Burning Pact","True Grit"],"picked":"SKIP","floor":35},{"not_picked":["Twin Strike","Armaments+1","True Grit"],"picked":"SKIP","floor":37},{"not_picked":["True Grit","Disarm","Clash"],"picked":"SKIP","floor":38},{"not_picked":["Sword Boomerang+1","Shrug It Off","Perfected Strike"],"picked":"SKIP","floor":39},{"not_picked":["Carnage","Warcry+1","Twin Strike"],"picked":"SKIP","floor":41},{"not_picked":["Body Slam+1","Perfected Strike+1","Disarm"],"picked":"SKIP","floor":42},{"not_picked":["Rampage","Pommel Strike","Body Slam"],"picked":"SKIP","floor":45}],"player_experience":175763,"relics_obtained":[{"floor":9,"key":"Sundial"},{"floor":11,"key":"Unceasing Top"},{"floor":23,"key":"Art of War"},{"floor":26,"key":"Potion Belt"},{"floor":28,"key":"Whetstone"},{"floor":43,"key":"Bag of Preparation"}],"event_choices":[{"event_name":"Living Wall","player_choice":"Grow","floor":2,"damage_taken":0},{"event_name":"World of Goop","player_choice":"Gather Gold","floor":13,"damage_taken":0},{"event_name":"Ghosts","player_choice":"Ignored","floor":21,"damage_taken":0},{"event_name":"Duplicator","player_choice":"One dupe","floor":22,"damage_taken":0},{"event_name":"Match and Keep!","player_choice":"0 cards matched","floor":44,"damage_taken":0},{"event_name":"Transmorgrifier","player_choice":"Transform","floor":48,"damage_taken":0}],"boss_relics":[{"not_picked":["Runic Pyramid","Black Star"],"picked":"Philosopher\u0027s Stone"},{"not_picked":["Mark of Pain","Eternal Feather"],"picked":"Fusion Hammer"}],"items_purged_floors":[7,19,24,36],"is_endless":false,"potions_floor_spawned":[3,5,11,14,16,18,23,29,31,33,39,41,42,45],"killed_by":"Time Eater","ascension_level":0}