{"gold_per_floor":[115,415,415,434,408,408,440,440,511,544,559,437,437,451,451,546,546,561,561,547,547,37,37],"floor_reached":23,"playtime":3462,"items_purged":["Darkness"],"score":197,"play_id":"a72377da-1bc0-46dc-9b6b-b045d683cf5d","local_time":"20190201055021","is_ascension_mode":false,"campfire_choices":[{"data":"Buffer","floor":6,"key":"SMITH"},{"data":"Zap","floor":8,"key":"SMITH"},{"data":"Hologram","floor":15,"key":"SMITH"}],"neow_cost":"NONE","seed_source_timestamp":34370232777551,"circlet_count":0,"master_deck":["Strike_B","Strike_B","Strike_B","Strike_B","Defend_B","Defend_B","Defend_B","Defend_B","Zap+1","Dualcast+1","Buffer+1","Melter","Stack","Steam","Steam","Leap","BootSequence","Hologram+1","Echo Form","Streamline","Ball Lightning","Jack Of All Trades","Steam"],"relics":["Cracked Core","Old Coin","Sundial","Mummified Hand","Ancient Tea Set","Velvet Choker","Pen Nib","Oddly Smooth Stone"],"potions_floor_usage":[10,10,16,16,21],"damage_taken":[{"damage":0,"enemies":"Small Slimes","floor":1,"turns":4},{"damage":1,"enemies":"2 Louse","floor":4,"turns":2},{"damage":9,"enemies":"Lagavulin","floor":7,"turns":8},{"damage":16,"enemies":"3 Sentries","floor":10,"turns":9},{"damage":0,"enemies":"Cultist","floor":11,"turns":4},{"damage":0,"enemies":"Exordium Thugs","floor":14,"turns":5},{"damage":36,"enemies":"Slime Boss","floor":16,"turns":15},{"damage":36,"enemies":"3 Byrds","floor":18,"turns":8},{"damage":10,"enemies":"2 Thieves","floor":20,"turns":4},{"damage":7,"enemies":"Colosseum Slavers","floor":21,"turns":6},{"damage":27,"enemies":"Cultist and Chosen","floor":23,"turns":6}],"seed_played":"5000660084120883130","potions_obtained":[{"floor":1,"key":"Dexterity Potion"},{"floor":4,"key":"Regen Potion"},{"floor":14,"key":"Poison Potion"},{"floor":18,"key":"Fire Potion"},{"floor":20,"key":"SmokeBomb"}],"is_trial":false,"path_per_floor":["?","?","?","?","M","?"],"character_chosen":"DEFECT","items_purchased":["Steam","Fire Potion","BootSequence","Pen Nib","Jack Of All Trades","Steam","Oddly Smooth Stone"],"campfire_rested":0,"item_purchase_floors":[5,12,12,22,22,22,22],"current_hp_per_floor":[75,75,68,67,67,67,58,58,58,54,54,54,54,54,54,18,75,39,39,29,22,22,0],"gold":37,"neow_bonus":"ONE_RANDOM_RARE_CARD","is_prod":false,"is_daily":false,"chose_seed":false,"campfire_upgraded":3,"win_rate":0.0,"timestamp":1549011021,"path_taken":["M","?","?","M","$","R","E","R","T","E","M","$","?","M","R","BOSS","M","?","?","?","$","M"],"build_version":"2019-01-23","purchased_purges":1,"victory":false,"max_hp_per_floor":[75,75,75,75,75,75,75,75,75,75,75,75,75,75,75,75,75,75,75,75,75,75,75],"card_choices":[{"not_picked":["Storm","Blizzard"],"picked":"Melter","floor":1},{"not_picked":["Gash","Sweeping Beam"],"picked":"Stack","floor":4},{"not_picked":["Beam Cell","Steam Power"],"picked":"Steam","floor":7},{"not_picked":["Cold Snap","Chaos"],"picked":"Leap","floor":10},{"not_picked":["Cold Snap","Stack"],"picked":"Genetic Algorithm","floor":11},{"not_picked":["Gash","Blizzard"],"picked":"Hologram","floor":14},{"not_picked":["Machine Learning","Amplify"],"picked":"Echo Form","floor":16},{"not_picked":["Turbo","Doom and Gloom"],"picked":"Streamline","floor":18},{"not_picked":["Sunder","Defragment"],"picked":"Ball Lightning","floor":20}],"player_experience":54232,"relics_obtained":[{"floor":7,"key":"Sundial"},{"floor":9,"key":"Mummified Hand"},{"floor":10,"key":"Ancient Tea Set"}],"event_choices":[{"damage_healed":0,"gold_gain":0,"player_choice":"Box","damage_taken":0,"relics_obtained":["Old Coin"],"max_hp_gain":0,"max_hp_loss":0,"event_name":"Big Fish","floor":2,"gold_loss":0,"cards_obtained":["Regret"]},{"cards_removed":["Regret"],"damage_healed":0,"gold_gain":0,"player_choice":"Card Removal","damage_taken":7,"max_hp_gain":0,"max_hp_loss":0,"event_name":"Golden Wing","floor":3,"gold_loss":0},{"damage_healed":0,"gold_gain":0,"player_choice":"Grow","damage_taken":0,"max_hp_gain":0,"max_hp_loss":0,"event_name":"Living Wall","floor":13,"gold_loss":0,"cards_upgraded":["Dualcast"]},{"damage_healed":0,"gold_gain":0,"cards_transformed":["Genetic Algorithm"],"player_choice":"Transformed","damage_taken":0,"max_hp_gain":0,"max_hp_loss":0,"event_name":"Transmorgrifier","floor":19,"gold_loss":0,"cards_obtained":["Darkness"]},{"damage_healed":0,"gold_gain":0,"player_choice":"Fight","damage_taken":0,"max_hp_gain":0,"max_hp_loss":0,"event_name":"Colosseum","floor":21,"gold_loss":0},{"damage_healed":0,"gold_gain":0,"player_choice":"Fled From Nobs","damage_taken":0,"max_hp_gain":0,"max_hp_loss":0,"event_name":"Colosseum","floor":21,"gold_loss":0}],"is_beta":false,"boss_relics":[{"not_picked":["Cursed Key","Snecko Eye"],"picked":"Velvet Choker"}],"items_purged_floors":[22],"is_endless":false,"potions_floor_spawned":[1,4,14,18,20],"killed_by":"Cultist and Chosen","ascension_level":0}