{"gold_per_floor":[114,126,140,90,106,106,132,132,155,155,188,188,85,95,95,198,198,198,111,111,111,111,111,111,111,111,77,77,77,77,77,77,77,77,77,77,77,21,21,21,21,0,0,0,0,0,0,0,0,0],"floor_reached":51,"playtime":4149,"items_purged":[],"score":797,"play_id":"d8a8cd7c-1a0d-4080-a653-22f2964f686d","local_time":"20190317182259","is_ascension_mode":false,"campfire_choices":[{"data":"Bash","floor":6,"key":"SMITH"},{"data":"Thunderclap","floor":12,"key":"SMITH"},{"data":"Inflame","floor":15,"key":"SMITH"},{"data":"Dual Wield","floor":24,"key":"SMITH"},{"data":"Disarm","floor":32,"key":"SMITH"},{"data":"Limit Break","floor":40,"key":"SMITH"},{"floor":47,"key":"REST"},{"floor":49,"key":"REST"}],"neow_cost":"NONE","seed_source_timestamp":361593897264102,"circlet_count":0,"master_deck":["Strike_R","Strike_R","Strike_R","Strike_R+1","Defend_R+1","Defend_R+1","Defend_R","Defend_R+1","Bash+1","Thunderclap+1","Disarm+1","Shrug It Off","Uppercut","Panacea","Juggernaut","Feed","Armaments","Inflame+1","Inflame","Limit Break+1","Heavy Blade","Ghostly Armor","True Grit","Dual Wield+1","Inflame","Seeing Red","Flame Barrier+1","Madness","Madness"],"relics":["Burning Blood","Centennial Puzzle","War Paint","Juzu Bracelet","Ectoplasm","Matryoshka","Dream Catcher","Bottled Lightning","Potion Belt","MutagenicStrength","Pear","Busted Crown","Mercury Hourglass","Shovel","Regal Pillow","Red Mask","Lantern","Happy Flower","StoneCalendar","Bag of Preparation"],"potions_floor_usage":[7,14,31,31,33,39,44,50],"damage_taken":[{"damage":6,"enemies":"Jaw Worm","floor":1,"turns":3},{"damage":0,"enemies":"Small Slimes","floor":2,"turns":3},{"damage":4,"enemies":"Cultist","floor":3,"turns":3},{"damage":0,"enemies":"3 Louse","floor":5,"turns":4},{"damage":12,"enemies":"Gremlin Nob","floor":7,"turns":3},{"damage":4,"enemies":"Lagavulin","floor":11,"turns":9},{"damage":15,"enemies":"Lots of Slimes","floor":14,"turns":3},{"damage":44,"enemies":"Slime Boss","floor":16,"turns":9},{"damage":4,"enemies":"Shell Parasite","floor":18,"turns":7},{"damage":5,"enemies":"Chosen","floor":20,"turns":6},{"damage":7,"enemies":"Book of Stabbing","floor":23,"turns":7},{"damage":13,"enemies":"Snecko","floor":28,"turns":5},{"damage":33,"enemies":"Slavers","floor":31,"turns":6},{"damage":43,"enemies":"Champ","floor":33,"turns":7},{"damage":13,"enemies":"3 Shapes","floor":35,"turns":5},{"damage":5,"enemies":"Orb Walker","floor":36,"turns":3},{"damage":15,"enemies":"2 Orb Walkers","floor":39,"turns":4},{"damage":6,"enemies":"Nemesis","floor":41,"turns":5},{"damage":80,"enemies":"Giant Head","floor":44,"turns":9},{"damage":11,"enemies":"Transient","floor":48,"turns":5},{"damage":122,"enemies":"Awakened One","floor":50,"turns":12}],"seed_played":"-3813609349358601621","potions_obtained":[{"floor":5,"key":"AttackPotion"},{"floor":7,"key":"GamblersBrew"},{"floor":11,"key":"Fruit Juice"},{"floor":14,"key":"Swift Potion"},{"floor":16,"key":"SpeedPotion"},{"floor":22,"key":"Regen Potion"},{"floor":23,"key":"Ancient Potion"},{"floor":31,"key":"LiquidBronze"},{"floor":33,"key":"FairyPotion"},{"floor":35,"key":"Weak Potion"},{"floor":39,"key":"Swift Potion"}],"is_trial":false,"path_per_floor":["?","?","?","T","?","?","$","?","?","?","?","?","?","T","$"],"character_chosen":"IRONCLAD","items_purchased":["Armaments","Inflame","Ghostly Armor","True Grit","Inflame"],"campfire_rested":2,"item_purchase_floors":[13,13,19,19,27],"current_hp_per_floor":[88,88,88,88,88,88,82,64,64,64,66,66,66,65,65,27,96,100,100,100,100,100,99,99,89,89,89,85,85,85,86,86,49,116,112,113,98,98,92,92,92,92,92,18,18,18,69,64,115,16],"gold":0,"neow_bonus":"TEN_PERCENT_HP_BONUS","is_prod":false,"is_daily":false,"chose_seed":false,"campfire_upgraded":6,"win_rate":0,"timestamp":1552857779,"path_taken":["M","M","M","?","M","R","E","?","T","?","E","R","$","M","R","BOSS","M","$","M","?","?","E","R","?","T","?","M","?","?","E","R","BOSS","M","M","?","?","?","R","E","?","T","E","?","?","R","M","R","BOSS"],"build_version":"2019-01-23","purchased_purges":0,"victory":true,"max_hp_per_floor":[88,88,88,88,88,88,88,88,88,88,88,88,88,96,96,96,96,100,100,100,100,100,100,100,100,100,100,103,103,103,116,116,116,116,119,119,119,119,122,122,122,122,122,122,122,122,122,122,122,125],"card_choices":[{"not_picked":["Heavy Blade","Rage"],"picked":"Thunderclap","floor":1},{"not_picked":["Heavy Blade","Flex"],"picked":"Disarm","floor":2},{"not_picked":["Rage","Infernal Blade","Wild Strike"],"picked":"SKIP","floor":3},{"not_picked":["Perfected Strike","Wild Strike"],"picked":"Shrug It Off","floor":5},{"not_picked":["Second Wind","Havoc"],"picked":"Uppercut","floor":7},{"not_picked":["Warcry","Flex"],"picked":"Feed","floor":11},{"not_picked":["True Grit","Thunderclap"],"picked":"Inflame","floor":14},{"not_picked":["Berserk","Offering"],"picked":"Limit Break","floor":16},{"not_picked":["Sword Boomerang","Armaments"],"picked":"Heavy Blade","floor":18},{"not_picked":["Warcry","Uppercut","Clash"],"picked":"SKIP","floor":20},{"not_picked":["Clash","Armaments"],"picked":"Dual Wield","floor":23},{"not_picked":["Sword Boomerang","Perfected Strike"],"picked":"Seeing Red","floor":28},{"not_picked":["Armaments","Warcry","Thunderclap"],"picked":"SKIP","floor":31},{"not_picked":["Entrench"],"picked":"SKIP","floor":35},{"not_picked":[],"picked":"Flame Barrier+1","floor":36},{"not_picked":["Spot Weakness"],"picked":"SKIP","floor":41},{"not_picked":["Wild Strike+1"],"picked":"SKIP","floor":44},{"not_picked":["Warcry+1"],"picked":"SKIP","floor":48}],"player_experience":328702,"relics_obtained":[{"floor":7,"key":"Centennial Puzzle"},{"floor":9,"key":"War Paint"},{"floor":11,"key":"Juzu Bracelet"},{"floor":21,"key":"Matryoshka"},{"floor":23,"key":"Dream Catcher"},{"floor":26,"key":"Bottled Lightning"},{"floor":26,"key":"Potion Belt"},{"floor":31,"key":"Pear"},{"floor":39,"key":"Shovel"},{"floor":41,"key":"Regal Pillow"},{"floor":43,"key":"Lantern"},{"floor":43,"key":"Happy Flower"},{"floor":44,"key":"StoneCalendar"},{"floor":45,"key":"Bag of Preparation"}],"event_choices":[{"cards_removed":["Strike_R"],"damage_healed":0,"gold_gain":0,"player_choice":"Card Removal","damage_taken":0,"max_hp_gain":0,"max_hp_loss":0,"event_name":"The Cleric","floor":4,"gold_loss":50},{"damage_healed":0,"gold_gain":0,"player_choice":"Entered Light","damage_taken":18,"max_hp_gain":0,"max_hp_loss":0,"event_name":"Shining Light","floor":8,"gold_loss":0,"cards_upgraded":["Strike_R","Defend_R"]},{"damage_healed":0,"gold_gain":0,"player_choice":"2 cards matched","damage_taken":0,"max_hp_gain":0,"max_hp_loss":0,"event_name":"Match and Keep!","floor":10,"gold_loss":0,"cards_obtained":["Panacea","Juggernaut"]},{"damage_healed":0,"gold_gain":0,"player_choice":"Got Potions","damage_taken":0,"max_hp_gain":0,"max_hp_loss":0,"event_name":"Lab","floor":22,"gold_loss":0},{"damage_healed":0,"gold_gain":0,"player_choice":"","damage_taken":10,"max_hp_gain":0,"max_hp_loss":0,"event_name":"Knowing Skull","floor":25,"potions_obtained":[],"gold_loss":0,"cards_obtained":[]},{"damage_healed":0,"gold_gain":0,"player_choice":"Ignored","damage_taken":0,"max_hp_gain":0,"max_hp_loss":0,"event_name":"Vampires","floor":29,"gold_loss":0},{"damage_healed":0,"gold_gain":0,"player_choice":"Inject Mutagens","damage_taken":0,"relics_obtained":["MutagenicStrength"],"max_hp_gain":0,"max_hp_loss":0,"event_name":"Drug Dealer","floor":30,"gold_loss":0},{"damage_healed":0,"gold_gain":0,"player_choice":"Embrace Madness","damage_taken":15,"max_hp_gain":0,"max_hp_loss":0,"event_name":"Winding Halls","floor":37,"gold_loss":0,"cards_obtained":["Madness","Madness"]},{"damage_healed":0,"gold_gain":0,"player_choice":"Paid Gold","damage_taken":0,"relics_obtained":["Mercury Hourglass"],"max_hp_gain":0,"max_hp_loss":0,"event_name":"WeMeetAgain","floor":38,"gold_loss":56},{"damage_healed":0,"gold_gain":0,"player_choice":"Fight","damage_taken":0,"max_hp_gain":0,"max_hp_loss":0,"event_name":"Mysterious Sphere","floor":39,"gold_loss":0},{"damage_healed":0,"gold_gain":0,"player_choice":"Paid","damage_taken":0,"relics_obtained":["Red Mask"],"max_hp_gain":0,"max_hp_loss":0,"event_name":"Tomb of Lord Red Mask","floor":42,"gold_loss":21}],"is_beta":false,"boss_relics":[{"not_picked":["Black Blood","Calling Bell"],"picked":"Ectoplasm"},{"not_picked":["Orrery","Black Star"],"picked":"Busted Crown"}],"items_purged_floors":[],"is_endless":false,"potions_floor_spawned":[5,7,11,14,16,23,31,33,35,39],"ascension_level":0}