{"gold_per_floor":[116,132,97,97,108,108,139,139,165,176,190,215,231,33,33,130,130,146,146,146,156,0,0,15,15],"floor_reached":25,"playtime":3004,"items_purged":["Strike_G"],"score":238,"play_id":"68a713f3-0833-4a15-b095-259dde1d004a","local_time":"20190329044821","is_ascension_mode":false,"campfire_choices":[{"data":"Blade Dance","floor":6,"key":"SMITH"},{"floor":8,"key":"REST"},{"data":"Infinite Blades","floor":15,"key":"SMITH"},{"data":"Well Laid Plans","floor":23,"key":"SMITH"}],"neow_cost":"NONE","seed_source_timestamp":270125805382195,"circlet_count":0,"master_deck":["Defend_G","Defend_G","Defend_G","Defend_G","Defend_G","Strike_G","Strike_G","Strike_G","Strike_G","Survivor","Neutralize+1","Dash","Dagger Spray","Blade Dance+1","Setup","Quick Slash","Dagger Throw","Infinite Blades+1","Blade Dance","Well Laid Plans+1","Dodge and Roll","Night Terror","Escape Plan+1"],"relics":["Smiling Mask","Snake Skull","Strawberry","Philosopher\u0027s Stone","Nloth\u0027s Gift","Oddly Smooth Stone"],"potions_floor_usage":[7,12,16,16,16,25],"damage_taken":[{"damage":10,"enemies":"Jaw Worm","floor":1,"turns":7},{"damage":7,"enemies":"Small Slimes","floor":2,"turns":5},{"damage":0,"enemies":"Cultist","floor":5,"turns":3},{"damage":39,"enemies":"Lagavulin","floor":7,"turns":14},{"damage":2,"enemies":"Looter","floor":10,"turns":3},{"damage":1,"enemies":"Exordium Wildlife","floor":11,"turns":3},{"damage":4,"enemies":"3 Sentries","floor":12,"turns":6},{"damage":5,"enemies":"Lots of Slimes","floor":13,"turns":3},{"damage":16,"enemies":"Hexaghost","floor":16,"turns":13},{"damage":3,"enemies":"Shell Parasite","floor":18,"turns":6},{"damage":9,"enemies":"Spheric Guardian","floor":21,"turns":5},{"damage":24,"enemies":"Shelled Parasite and Fungi","floor":24,"turns":8},{"damage":32,"enemies":"Gremlin Leader","floor":25,"turns":8}],"seed_played":"-2477483576621319926","potions_obtained":[{"floor":1,"key":"PowerPotion"},{"floor":5,"key":"GhostInAJar"},{"floor":10,"key":"Strength Potion"},{"floor":11,"key":"EssenceOfSteel"},{"floor":24,"key":"Explosive Potion"}],"is_trial":false,"path_per_floor":["?","?","M","?","?","M"],"character_chosen":"THE_SILENT","items_purchased":["Well Laid Plans","Dodge and Roll","Dexterity Potion","Oddly Smooth Stone"],"campfire_rested":1,"item_purchase_floors":[14,14,14,22],"current_hp_per_floor":[67,60,77,77,77,77,38,61,61,59,58,61,56,56,56,40,84,81,65,65,56,56,56,32,0],"gold":15,"neow_bonus":"TEN_PERCENT_HP_BONUS","is_prod":false,"is_daily":false,"chose_seed":false,"campfire_upgraded":3,"win_rate":0,"timestamp":1553845701,"path_taken":["M","M","?","?","M","R","E","R","T","M","?","E","M","$","R","BOSS","M","?","?","?","$","R","M","E"],"build_version":"2019-01-23","purchased_purges":1,"victory":false,"max_hp_per_floor":[77,77,77,77,77,77,77,77,77,77,77,84,84,84,84,84,84,84,89,89,89,89,89,89,89],"card_choices":[{"not_picked":["Accuracy","Underhanded Strike"],"picked":"Dash","floor":1},{"not_picked":["Underhanded Strike","Terror"],"picked":"Dagger Spray","floor":2},{"not_picked":["Crippling Poison","Flying Knee"],"picked":"Blade Dance","floor":5},{"not_picked":["Endless Agony","Finisher"],"picked":"Setup","floor":7},{"not_picked":["Prepared","Riddle With Holes"],"picked":"Quick Slash","floor":10},{"not_picked":["Wraith Form v2","Bane"],"picked":"Dagger Throw","floor":11},{"not_picked":["Riddle With Holes","Slice"],"picked":"Infinite Blades","floor":12},{"not_picked":["Dodge and Roll","Dagger Throw"],"picked":"Blade Dance","floor":13},{"not_picked":["Bullet Time","Grand Finale"],"picked":"Night Terror","floor":16},{"not_picked":["Outmaneuver+1","Deadly Poison"],"picked":"Escape Plan+1","floor":18},{"not_picked":["Unload","Poisoned Stab","Deadly Poison+1"],"picked":"SKIP","floor":21},{"not_picked":["Underhanded Strike+1","Masterful Stab+1","Outmaneuver"],"picked":"SKIP","floor":24}],"player_experience":484966,"relics_obtained":[{"floor":7,"key":"Smiling Mask"},{"floor":9,"key":"Snake Skull"},{"floor":12,"key":"Strawberry"}],"event_choices":[{"damage_healed":19,"gold_gain":0,"player_choice":"Healed","damage_taken":0,"max_hp_gain":0,"max_hp_loss":0,"event_name":"The Cleric","floor":3,"gold_loss":35},{"damage_healed":0,"gold_gain":0,"player_choice":"Forge","damage_taken":0,"max_hp_gain":0,"max_hp_loss":0,"event_name":"Accursed Blacksmith","floor":4,"gold_loss":0,"cards_upgraded":["Neutralize"]},{"damage_healed":0,"gold_gain":0,"player_choice":"Shed Blood","damage_taken":21,"max_hp_gain":5,"max_hp_loss":0,"event_name":"Forgotten Altar","floor":19,"gold_loss":0},{"damage_healed":0,"gold_gain":0,"player_choice":"Traded Relic","damage_taken":0,"relics_obtained":["Nloth\u0027s Gift"],"max_hp_gain":0,"max_hp_loss":0,"event_name":"N\u0027loth","floor":20,"relics_lost":["Ring of the Snake"],"gold_loss":0}],"is_beta":false,"boss_relics":[{"not_picked":["Astrolabe","Calling Bell"],"picked":"Philosopher\u0027s Stone"}],"items_purged_floors":[14],"is_endless":false,"potions_floor_spawned":[1,5,10,11,24],"killed_by":"Gremlin Leader","ascension_level":0}