{"gold_per_floor":[111,36,48,61,61,93,93,104,104,104,119,19,19,33,33,33],"floor_reached":16,"playtime":522,"items_purged":["Defend_R","Hemokinesis"],"score":102,"play_id":"8de3727d-d1e0-4ee7-a317-03e2343ba0f9","local_time":"20180805233442","is_ascension_mode":false,"campfire_choices":[{"data":"Whirlwind","floor":10,"key":"SMITH"},{"data":"Twin Strike","floor":13,"key":"SMITH"},{"floor":15,"key":"REST"}],"neow_cost":"NONE","seed_source_timestamp":2215813548834475,"circlet_count":0,"master_deck":["Strike_R","Strike_R","Strike_R","Strike_R+1","Defend_R","Defend_R","Bash","Whirlwind+1","Twin Strike+1"],"relics":["Burning Blood","Prayer Wheel","Unceasing Top"],"potions_floor_usage":[6,6,11],"damage_taken":[{"damage":6,"enemies":"Jaw Worm","floor":1,"turns":3},{"damage":1,"enemies":"Cultist","floor":3,"turns":3},{"damage":0,"enemies":"Small Slimes","floor":4,"turns":3},{"damage":37,"enemies":"Lagavulin","floor":6,"turns":6},{"damage":5,"enemies":"3 Louse","floor":8,"turns":2},{"damage":7,"enemies":"Blue Slaver","floor":11,"turns":3},{"damage":16,"enemies":"Large Slime","floor":14,"turns":3},{"damage":55,"enemies":"The Guardian","floor":16,"turns":7}],"seed_played":"-5213599287667866715","potions_obtained":[{"floor":1,"key":"Block Potion"},{"floor":3,"key":"Energy Potion"},{"floor":4,"key":"SneckoOil"},{"floor":8,"key":"EssenceOfSteel"}],"is_trial":false,"path_per_floor":["M","$","M","M","?","E","?","M","T","R","M","$","R","M","R"],"character_chosen":"IRONCLAD","items_purchased":[],"campfire_rested":1,"item_purchase_floors":[],"current_hp_per_floor":[80,80,80,80,80,49,42,43,43,43,42,42,42,32,56,1],"gold":33,"neow_bonus":"UPGRADE_CARD","is_prod":false,"is_daily":false,"chose_seed":false,"campfire_upgraded":2,"win_rate":0,"timestamp":1533526482,"path_taken":["M","$","M","M","?","E","?","M","T","R","?","$","R","M","R","BOSS"],"build_version":"2018-08-02","purchased_purges":2,"victory":false,"max_hp_per_floor":[80,80,80,80,80,80,80,80,80,80,80,80,80,80,80,80],"card_choices":[{"not_picked":["Sword Boomerang","Fire Breathing"],"picked":"Whirlwind","floor":1},{"not_picked":["Clash","Wild Strike","Anger"],"picked":"SKIP","floor":3},{"not_picked":["Seeing Red","Anger","Uppercut"],"picked":"SKIP","floor":4},{"not_picked":["Evolve","Shockwave"],"picked":"Twin Strike","floor":6},{"not_picked":["Infernal Blade","Blood for Blood","True Grit"],"picked":"SKIP","floor":8},{"not_picked":["Headbutt","Clothesline","Cleave"],"picked":"SKIP","floor":8},{"not_picked":["Warcry","Headbutt"],"picked":"Hemokinesis","floor":11},{"not_picked":["Iron Wave","Havoc","Warcry"],"picked":"SKIP","floor":11},{"not_picked":["Blood for Blood","Whirlwind","Juggernaut"],"picked":"SKIP","floor":14},{"not_picked":["Pommel Strike","Sever Soul","Power Through"],"picked":"SKIP","floor":14}],"player_experience":339699,"relics_obtained":[{"floor":6,"key":"Prayer Wheel"},{"floor":9,"key":"Unceasing Top"}],"event_choices":[{"event_name":"Bonfire Elementals","player_choice":"BASIC","floor":5,"damage_taken":0},{"event_name":"Golden Wing","player_choice":"Card Removal","floor":7,"damage_taken":0}],"is_beta":false,"boss_relics":[],"items_purged_floors":[2,12],"is_endless":false,"potions_floor_spawned":[1,3,4,8],"killed_by":"The Guardian","ascension_level":0}