{"gold_per_floor":[116,66,241,255,269,269,283,293,293,293,293],"floor_reached":11,"playtime":891,"items_purged":[],"score":65,"play_id":"056d1351-e762-45a9-b819-38aba7ce09dd","local_time":"20190212101326","is_ascension_mode":false,"campfire_choices":[{"data":"Entrench","floor":6,"key":"SMITH"}],"neow_cost":"NONE","seed_source_timestamp":88339154067139,"circlet_count":0,"master_deck":["Strike_R","Strike_R","Strike_R","Strike_R","Defend_R","Defend_R","Defend_R","Defend_R","Bash","Exhume","Headbutt","Doubt","Searing Blow","Entrench+1","Flex"],"relics":["Burning Blood"],"potions_floor_usage":[11],"damage_taken":[{"damage":5,"enemies":"2 Louse","floor":1,"turns":4},{"damage":2,"enemies":"Small Slimes","floor":4,"turns":4},{"damage":1,"enemies":"Jaw Worm","floor":5,"turns":3},{"damage":45,"enemies":"Gremlin Gang","floor":7,"turns":9},{"damage":17,"enemies":"Looter","floor":8,"turns":4},{"damage":76,"enemies":"Gremlin Nob","floor":11,"turns":5}],"seed_played":"-8759965450051598142","potions_obtained":[{"floor":7,"key":"GamblersBrew"},{"floor":8,"key":"Ancient Potion"}],"is_trial":false,"path_per_floor":["?","?","M","M","?"],"character_chosen":"IRONCLAD","items_purchased":[],"campfire_rested":0,"item_purchase_floors":[],"current_hp_per_floor":[80,80,80,80,80,80,41,30,30,56,0],"gold":293,"neow_bonus":"ONE_RANDOM_RARE_CARD","is_prod":false,"is_daily":false,"chose_seed":false,"campfire_upgraded":1,"win_rate":0,"timestamp":1549977206,"path_taken":["M","?","?","M","?","R","M","?","T","?","E"],"build_version":"2019-01-23","purchased_purges":0,"victory":false,"max_hp_per_floor":[80,80,80,80,80,80,80,80,80,80,80],"card_choices":[{"not_picked":["Anger","Havoc"],"picked":"Headbutt","floor":1},{"not_picked":["Twin Strike","Warcry"],"picked":"Searing Blow","floor":4},{"not_picked":["Perfected Strike","Flex"],"picked":"Entrench","floor":5},{"not_picked":["Perfected Strike","Clothesline"],"picked":"Flex","floor":7},{"not_picked":["Anger","Clash","Wild Strike"],"picked":"SKIP","floor":8}],"player_experience":162501,"relics_obtained":[],"event_choices":[{"cards_removed":["Strike_R"],"damage_healed":0,"gold_gain":0,"player_choice":"Card Removal","damage_taken":0,"max_hp_gain":0,"max_hp_loss":0,"event_name":"The Cleric","floor":2,"gold_loss":50},{"damage_healed":0,"gold_gain":175,"player_choice":"AGREE","damage_taken":0,"max_hp_gain":0,"max_hp_loss":0,"event_name":"Liars Game","floor":3,"gold_loss":0,"cards_obtained":["Doubt"]},{"damage_healed":26,"gold_gain":0,"player_choice":"Banana","damage_taken":0,"max_hp_gain":0,"max_hp_loss":0,"event_name":"Big Fish","floor":10,"gold_loss":0}],"is_beta":false,"boss_relics":[],"items_purged_floors":[],"is_endless":false,"potions_floor_spawned":[7,8],"killed_by":"Gremlin Nob","ascension_level":0}