{"gold_per_floor":[113,130,145,65,140,140,315,330,330,330,102,118,148,160,160,265,265,284,294,194,194,194,194,225,146,146,61,73,73,87,103,103,103],"floor_reached":33,"playtime":1379,"items_purged":["Defend_B","Zap"],"score":257,"play_id":"26d59bb6-d72d-42e2-be4b-d4ff68969d4d","local_time":"20180802095231","is_ascension_mode":false,"campfire_choices":[{"data":"Blizzard","floor":6,"key":"SMITH"},{"floor":10,"key":"REST"},{"data":"Blizzard","floor":15,"key":"SMITH"},{"floor":23,"key":"REST"},{"floor":29,"key":"REST"},{"data":"Defragment","floor":32,"key":"SMITH"}],"neow_cost":"NONE","seed_source_timestamp":1906418055032336,"circlet_count":0,"master_deck":["Strike_B","Strike_B","Strike_B","Strike_B","Defend_B","Defend_B","Defend_B","Dualcast","Cold Snap","Coolheaded","Blizzard+1","Doubt","Rainbow","Glacier","Blizzard+1","Redo","Defragment+1"],"relics":["Cracked Core","Pen Nib","Meat on the Bone","Nuclear Battery","Molten Egg 2","Symbiotic Virus","Potion Belt"],"potions_floor_usage":[14,16,28,31,33],"damage_taken":[{"damage":6,"enemies":"Cultist","floor":1,"turns":3},{"damage":7,"enemies":"Small Slimes","floor":2,"turns":2},{"damage":9,"enemies":"Jaw Worm","floor":3,"turns":3},{"damage":13,"enemies":"Blue Slaver","floor":8,"turns":4},{"damage":7,"enemies":"Looter","floor":12,"turns":3},{"damage":7,"enemies":"Lots of Slimes","floor":14,"turns":5},{"damage":41,"enemies":"Hexaghost","floor":16,"turns":12},{"damage":7,"enemies":"Shell Parasite","floor":18,"turns":6},{"damage":14,"enemies":"Chosen","floor":19,"turns":5},{"damage":37,"enemies":"Slavers","floor":24,"turns":6},{"damage":11,"enemies":"Centurion and Healer","floor":28,"turns":10},{"damage":25,"enemies":"Snake Plant","floor":30,"turns":5},{"damage":0,"enemies":"Cultist and Chosen","floor":31,"turns":5},{"damage":78,"enemies":"Automaton","floor":33,"turns":12}],"seed_played":"-8719253559377731192","potions_obtained":[{"floor":1,"key":"Weak Potion"},{"floor":8,"key":"Fire Potion"},{"floor":12,"key":"Strength Potion"},{"floor":14,"key":"SkillPotion"},{"floor":24,"key":"Explosive Potion"},{"floor":28,"key":"Regen Potion"},{"floor":31,"key":"SteroidPotion"}],"is_trial":false,"path_per_floor":["M","M","M","$","?","R","?","M","T","R","$","M","?","M","R","B",null,"M","M","$","?","?","R","E","$","T","?","M","R","M","M","R"],"character_chosen":"DEFECT","items_purchased":["Blizzard","Glacier","Blizzard","Defragment"],"campfire_rested":3,"item_purchase_floors":[4,11,11,25],"current_hp_per_floor":[69,62,53,53,42,42,42,29,29,51,51,44,44,49,49,20,75,68,54,54,38,38,60,35,35,35,35,36,58,45,59,59,0],"gold":103,"neow_bonus":"RANDOM_COMMON_RELIC","is_prod":false,"is_daily":false,"chose_seed":false,"campfire_upgraded":3,"win_rate":0,"timestamp":1533217951,"path_taken":["M","M","?","$","?","R","?","M","T","R","$","M","?","M","R","BOSS","M","M","$","?","?","R","E","$","T","?","M","R","?","M","R","BOSS"],"build_version":"2018-07-26","purchased_purges":2,"victory":false,"max_hp_per_floor":[75,75,75,75,75,75,75,75,75,75,75,75,75,75,75,75,75,75,75,75,75,75,75,75,75,75,75,75,75,75,75,75,75],"card_choices":[{"not_picked":["Static Discharge","Compile Driver","Stack"],"picked":"SKIP","floor":1},{"not_picked":["Hologram","Redo"],"picked":"Cold Snap","floor":2},{"not_picked":["Sunder","Go for the Eyes"],"picked":"Coolheaded","floor":3},{"not_picked":["Stack","Turbo"],"picked":"Rainbow","floor":8},{"not_picked":["Stack","Ball Lightning","Compile Driver"],"picked":"SKIP","floor":12},{"not_picked":["Sunder","FTL"],"picked":"Redo","floor":14},{"not_picked":["Conserve Battery","Steam+1","Auto Shields+1"],"picked":"SKIP","floor":18},{"not_picked":["Conserve Battery","Static Discharge","Redo+1"],"picked":"SKIP","floor":19},{"not_picked":["Streamline","Self Repair","Go for the Eyes"],"picked":"SKIP","floor":24},{"not_picked":["Consume","Streamline+1","Amplify"],"picked":"SKIP","floor":28},{"not_picked":["Chaos","Go for the Eyes+1","Sweeping Beam+1"],"picked":"SKIP","floor":30},{"not_picked":["Scrape+1","Turbo","Recycle"],"picked":"SKIP","floor":31}],"player_experience":324534,"relics_obtained":[{"floor":9,"key":"Meat on the Bone"},{"floor":24,"key":"Molten Egg 2"},{"floor":26,"key":"Symbiotic Virus"}],"event_choices":[{"event_name":"World of Goop","player_choice":"Gather Gold","floor":5,"damage_taken":0},{"event_name":"Liars Game","player_choice":"agreed","floor":7,"damage_taken":0},{"event_name":"Dead Adventurer","player_choice":"Searched \u00271\u0027 times","floor":13,"damage_taken":0},{"event_name":"Cursed Tome","player_choice":"Obtained Book","floor":21,"damage_taken":0},{"event_name":"Ghosts","player_choice":"Ignored","floor":22,"damage_taken":0},{"event_name":"Addict","player_choice":"Obtained Relic","floor":27,"damage_taken":0}],"is_beta":false,"boss_relics":[{"not_picked":["Astrolabe","Calling Bell"],"picked":"Nuclear Battery"}],"items_purged_floors":[11,20],"is_endless":false,"potions_floor_spawned":[1,8,12,14,24,28,31],"killed_by":"Automaton","ascension_level":0}