{"gold_per_floor":[115,115,40,58,58,58,75,107,132,132,132,144,144,162,162,263,263,282,293,293,306,405,405,433,433,433,445,462,488,502,502],"floor_reached":31,"playtime":1241,"items_purged":["Defend_G"],"score":302,"play_id":"098dbdad-68d0-4c87-98c6-5284f2e45c04","local_time":"20180713153628","is_ascension_mode":false,"campfire_choices":[{"data":"Unload","floor":6,"key":"SMITH"},{"floor":11,"key":"REST"},{"data":"Dagger Spray","floor":13,"key":"SMITH"},{"data":"Underhanded Strike","floor":15,"key":"SMITH"},{"floor":23,"key":"REST"},{"floor":25,"key":"REST"}],"neow_cost":"NONE","seed_source_timestamp":199160904589471,"circlet_count":0,"master_deck":["Defend_G","Defend_G","Strike_G","Strike_G","Strike_G","Strike_G","Survivor","Neutralize","Unload+1","Dagger Throw","Dagger Spray+1","Underhanded Strike+1","Terror"],"relics":["Ring of the Snake","Strawberry","Letter Opener","Vajra","Ancient Tea Set","Empty Cage","Bag of Marbles","Boot","Mercury Hourglass"],"potions_floor_usage":[8,24],"damage_taken":[{"damage":4,"enemies":"Cultist","floor":1,"turns":3},{"damage":1,"enemies":"Jaw Worm","floor":4,"turns":3},{"damage":0,"enemies":"2 Louse","floor":7,"turns":1},{"damage":14,"enemies":"3 Sentries","floor":8,"turns":7},{"damage":0,"enemies":"Large Slime","floor":12,"turns":3},{"damage":1,"enemies":"Blue Slaver","floor":14,"turns":2},{"damage":44,"enemies":"Hexaghost","floor":16,"turns":9},{"damage":10,"enemies":"Spheric Guardian","floor":18,"turns":3},{"damage":0,"enemies":"Chosen","floor":19,"turns":4},{"damage":43,"enemies":"Centurion and Healer","floor":21,"turns":7},{"damage":49,"enemies":"Slavers","floor":24,"turns":5},{"damage":6,"enemies":"3 Cultists","floor":27,"turns":3},{"damage":15,"enemies":"Snecko","floor":28,"turns":3},{"damage":0,"enemies":"Gremlin Leader","floor":29,"turns":7},{"damage":9,"enemies":"Centurion and Healer","floor":30,"turns":3},{"damage":5,"enemies":"Snake Plant","floor":31,"turns":1}],"seed_played":"-4601832336401507570","potions_obtained":[{"floor":7,"key":"Swift Potion"},{"floor":12,"key":"Ancient Potion"},{"floor":18,"key":"GamblersBrew"},{"floor":21,"key":"Dexterity Potion"}],"is_trial":false,"path_per_floor":["M","?","$","M","?","R","M","E","T","T","R","M","R","M","R","B",null,"M","M","?","M","?","R","E","R","T","M","M","E","M"],"character_chosen":"THE_SILENT","items_purchased":[],"campfire_rested":3,"item_purchase_floors":[],"current_hp_per_floor":[66,55,55,54,47,47,47,33,33,33,56,56,56,55,55,11,77,67,67,77,34,34,57,8,31,31,25,10,10,1,0],"gold":502,"neow_bonus":"ONE_RANDOM_RARE_CARD","is_prod":false,"is_daily":false,"chose_seed":false,"campfire_upgraded":3,"win_rate":0,"timestamp":1531510588,"path_taken":["M","?","$","M","?","R","?","E","T","?","R","M","R","M","R","BOSS","M","?","?","M","?","R","E","R","T","M","M","E","M","M"],"build_version":"2018-07-12","purchased_purges":1,"victory":false,"max_hp_per_floor":[70,77,77,77,77,77,77,77,77,77,77,77,77,77,77,77,77,77,77,77,77,77,77,77,77,77,77,77,77,77,77],"card_choices":[{"not_picked":["Cloak And Dagger","Deflect"],"picked":"Dagger Throw","floor":1},{"not_picked":["PiercingWail","Outmaneuver","Riddle With Holes"],"picked":"SKIP","floor":4},{"not_picked":["Outmaneuver","Flying Knee","Sucker Punch"],"picked":"SKIP","floor":7},{"not_picked":["Deadly Poison","Terror"],"picked":"Dagger Spray","floor":8},{"not_picked":["Venomology","Reflex"],"picked":"Underhanded Strike","floor":12},{"not_picked":["Calculated Gamble","Prepared","Cloak And Dagger"],"picked":"SKIP","floor":14},{"not_picked":["Quick Slash","Deflect+1","Bane"],"picked":"SKIP","floor":18},{"not_picked":["Prepared","Infinite Blades"],"picked":"Terror","floor":19},{"not_picked":["Dagger Spray","Outmaneuver","Prepared"],"picked":"SKIP","floor":21},{"not_picked":["Finisher","Catalyst","Dagger Throw"],"picked":"SKIP","floor":24},{"not_picked":["Noxious Fumes","Reflex","Dagger Spray"],"picked":"SKIP","floor":27},{"not_picked":["Dodge and Roll","Cloak And Dagger","Slice"],"picked":"SKIP","floor":28},{"not_picked":["Dagger Spray","Tools of the Trade","Catalyst"],"picked":"SKIP","floor":29},{"not_picked":["Setup","Bouncing Flask+1","Dagger Throw"],"picked":"SKIP","floor":30}],"player_experience":249423,"relics_obtained":[{"floor":8,"key":"Letter Opener"},{"floor":9,"key":"Vajra"},{"floor":10,"key":"Ancient Tea Set"},{"floor":24,"key":"Bag of Marbles"},{"floor":26,"key":"Boot"},{"floor":29,"key":"Mercury Hourglass"}],"event_choices":[{"event_name":"Scrap Ooze","player_choice":"success","floor":2,"damage_taken":18},{"event_name":"Golden Wing","player_choice":"Card Removal","floor":5,"damage_taken":0},{"event_name":"The Library","player_choice":"Heal","floor":20,"damage_taken":0},{"event_name":"Nest","player_choice":"Stole From Cult","floor":22,"damage_taken":0}],"boss_relics":[{"not_picked":["Tiny House","Calling Bell"],"picked":"Empty Cage"}],"items_purged_floors":[3],"is_endless":false,"potions_floor_spawned":[7,12,18,21],"killed_by":"Snake Plant","ascension_level":0}