{"gold_per_floor":[110,110,110,110,123,163,163,177,255,255,279,300,300,325,325,445,445,458,105,105,123,23,23,39,39,39,69,89,89,107,107,107,107],"floor_reached":33,"playtime":670,"items_purged":["Zap","Regret"],"score":367,"play_id":"0d7df8ee-5dc7-41e1-9189-719071d9bb07","local_time":"20180709233719","is_ascension_mode":false,"campfire_choices":[{"data":"Hyperbeam","floor":7,"key":"SMITH"},{"data":"Compile Driver","floor":10,"key":"SMITH"},{"data":"Fusion","floor":13,"key":"SMITH"},{"floor":15,"key":"REST"},{"data":"Machine Learning","floor":23,"key":"SMITH"},{"data":"FTL","floor":25,"key":"SMITH"},{"floor":29,"key":"REST"},{"floor":32,"key":"REST"}],"neow_cost":"NONE","seed_source_timestamp":1633272482631230,"circlet_count":0,"master_deck":["Strike_B","Strike_B","Strike_B","Strike_B","Defend_B","Defend_B","Defend_B","Dualcast","Compile Driver+1","Hyperbeam+1","Fusion+1","Beam Cell","Machine Learning+1","Steam Power","FTL+1","Ghostly","Ghostly","Ghostly","Ghostly","Ghostly"],"relics":["Cracked Core","NeowsBlessing","Art of War","Bloody Idol","Strawberry","Mercury Hourglass","Nuclear Battery","Bottled Flame","Omamori","Symbiotic Virus"],"potions_floor_usage":[27,33],"damage_taken":[{"damage":0,"enemies":"Small Slimes","floor":1,"turns":1},{"damage":0,"enemies":"2 Louse","floor":5,"turns":1},{"damage":0,"enemies":"Lagavulin","floor":6,"turns":1},{"damage":14,"enemies":"Jaw Worm","floor":8,"turns":2},{"damage":0,"enemies":"2 Fungi Beasts","floor":11,"turns":1},{"damage":6,"enemies":"Large Slime","floor":12,"turns":3},{"damage":7,"enemies":"Exordium Wildlife","floor":14,"turns":2},{"damage":3,"enemies":"Slime Boss","floor":16,"turns":6},{"damage":6,"enemies":"Chosen","floor":18,"turns":2},{"damage":0,"enemies":"2 Thieves","floor":21,"turns":1},{"damage":10,"enemies":"Chosen and Byrds","floor":24,"turns":3},{"damage":63,"enemies":"Book of Stabbing","floor":27,"turns":6},{"damage":10,"enemies":"Snecko","floor":28,"turns":3},{"damage":4,"enemies":"Centurion and Healer","floor":30,"turns":3},{"damage":48,"enemies":"Automaton","floor":33,"turns":6}],"seed_played":"-7687085985335267526","potions_obtained":[{"floor":6,"key":"SteroidPotion"},{"floor":8,"key":"PowerPotion"},{"floor":11,"key":"Dexterity Potion"},{"floor":27,"key":"Dexterity Potion"},{"floor":28,"key":"PowerPotion"},{"floor":30,"key":"Explosive Potion"}],"is_trial":false,"path_per_floor":["M","?","?","?","M","E","R","M","T","R","M","M","R","M","R","B",null,"M","$","?","M","$","R","M","R","T","E","M","R","M","?","R"],"character_chosen":"DEFECT","items_purchased":["Steam Power","Bottled Flame"],"campfire_rested":3,"item_purchase_floors":[19,19],"current_hp_per_floor":[75,75,75,57,57,64,64,50,50,50,50,44,44,37,61,58,82,76,76,76,81,81,81,76,76,76,18,13,37,38,38,41,0],"gold":107,"neow_bonus":"THREE_ENEMY_KILL","is_prod":false,"is_daily":false,"chose_seed":false,"campfire_upgraded":5,"win_rate":0.0,"timestamp":1531193839,"path_taken":["M","?","?","?","?","E","R","M","T","R","M","M","R","M","R","BOSS","M","$","?","M","$","R","M","R","T","E","M","R","M","?","R","BOSS"],"build_version":"2018-07-05","purchased_purges":2,"victory":false,"max_hp_per_floor":[75,75,75,75,75,82,82,82,82,82,82,82,82,82,82,82,82,82,82,82,82,82,82,82,82,82,82,82,82,82,41,41,41],"card_choices":[{"not_picked":["Cold Snap","Hologram"],"picked":"Compile Driver","floor":1},{"not_picked":["Scrape","Self Repair","Gash"],"picked":"SKIP","floor":5},{"not_picked":["Leap","Turbo"],"picked":"Hyperbeam","floor":6},{"not_picked":["Conserve Battery","White Noise","Auto Shields"],"picked":"SKIP","floor":8},{"not_picked":["Leap","Barrage","Recycle"],"picked":"SKIP","floor":11},{"not_picked":["Stack","Conserve Battery"],"picked":"Fusion","floor":12},{"not_picked":["Stack","Chaos"],"picked":"Beam Cell","floor":14},{"not_picked":["Buffer","Electrodynamics"],"picked":"Machine Learning","floor":16},{"not_picked":["Redo+1","BootSequence","Barrage+1"],"picked":"SKIP","floor":18},{"not_picked":["Redo","Turbo","Blizzard"],"picked":"SKIP","floor":21},{"not_picked":["All For One","Double Energy"],"picked":"FTL","floor":24},{"not_picked":["Tempest+1","Steam","Rebound+1"],"picked":"SKIP","floor":27},{"not_picked":["Stack","Consume","Reprogram"],"picked":"SKIP","floor":28},{"not_picked":["Chaos","Sunder+1","Steam"],"picked":"SKIP","floor":30}],"player_experience":167621,"relics_obtained":[{"floor":6,"key":"Strawberry"},{"floor":9,"key":"Mercury Hourglass"},{"floor":26,"key":"Omamori"},{"floor":27,"key":"Symbiotic Virus"}],"event_choices":[{"event_name":"Living Wall","player_choice":"Forget","floor":2,"damage_taken":0},{"event_name":"Big Fish","player_choice":"Box","floor":3,"damage_taken":0},{"event_name":"Golden Idol","player_choice":"Take Damage","floor":4,"damage_taken":0},{"event_name":"Forgotten Altar","player_choice":"Gave Idol","floor":20,"damage_taken":0},{"event_name":"Ghosts","player_choice":"Became a Ghost","floor":31,"damage_taken":0}],"boss_relics":[{"not_picked":["Tiny House","Lizard Tail"],"picked":"Nuclear Battery"}],"items_purged_floors":[19,22],"is_endless":false,"potions_floor_spawned":[6,8,11,16,21,27,28,30],"killed_by":"Automaton","ascension_level":0}