{"gold_per_floor":[115,115,132,162,180,180,180,180,207,207,80,155,55,55,55,179,179,179],"floor_reached":18,"playtime":388,"items_purged":["Regret","Defend_B"],"score":161,"play_id":"6a76bba9-138c-4f82-8994-d1ecb355dfa9","local_time":"20180924145912","is_ascension_mode":true,"campfire_choices":[{"floor":6,"key":"REST"},{"floor":8,"key":"REST"},{"data":"Zap","floor":15,"key":"SMITH"}],"neow_cost":"","seed_source_timestamp":273221783618248,"circlet_count":0,"master_deck":["Strike_B","Strike_B","Strike_B","Strike_B","Defend_B","Defend_B","Defend_B+1","Zap+1","Dualcast+1","Chaos","Cold Snap","Fission"],"relics":["Cracked Core","Pear","Tiny Chest","Juzu Bracelet","Golden Idol","Inserter"],"potions_floor_usage":[16],"damage_taken":[{"damage":12,"enemies":"Jaw Worm","floor":1,"turns":2},{"damage":2,"enemies":"2 Louse","floor":3,"turns":2},{"damage":2,"enemies":"Small Slimes","floor":5,"turns":3},{"damage":46,"enemies":"Hexaghost","floor":16,"turns":11},{"damage":46,"enemies":"Shell Parasite","floor":18,"turns":7}],"seed_played":"-652926007662942557","potions_obtained":[{"floor":1,"key":"SteroidPotion"},{"floor":5,"key":"Energy Potion"}],"is_trial":false,"path_per_floor":["M","?","M","?","M","R","?","R","T","?","$","?","$","?","R","B",null],"character_chosen":"DEFECT","items_purchased":["Cold Snap"],"campfire_rested":2,"item_purchase_floors":[11],"current_hp_per_floor":[63,73,71,29,27,52,35,60,60,60,60,49,49,49,49,3,79,33],"gold":179,"neow_bonus":"","is_prod":false,"is_daily":false,"chose_seed":false,"campfire_upgraded":1,"win_rate":0,"timestamp":1537815552,"path_taken":["M","?","M","?","?","R","?","R","T","?","$","?","$","?","R","BOSS","M"],"build_version":"2018-09-20","purchased_purges":2,"victory":false,"max_hp_per_floor":[75,85,85,85,85,85,85,85,85,79,79,79,79,79,79,79,79,79],"card_choices":[{"not_picked":["Blizzard","Redo"],"picked":"Chaos","floor":1},{"not_picked":["Stack","Hologram","Sweeping Beam"],"picked":"SKIP","floor":3},{"not_picked":["Stack","Leap","Lockon"],"picked":"SKIP","floor":5},{"not_picked":["Reboot","Core Surge"],"picked":"Fission","floor":16}],"player_experience":404977,"relics_obtained":[{"floor":9,"key":"Juzu Bracelet"}],"event_choices":[{"event_name":"Big Fish","player_choice":"Box","floor":2,"damage_taken":0},{"event_name":"Scrap Ooze","player_choice":"success","floor":4,"damage_taken":42},{"event_name":"Shining Light","player_choice":"Entered Light","floor":7,"damage_taken":0},{"event_name":"Golden Idol","player_choice":"Lose Max HP","floor":10,"damage_taken":0},{"event_name":"World of Goop","player_choice":"Gather Gold","floor":12,"damage_taken":0},{"event_name":"Match and Keep!","player_choice":"0 cards matched","floor":14,"damage_taken":0}],"is_beta":false,"boss_relics":[{"not_picked":["Philosopher\u0027s Stone","Coffee Dripper"],"picked":"Inserter"}],"items_purged_floors":[11,13],"is_endless":false,"potions_floor_spawned":[1,5],"killed_by":"Shell Parasite","ascension_level":2}