{"gold_per_floor":[117,117,137,59,73,73,116,116,116,116,129,144,178,194,194,325,325,339,352,385,385,258,258,273,273,296,320,345,345,245,261,261,382,382,400,413,133,154,154,154,154,154],"floor_reached":43,"playtime":1313,"items_purged":["Defend_R+1","Regret","Defend_R+1"],"score":615,"play_id":"102a3d39-6af5-434b-be45-295c8efae265","local_time":"20180710120440","is_ascension_mode":false,"campfire_choices":[{"data":"Sword Boomerang","floor":6,"key":"SMITH"},{"data":"Demon Form","floor":8,"key":"SMITH"},{"floor":15,"key":"REST"},{"data":"Thunderclap","floor":23,"key":"SMITH"},{"data":"Whirlwind","floor":25,"key":"SMITH"},{"data":"Flex","floor":32,"key":"SMITH"},{"floor":40,"key":"REST"}],"neow_cost":"NONE","seed_source_timestamp":1677462147150320,"circlet_count":0,"master_deck":["Strike_R+1","Strike_R+1","Strike_R+1","Strike_R+1","Strike_R+1","Defend_R+1","Defend_R+1","Bash","Sword Boomerang+1","Battle Trance","Inflame","Thunderclap+1","Demon Form+1","Flex+1","Whirlwind+1","Sword Boomerang+1"],"relics":["Burning Blood","Golden Idol","Thread and Needle","Torii","Paper Frog","Cursed Key","Red Mask","Happy Flower","Fusion Hammer","Bronze Scales"],"potions_floor_usage":[1,7,7,7,11,11,12,13,18,20,27,31,42,42,42],"damage_taken":[{"damage":12,"enemies":"2 Louse","floor":1,"turns":4},{"damage":8,"enemies":"Jaw Worm","floor":3,"turns":3},{"damage":6,"enemies":"Cultist","floor":5,"turns":3},{"damage":26,"enemies":"Lagavulin","floor":7,"turns":4},{"damage":7,"enemies":"Large Slime","floor":11,"turns":3},{"damage":18,"enemies":"Exordium Thugs","floor":12,"turns":4},{"damage":11,"enemies":"Gremlin Nob","floor":13,"turns":4},{"damage":11,"enemies":"Exordium Wildlife","floor":14,"turns":4},{"damage":1,"enemies":"The Guardian","floor":16,"turns":6},{"damage":12,"enemies":"2 Thieves","floor":18,"turns":3},{"damage":1,"enemies":"Spheric Guardian","floor":19,"turns":3},{"damage":40,"floor":20,"turns":4},{"damage":1,"enemies":"3 Cultists","floor":24,"turns":4},{"damage":11,"enemies":"Centurion and Healer","floor":27,"turns":5},{"damage":5,"enemies":"Snecko","floor":28,"turns":3},{"damage":5,"enemies":"Snake Plant","floor":31,"turns":3},{"damage":34,"enemies":"Collector","floor":33,"turns":4},{"damage":20,"enemies":"3 Shapes","floor":35,"turns":2},{"damage":0,"enemies":"Orb Walker","floor":36,"turns":2},{"damage":22,"enemies":"Sphere and 2 Shapes","floor":38,"turns":3},{"damage":33,"enemies":"Donu and Deca","floor":42,"turns":4}],"seed_played":"4045386839414744927","potions_obtained":[{"floor":1,"key":"AttackPotion"},{"floor":11,"key":"BloodPotion"},{"floor":13,"key":"SpeedPotion"},{"floor":16,"key":"EssenceOfSteel"},{"floor":19,"key":"Regen Potion"},{"floor":24,"key":"Explosive Potion"},{"floor":28,"key":"Weak Potion"},{"floor":33,"key":"EssenceOfSteel"},{"floor":36,"key":"Poison Potion"}],"is_trial":false,"path_per_floor":["M","?","M","$","M","R","E","R","T","?","M","M","E","M","R","B",null,"M","M","?","?","$","R","M","R","T","M","M","?","$","M","R","B",null,"M","M","$","M","?","R","?","B"],"character_chosen":"IRONCLAD","items_purchased":["Inflame","Flex","Bronze Scales"],"campfire_rested":2,"item_purchase_floors":[4,22,37],"current_hp_per_floor":[74,54,52,52,52,52,44,44,44,28,27,23,18,13,37,42,80,74,79,49,49,49,49,54,54,54,49,50,50,50,51,51,23,80,66,72,72,56,56,80,80,53],"gold":154,"neow_bonus":"THREE_SMALL_POTIONS","is_prod":false,"is_daily":false,"chose_seed":false,"campfire_upgraded":5,"win_rate":0,"timestamp":1531238680,"path_taken":["M","?","M","$","M","R","E","R","T","?","M","M","E","?","R","BOSS","M","M","?","?","$","R","M","R","T","M","M","?","?","?","R","BOSS","M","?","$","M","?","R","?","BOSS"],"build_version":"2018-07-05","purchased_purges":3,"victory":true,"max_hp_per_floor":[80,80,80,80,80,80,80,80,80,80,80,80,80,80,80,80,80,80,80,80,80,80,80,80,80,80,80,80,80,80,80,80,80,80,80,80,80,80,80,80,80,80],"card_choices":[{"not_picked":["Fire Breathing","Corruption"],"picked":"Sword Boomerang","floor":1},{"not_picked":["Infernal Blade","Sword Boomerang"],"picked":"Battle Trance","floor":3},{"not_picked":["Twin Strike","True Grit"],"picked":"Thunderclap","floor":5},{"not_picked":["Warcry","Cleave"],"picked":"Demon Form","floor":7},{"not_picked":["Second Wind","Combust","Burning Pact"],"picked":"SKIP","floor":11},{"not_picked":["Pummel","Fire Breathing","Hemokinesis"],"picked":"SKIP","floor":12},{"not_picked":["Reckless Charge","Seeing Red","Clothesline"],"picked":"SKIP","floor":13},{"not_picked":["Armaments","True Grit","Twin Strike"],"picked":"SKIP","floor":14},{"not_picked":["True Grit+1","Clothesline","Power Through"],"picked":"SKIP","floor":18},{"not_picked":["Twin Strike+1","Havoc+1","Iron Wave"],"picked":"SKIP","floor":19},{"not_picked":["Headbutt","Thunderclap"],"picked":"Whirlwind","floor":24},{"not_picked":["Evolve","Feel No Pain","Shrug It Off+1"],"picked":"SKIP","floor":27},{"not_picked":["Rage+1","Shrug It Off"],"picked":"Sword Boomerang+1","floor":28},{"not_picked":["Corruption","Clash","Metallicize"],"picked":"SKIP","floor":31},{"not_picked":["Rage+1","Whirlwind","Dropkick+1"],"picked":"SKIP","floor":35},{"not_picked":["Evolve+1","Battle Trance","Headbutt"],"picked":"SKIP","floor":36},{"not_picked":["Pommel Strike+1","Ghostly Armor","Sword Boomerang+1"],"picked":"SKIP","floor":38}],"player_experience":181021,"relics_obtained":[{"floor":7,"key":"Thread and Needle"},{"floor":9,"key":"Torii"},{"floor":13,"key":"Paper Frog"},{"floor":20,"key":"Red Mask"},{"floor":26,"key":"Happy Flower"}],"event_choices":[{"event_name":"Golden Idol","player_choice":"Take Damage","floor":2,"damage_taken":0},{"event_name":"Shining Light","player_choice":"Entered Light","floor":10,"damage_taken":0},{"event_name":"Masked Bandits","player_choice":"Fought over 352 gold","floor":20,"damage_taken":0},{"event_name":"Back to Basics","player_choice":"Simplicity","floor":21,"damage_taken":0},{"event_name":"FaceTrader","player_choice":"Leave","floor":29,"damage_taken":0},{"event_name":"Accursed Blacksmith","player_choice":"Ignore","floor":39,"damage_taken":0},{"event_name":"SecretPortal","player_choice":"Took Portal.","floor":41,"damage_taken":0}],"boss_relics":[{"not_picked":["Snecko Eye","Velvet Choker"],"picked":"Cursed Key"},{"not_picked":["Coffee Dripper","Black Star"],"picked":"Fusion Hammer"}],"items_purged_floors":[22,30,37],"is_endless":false,"potions_floor_spawned":[1,7,11,13,16,19,24,28,33,36],"ascension_level":0}