{"gold_per_floor":[117,42,55,55,71,71,97,272,343,399,418,418,418,429,429,526,526,537,163,180,255,267,267,267,267,267,278,291,291,302,302,302,302],"floor_reached":33,"playtime":1711,"items_purged":["Strike_B","Strike_B"],"score":272,"play_id":"ffee23d4-4725-4c5e-8e26-64a0376e0f11","local_time":"20180709141817","is_ascension_mode":false,"campfire_choices":[{"data":"Coolheaded","floor":6,"key":"SMITH"},{"floor":12,"key":"REST"},{"floor":15,"key":"REST"},{"floor":23,"key":"REST"},{"data":"Gash","floor":25,"key":"SMITH"},{"data":"Gash","floor":29,"key":"SMITH"},{"data":"Gash","floor":32,"key":"SMITH"}],"neow_cost":"NONE","seed_source_timestamp":1598688570293764,"circlet_count":0,"master_deck":["Defend_B","Zap","Dualcast","Capacitor+1","Reboot+1","Cold Snap+1","Gash+1","Coolheaded+1","Ball Lightning","Gash+1","Streamline","Gash+1","Self Repair+1","Parasite","Compile Driver+1","Bite","Bite","Bite","Bite","Bite"],"relics":["Astrolabe","Bag of Preparation","Bottled Lightning","Sozu","Pantograph","Turnip"],"potions_floor_usage":[10,14,16,20],"damage_taken":[{"damage":11,"enemies":"Jaw Worm","floor":1,"turns":4},{"damage":4,"enemies":"2 Louse","floor":3,"turns":3},{"damage":0,"enemies":"Small Slimes","floor":5,"turns":2},{"damage":30,"enemies":"Gremlin Nob","floor":7,"turns":5},{"damage":12,"enemies":"Lagavulin Event","floor":10,"turns":6},{"damage":10,"enemies":"Looter","floor":11,"turns":3},{"damage":11,"enemies":"Blue Slaver","floor":14,"turns":3},{"damage":24,"enemies":"Hexaghost","floor":16,"turns":9},{"damage":10,"enemies":"Shell Parasite","floor":18,"turns":5},{"damage":21,"enemies":"2 Thieves","floor":20,"turns":4},{"damage":26,"enemies":"Snecko","floor":22,"turns":4},{"damage":21,"enemies":"Snake Plant","floor":27,"turns":4},{"damage":6,"enemies":"Centurion and Healer","floor":28,"turns":5},{"damage":24,"enemies":"Sentry and Sphere","floor":30,"turns":4},{"damage":122,"enemies":"Collector","floor":33,"turns":12}],"seed_played":"-1014529322152359416","potions_obtained":[{"floor":1,"key":"FairyPotion"},{"floor":3,"key":"Weak Potion"},{"floor":10,"key":"EssenceOfSteel"},{"floor":10,"key":"Regen Potion"},{"floor":16,"key":"Regen Potion"}],"is_trial":false,"path_per_floor":["M","$","M","$","M","R","E","?","T","?","M","R","?","M","R","B",null,"M","$","M","?","M","R","?","R","T","M","M","R","M","?","R"],"character_chosen":"DEFECT","items_purchased":["Gash","Pantograph"],"campfire_rested":3,"item_purchase_floors":[19,19],"current_hp_per_floor":[64,64,60,60,60,60,30,30,30,18,10,32,32,32,54,32,75,65,65,55,48,34,56,56,56,56,47,53,53,41,41,41,0],"gold":302,"neow_bonus":"BOSS_RELIC","is_prod":false,"is_daily":false,"chose_seed":false,"campfire_upgraded":4,"win_rate":0.0,"timestamp":1531160297,"path_taken":["M","$","M","$","M","R","E","?","T","?","M","R","?","M","R","BOSS","M","$","M","?","M","R","?","R","T","?","?","R","M","?","R","BOSS"],"build_version":"2018-07-05","purchased_purges":2,"victory":false,"max_hp_per_floor":[75,75,75,75,75,75,75,75,75,75,75,75,75,75,75,75,75,75,75,75,75,75,75,75,75,75,75,75,75,75,75,75,75],"card_choices":[{"not_picked":["Tempest","Consume","Conserve Battery"],"picked":"SKIP","floor":1},{"not_picked":["Doom and Gloom","Genetic Algorithm"],"picked":"Gash","floor":3},{"not_picked":["Chaos","Stack"],"picked":"Coolheaded","floor":5},{"not_picked":["Steam","Electrodynamics"],"picked":"Ball Lightning","floor":7},{"not_picked":["Steam","Double Energy"],"picked":"Gash","floor":11},{"not_picked":["Sweeping Beam","Ball Lightning","Turbo"],"picked":"SKIP","floor":14},{"not_picked":["Turbo","Leap"],"picked":"Streamline","floor":18},{"not_picked":["Undo","Heatsinks"],"picked":"Self Repair+1","floor":20},{"not_picked":["Streamline","Coolheaded","Conserve Battery"],"picked":"SKIP","floor":22},{"not_picked":["Streamline","Steam","Scrape"],"picked":"SKIP","floor":27},{"not_picked":["Creative AI","Aggregate","Hologram"],"picked":"SKIP","floor":28},{"not_picked":["Redo","Lockon+1"],"picked":"Compile Driver+1","floor":30}],"player_experience":150925,"relics_obtained":[{"floor":7,"key":"Bag of Preparation"},{"floor":9,"key":"Bottled Lightning"},{"floor":10,"key":"Blood Vial"},{"floor":26,"key":"Turnip"}],"event_choices":[{"event_name":"Liars Game","player_choice":"agreed","floor":8,"damage_taken":0},{"event_name":"Dead Adventurer","player_choice":"Searched \u00271\u0027 times","floor":10,"damage_taken":0},{"event_name":"The Woman in Blue","player_choice":"Bought 0 Potions","floor":13,"damage_taken":0},{"event_name":"FaceTrader","player_choice":"Touch","floor":21,"damage_taken":0},{"event_name":"Transmorgrifier","player_choice":"Transform","floor":24,"damage_taken":0},{"event_name":"Vampires","player_choice":"Became a vampire (Vial)","floor":31,"damage_taken":0}],"boss_relics":[{"not_picked":["Snecko Eye","Cursed Key"],"picked":"Sozu"}],"items_purged_floors":[2,19],"is_endless":false,"potions_floor_spawned":[1,3,10,10,16,22,27,28],"killed_by":"Collector","ascension_level":0}