{"gold_per_floor":[119,119,133,96,96,130,130,157,157,157,157,174,174,99,99,204,204,217,217,217,230,247,247,282,294,321,321],"floor_reached":27,"playtime":1602,"items_purged":["Strike_R"],"score":377,"play_id":"910e74bf-fe5c-4312-80e1-51a7bcde9eec","local_time":"20190319142845","is_ascension_mode":true,"campfire_choices":[{"data":"Whirlwind","floor":7,"key":"SMITH"},{"data":"Body Slam","floor":11,"key":"SMITH"},{"data":"Inflame","floor":13,"key":"SMITH"},{"data":"Bash","floor":15,"key":"SMITH"},{"floor":23,"key":"REST"}],"neow_cost":"NONE","seed_source_timestamp":10827229957200,"circlet_count":0,"master_deck":["Strike_R","Defend_R","Defend_R","Defend_R","Bash+1","Inflame+1","Body Slam+1","Ghostly Armor+1","Whirlwind+1","Dropkick","Barricade","Ghostly Armor+1","Dual Wield","Pummel","True Grit","Cleave","Rampage","Intimidate+1","Feel No Pain","Headbutt","Dropkick"],"relics":["Burning Blood","NeowsBlessing","Bird Faced Urn","Sundial","Prayer Wheel","Orrery","Nilry\u0027s Codex","Anchor","War Paint"],"potions_floor_usage":[18,21,22],"damage_taken":[{"damage":0,"enemies":"Small Slimes","floor":1,"turns":1},{"damage":0,"enemies":"2 Louse","floor":3,"turns":1},{"damage":0,"enemies":"Gremlin Nob","floor":6,"turns":1},{"damage":20,"enemies":"3 Sentries","floor":8,"turns":8},{"damage":4,"enemies":"Jaw Worm","floor":12,"turns":4},{"damage":0,"enemies":"Slime Boss","floor":16,"turns":6},{"damage":33,"enemies":"Shell Parasite","floor":18,"turns":7},{"damage":2,"enemies":"Chosen","floor":21,"turns":6},{"damage":18,"enemies":"Snecko","floor":22,"turns":4},{"damage":24,"enemies":"Gremlin Leader","floor":24,"turns":6},{"damage":15,"enemies":"Chosen and Byrds","floor":25,"turns":5},{"damage":57,"enemies":"Sentry and Sphere","floor":27,"turns":7}],"seed_played":"-8731620567882611289","potions_obtained":[{"floor":1,"key":"PowerPotion"},{"floor":8,"key":"Weak Potion"},{"floor":18,"key":"GamblersBrew"},{"floor":24,"key":"Weak Potion"}],"is_trial":false,"path_per_floor":["?","?","?","?","?"],"character_chosen":"IRONCLAD","items_purchased":["Ghostly Armor"],"campfire_rested":1,"item_purchase_floors":[4],"current_hp_per_floor":[80,85,85,85,85,85,85,73,73,66,66,70,70,70,70,78,85,58,42,42,50,42,67,51,44,44,0],"gold":321,"neow_bonus":"THREE_ENEMY_KILL","is_prod":false,"is_daily":false,"chose_seed":false,"campfire_upgraded":4,"win_rate":0,"timestamp":1553020125,"path_taken":["M","?","M","$","?","E","R","E","T","?","R","M","R","$","R","BOSS","M","?","?","M","M","R","E","M","T","M"],"build_version":"2019-01-23","purchased_purges":1,"victory":false,"max_hp_per_floor":[80,85,85,85,85,85,85,85,85,85,85,85,85,85,85,85,85,85,85,85,85,85,85,85,85,85,85],"card_choices":[{"not_picked":["Body Slam","Twin Strike"],"picked":"Inflame","floor":1},{"not_picked":["Clash","Thunderclap"],"picked":"Body Slam","floor":3},{"not_picked":["Armaments","Combust"],"picked":"Whirlwind","floor":6},{"not_picked":["Burning Pact","Thunderclap","Seeing Red"],"picked":"SKIP","floor":8},{"not_picked":["Iron Wave","Dark Embrace"],"picked":"Dropkick","floor":12},{"not_picked":["Perfected Strike","Clash","Anger"],"picked":"SKIP","floor":12},{"not_picked":["Limit Break","Juggernaut"],"picked":"Barricade","floor":16},{"not_picked":["Flex","Clothesline"],"picked":"Ghostly Armor","floor":17},{"not_picked":["Thunderclap","Flame Barrier"],"picked":"Dual Wield","floor":17},{"not_picked":["Carnage","Anger"],"picked":"Pummel","floor":17},{"not_picked":["Havoc","Perfected Strike"],"picked":"True Grit","floor":18},{"not_picked":["Clash","Dark Embrace","Rage"],"picked":"SKIP","floor":18},{"not_picked":["Armaments","Clothesline"],"picked":"Intimidate+1","floor":21},{"not_picked":["Infernal Blade","Perfected Strike","Headbutt+1"],"picked":"SKIP","floor":21},{"not_picked":["Perfected Strike","Disarm"],"picked":"Feel No Pain","floor":22},{"not_picked":["Combust","Disarm","Cleave"],"picked":"SKIP","floor":22},{"not_picked":["Searing Blow+1","Fire Breathing"],"picked":"Headbutt","floor":24},{"not_picked":["Fire Breathing","Twin Strike"],"picked":"Dropkick","floor":25},{"not_picked":["Wild Strike","Blood for Blood","Headbutt+1"],"picked":"SKIP","floor":25}],"player_experience":229982,"relics_obtained":[{"floor":6,"key":"Bird Faced Urn"},{"floor":8,"key":"Sundial"},{"floor":9,"key":"Prayer Wheel"},{"floor":19,"key":"Nilry\u0027s Codex"},{"floor":24,"key":"Anchor"},{"floor":26,"key":"War Paint"}],"event_choices":[{"damage_healed":0,"gold_gain":0,"player_choice":"Donut","damage_taken":0,"max_hp_gain":5,"max_hp_loss":0,"event_name":"Big Fish","floor":2,"gold_loss":0},{"cards_removed":["Strike_R"],"damage_healed":0,"gold_gain":0,"player_choice":"Forget","damage_taken":0,"max_hp_gain":0,"max_hp_loss":0,"event_name":"Living Wall","floor":5,"gold_loss":0},{"cards_removed":["Defend_R"],"damage_healed":0,"gold_gain":0,"player_choice":"Card Removal","damage_taken":7,"max_hp_gain":0,"max_hp_loss":0,"event_name":"Golden Wing","floor":10,"gold_loss":0},{"damage_healed":0,"gold_gain":0,"player_choice":"Obtained Book","damage_taken":16,"max_hp_gain":0,"max_hp_loss":0,"event_name":"Cursed Tome","floor":19,"gold_loss":0},{"damage_healed":0,"gold_gain":0,"cards_transformed":["Strike_R","Strike_R"],"player_choice":"Became Test Subject","damage_taken":0,"max_hp_gain":0,"max_hp_loss":0,"event_name":"Drug Dealer","floor":20,"gold_loss":0,"cards_obtained":["Cleave","Rampage"]}],"is_beta":false,"boss_relics":[{"not_picked":["White Beast Statue","Pandora\u0027s Box"],"picked":"Orrery"}],"items_purged_floors":[14],"is_endless":false,"potions_floor_spawned":[1,8,18,24],"killed_by":"Sentry and Sphere","ascension_level":4}