{"gold_per_floor":[116,66,66,83,83,83,8,21,71,89,114,114,144,160,160,160],"floor_reached":16,"playtime":917,"items_purged":["Decay"],"score":160,"play_id":"81d32573-1620-4141-80cd-05069598ac75","local_time":"20190331161233","is_ascension_mode":true,"campfire_choices":[{"data":"Neutralize","floor":6,"key":"SMITH"},{"floor":12,"key":"REST"},{"floor":15,"key":"REST"}],"neow_cost":"NONE","seed_source_timestamp":16906580214099,"circlet_count":0,"master_deck":["Defend_G","Defend_G","Defend_G","Defend_G","Defend_G","Strike_G","Strike_G","Strike_G","Survivor","Neutralize+1","Cloak And Dagger","Finisher","Crippling Poison","Blur","Dagger Spray","Caltrops"],"relics":["Ring of the Snake","Potion Belt","Vajra","Strawberry"],"potions_floor_usage":[11,16,16,16],"damage_taken":[{"damage":2,"enemies":"2 Louse","floor":1,"turns":4},{"damage":0,"enemies":"Cultist","floor":4,"turns":4},{"damage":0,"enemies":"Jaw Worm","floor":8,"turns":5},{"damage":14,"enemies":"Lots of Slimes","floor":10,"turns":6},{"damage":34,"enemies":"Lagavulin","floor":11,"turns":11},{"damage":20,"enemies":"3 Sentries","floor":13,"turns":10},{"damage":0,"enemies":"Looter","floor":14,"turns":2},{"damage":49,"enemies":"Slime Boss","floor":16,"turns":8}],"seed_played":"6027419709149591085","potions_obtained":[{"floor":0,"key":"Fire Potion"},{"floor":0,"key":"Energy Potion"},{"floor":0,"key":"GamblersBrew"},{"floor":10,"key":"Ancient Potion"},{"floor":14,"key":"EssenceOfSteel"}],"is_trial":false,"path_per_floor":["?","?","?","M"],"character_chosen":"THE_SILENT","items_purchased":[],"campfire_rested":2,"item_purchase_floors":[],"current_hp_per_floor":[61,61,54,54,54,54,54,54,54,40,6,27,14,14,37,0],"gold":160,"neow_bonus":"THREE_SMALL_POTIONS","is_prod":false,"is_daily":false,"chose_seed":false,"campfire_upgraded":1,"win_rate":0,"timestamp":1554063153,"path_taken":["M","?","?","M","?","R","$","?","T","M","E","R","E","M","R","BOSS"],"build_version":"2019-01-23","purchased_purges":1,"victory":false,"max_hp_per_floor":[70,70,70,70,70,70,70,70,70,70,70,70,77,77,77,77],"card_choices":[{"not_picked":["Deflect","Bane"],"picked":"Cloak And Dagger","floor":1},{"not_picked":["Sucker Punch","Predator"],"picked":"Finisher","floor":4},{"not_picked":["Accuracy","Acrobatics"],"picked":"Crippling Poison","floor":8},{"not_picked":["Riddle With Holes","Masterful Stab"],"picked":"Blur","floor":10},{"not_picked":["Sucker Punch","Dodge and Roll"],"picked":"Dagger Spray","floor":11},{"not_picked":["Dagger Throw","Outmaneuver","Dagger Spray"],"picked":"SKIP","floor":13},{"not_picked":["Sucker Punch","Slice"],"picked":"Caltrops","floor":14}],"player_experience":384340,"relics_obtained":[{"floor":9,"key":"Potion Belt"},{"floor":11,"key":"Vajra"},{"floor":13,"key":"Strawberry"}],"event_choices":[{"cards_removed":["Strike_G"],"damage_healed":0,"gold_gain":0,"player_choice":"Card Removal","damage_taken":0,"max_hp_gain":0,"max_hp_loss":0,"event_name":"The Cleric","floor":2,"gold_loss":50},{"cards_removed":["Strike_G"],"damage_healed":0,"gold_gain":0,"player_choice":"Card Removal","damage_taken":7,"max_hp_gain":0,"max_hp_loss":0,"event_name":"Golden Wing","floor":3,"gold_loss":0},{"damage_healed":0,"gold_gain":0,"player_choice":"Cursed","damage_taken":0,"max_hp_gain":0,"max_hp_loss":0,"event_name":"Wheel of Change","floor":5,"gold_loss":0,"cards_obtained":["Decay"]}],"is_beta":false,"boss_relics":[],"items_purged_floors":[7],"is_endless":false,"potions_floor_spawned":[4,8,10,14],"killed_by":"Slime Boss","ascension_level":9}