{"gold_per_floor":[118,118,134,154,49,49,65,98,150,165,190,210,210,228,228,327,327,339,356,151,151,171,171,191,191,191,208,133,15,115,126,126,126],"floor_reached":33,"playtime":3577,"items_purged":[],"score":286,"play_id":"12786419-4349-4362-9106-38a386479005","local_time":"20190214103011","is_ascension_mode":false,"campfire_choices":[{"data":"Deflect","floor":6,"key":"SMITH"},{"floor":15,"key":"REST"},{"data":"Catalyst","floor":23,"key":"SMITH"},{"data":"Catalyst","floor":25,"key":"SMITH"},{"floor":32,"key":"REST"}],"neow_cost":"NONE","seed_source_timestamp":1011326395616,"circlet_count":0,"master_deck":["Defend_G","Defend_G","Defend_G","Defend_G","Defend_G","Strike_G","Strike_G","Strike_G","Strike_G","Survivor","Neutralize+1","Flying Knee","Leg Sweep","Deflect+1","Noxious Fumes","Deflect","Catalyst+1","Acrobatics","Poisoned Stab","Deflect","Finisher","Poisoned Stab","Corpse Explosion","Catalyst+1","Deflect+1","Blur","Dodge and Roll","Corpse Explosion","Deflect+1"],"relics":["Ring of the Snake","Letter Opener","Regal Pillow","Blood Vial","Anchor","Eternal Feather","Strange Spoon","StoneCalendar"],"potions_floor_usage":[8,11,11,19,22,22,24,31],"damage_taken":[{"damage":0,"enemies":"Small Slimes","floor":1,"turns":6},{"damage":0,"enemies":"Jaw Worm","floor":3,"turns":4},{"damage":0,"enemies":"Cultist","floor":4,"turns":3},{"damage":0,"enemies":"Blue Slaver","floor":7,"turns":6},{"damage":9,"enemies":"3 Sentries","floor":8,"turns":9},{"damage":0,"enemies":"2 Fungi Beasts","floor":10,"turns":3},{"damage":54,"enemies":"Gremlin Nob","floor":11,"turns":8},{"damage":0,"enemies":"3 Louse","floor":12,"turns":5},{"damage":0,"enemies":"Gremlin Gang","floor":14,"turns":4},{"damage":11,"enemies":"The Guardian","floor":16,"turns":12},{"damage":6,"enemies":"Shell Parasite","floor":18,"turns":5},{"damage":17,"enemies":"3 Byrds","floor":19,"turns":7},{"damage":20,"enemies":"Snake Plant","floor":22,"turns":5},{"damage":4,"enemies":"3 Cultists","floor":24,"turns":3},{"damage":11,"enemies":"Snecko","floor":27,"turns":6},{"damage":18,"enemies":"Centurion and Healer","floor":31,"turns":7},{"damage":85,"enemies":"Champ","floor":33,"turns":12}],"seed_played":"708504715284995873","potions_obtained":[{"floor":1,"key":"Strength Potion"},{"floor":3,"key":"EssenceOfSteel"},{"floor":4,"key":"SneckoOil"},{"floor":14,"key":"Ancient Potion"},{"floor":16,"key":"GamblersBrew"},{"floor":19,"key":"Regen Potion"},{"floor":22,"key":"SkillPotion"}],"is_trial":false,"path_per_floor":["?","?","$","?","?","?"],"character_chosen":"THE_SILENT","items_purchased":["Deflect","Noxious Fumes","Strange Spoon","Corpse Explosion","Block Potion"],"campfire_rested":2,"item_purchase_floors":[5,5,20,29,29],"current_hp_per_floor":[70,67,67,67,67,67,67,58,58,60,8,10,10,12,48,39,70,64,49,49,49,45,60,58,70,70,59,59,59,59,43,70,0],"gold":126,"neow_bonus":"UPGRADE_CARD","is_prod":false,"is_daily":false,"chose_seed":false,"campfire_upgraded":3,"win_rate":0,"timestamp":1550151011,"path_taken":["M","?","M","M","$","R","M","E","T","M","E","M","?","M","R","BOSS","M","M","?","?","M","R","M","R","T","M","?","$","?","M","R","BOSS"],"build_version":"2019-01-23","purchased_purges":0,"victory":false,"max_hp_per_floor":[70,70,70,70,70,70,70,70,70,70,70,70,70,70,70,70,70,70,70,70,70,70,70,70,70,70,70,70,70,70,70,70,70],"card_choices":[{"not_picked":["Caltrops","Acrobatics"],"picked":"Flying Knee","floor":1},{"not_picked":["Eviscerate","Dagger Throw","Underhanded Strike"],"picked":"SKIP","floor":3},{"not_picked":["Blade Dance","PiercingWail"],"picked":"Leg Sweep","floor":4},{"not_picked":["Outmaneuver","PiercingWail"],"picked":"Deflect","floor":7},{"not_picked":["Poisoned Stab","Backflip"],"picked":"Catalyst","floor":8},{"not_picked":["Sucker Punch","Distraction"],"picked":"Acrobatics","floor":10},{"not_picked":["Heel Hook","Doppelganger"],"picked":"Poisoned Stab","floor":11},{"not_picked":["Setup","Dagger Throw"],"picked":"Deflect","floor":12},{"not_picked":["Masterful Stab","Distraction"],"picked":"Poisoned Stab","floor":14},{"not_picked":["Phantasmal Killer","Die Die Die"],"picked":"Corpse Explosion","floor":16},{"not_picked":["Skewer","Choke"],"picked":"Concentrate","floor":18},{"not_picked":["PiercingWail","Dagger Spray+1","Infinite Blades"],"picked":"SKIP","floor":19},{"not_picked":["Escape Plan+1","Quick Slash"],"picked":"Deflect+1","floor":22},{"not_picked":["Quick Slash","Escape Plan+1"],"picked":"Blur","floor":24},{"not_picked":["Distraction","Slice+1"],"picked":"Dodge and Roll","floor":27},{"not_picked":["Dagger Throw+1","Blade Dance"],"picked":"Deflect+1","floor":31}],"player_experience":186173,"relics_obtained":[{"floor":8,"key":"Regal Pillow"},{"floor":9,"key":"Blood Vial"},{"floor":11,"key":"Anchor"},{"floor":26,"key":"StoneCalendar"}],"event_choices":[{"damage_healed":0,"gold_gain":0,"player_choice":"Success","damage_taken":3,"relics_obtained":["Letter Opener"],"max_hp_gain":0,"max_hp_loss":0,"event_name":"Scrap Ooze","floor":2,"gold_loss":0},{"damage_healed":0,"gold_gain":0,"cards_transformed":["Strike_G"],"player_choice":"Transformed","damage_taken":0,"max_hp_gain":0,"max_hp_loss":0,"event_name":"Transmorgrifier","floor":13,"gold_loss":0,"cards_obtained":["Finisher"]},{"damage_healed":0,"gold_gain":0,"player_choice":"Read","damage_taken":0,"max_hp_gain":0,"max_hp_loss":0,"event_name":"The Library","floor":21,"gold_loss":0,"cards_obtained":["Catalyst"]},{"cards_removed":["Concentrate"],"damage_healed":0,"gold_gain":0,"player_choice":"Gave Gold","damage_taken":0,"max_hp_gain":0,"max_hp_loss":0,"event_name":"Beggar","floor":28,"gold_loss":75},{"damage_healed":0,"gold_gain":100,"player_choice":"Pray","damage_taken":0,"max_hp_gain":0,"max_hp_loss":0,"event_name":"Golden Shrine","floor":30,"gold_loss":0}],"is_beta":false,"boss_relics":[{"not_picked":["Astrolabe","Coffee Dripper"],"picked":"Eternal Feather"}],"items_purged_floors":[],"is_endless":false,"potions_floor_spawned":[1,3,4,14,16,19,22],"killed_by":"Champ","ascension_level":0}