{"gold_per_floor":[11,31,51,51,51,51,86,86,110,129,129,129,54,65,65,162,162,173,28,28,40,50,50,65,80,80,98,109,109,126,145,145,242,242,257,257,257,61,71,88,88,107,107,107,127,143,18,18,18,18],"floor_reached":51,"playtime":3748,"items_purged":["Defend_B","Defend_B","Defend_B"],"score":730,"play_id":"39c27198-afa1-48bc-a56e-c2e720a1b8bc","local_time":"20190203223614","is_ascension_mode":false,"campfire_choices":[{"data":"Zap","floor":6,"key":"SMITH"},{"data":"Hologram","floor":8,"key":"SMITH"},{"data":"Defend_B","floor":11,"key":"SMITH"},{"data":"Go for the Eyes","floor":15,"key":"SMITH"},{"data":"Beam Cell","floor":23,"key":"SMITH"},{"floor":32,"key":"REST"},{"data":"Metamorphosis","floor":41,"key":"SMITH"},{"floor":49,"key":"REST"}],"neow_cost":"NO_GOLD","seed_source_timestamp":36190050463870,"circlet_count":0,"master_deck":["Strike_B+1","Defend_B+1","Zap+1","Dualcast+1","Hologram+1","Go for the Eyes+1","All For One","FTL","Beam Cell+1","Scrape+1","Metamorphosis+1","Echo Form","Redo+1"],"relics":["Cracked Core","Art of War","Omamori","Cursed Key","Enchiridion","Nuclear Battery","Bottled Lightning"],"potions_floor_usage":[33,33,33,33,50,50,50],"damage_taken":[{"damage":0,"enemies":"2 Louse","floor":1,"turns":5},{"damage":3,"enemies":"Small Slimes","floor":2,"turns":4},{"damage":0,"enemies":"Jaw Worm","floor":3,"turns":6},{"damage":21,"enemies":"Lagavulin","floor":7,"turns":6},{"damage":0,"enemies":"3 Louse","floor":10,"turns":4},{"damage":0,"enemies":"Exordium Thugs","floor":14,"turns":4},{"damage":21,"enemies":"Slime Boss","floor":16,"turns":10},{"damage":3,"enemies":"Shell Parasite","floor":18,"turns":4},{"damage":4,"enemies":"2 Thieves","floor":21,"turns":3},{"damage":7,"enemies":"Centurion and Healer","floor":22,"turns":3},{"damage":1,"enemies":"Snecko","floor":24,"turns":3},{"damage":10,"enemies":"Sentry and Sphere","floor":25,"turns":3},{"damage":0,"enemies":"Cultist and Chosen","floor":27,"turns":4},{"damage":10,"enemies":"Snecko","floor":28,"turns":4},{"damage":14,"enemies":"Shelled Parasite and Fungi","floor":30,"turns":4},{"damage":7,"enemies":"Snake Plant","floor":31,"turns":3},{"damage":8,"enemies":"Champ","floor":33,"turns":5},{"damage":0,"enemies":"3 Shapes","floor":35,"turns":4},{"damage":8,"enemies":"3 Darklings","floor":39,"turns":2},{"damage":0,"enemies":"Transient","floor":40,"turns":5},{"damage":6,"enemies":"Writhing Mass","floor":42,"turns":3},{"damage":10,"enemies":"Sphere and 2 Shapes","floor":45,"turns":2},{"damage":7,"enemies":"Transient","floor":46,"turns":5},{"damage":46,"enemies":"Awakened One","floor":50,"turns":7}],"seed_played":"121604161735640971","potions_obtained":[{"floor":2,"key":"Weak Potion"},{"floor":3,"key":"Dexterity Potion"},{"floor":10,"key":"Poison Potion"},{"floor":14,"key":"EntropicBrew"},{"floor":22,"key":"Dexterity Potion"},{"floor":35,"key":"Weak Potion"},{"floor":40,"key":"Energy Potion"},{"floor":45,"key":"Block Potion"}],"is_trial":false,"path_per_floor":["?","?","M","?","$","?","$","?","?","?","?"],"character_chosen":"DEFECT","items_purchased":["Beam Cell","Metamorphosis"],"campfire_rested":2,"item_purchase_floors":[19,38],"current_hp_per_floor":[75,72,72,57,57,57,36,36,36,36,36,41,41,41,41,20,80,77,77,61,57,50,50,49,39,39,39,29,29,15,8,32,24,80,80,80,76,76,68,68,68,62,62,62,52,45,45,45,67,21],"gold":18,"neow_bonus":"REMOVE_TWO","is_prod":false,"is_daily":false,"chose_seed":false,"campfire_upgraded":6,"win_rate":0.0,"timestamp":1549251374,"path_taken":["M","M","M","?","?","R","E","R","T","?","R","?","?","M","R","BOSS","M","$","?","M","M","R","M","M","T","M","M","?","M","M","R","BOSS","M","?","?","$","M","M","R","M","T","?","M","M","$","?","R","BOSS"],"build_version":"2019-01-23","purchased_purges":3,"victory":true,"max_hp_per_floor":[75,75,75,75,75,75,75,75,75,75,75,80,80,80,80,80,80,80,80,80,80,80,80,80,80,80,80,80,80,80,80,80,80,80,80,80,76,76,76,76,76,76,76,76,76,76,76,76,76,76],"card_choices":[{"not_picked":["Leap","Chaos"],"picked":"Hologram","floor":1},{"not_picked":["Stack","Defragment","Rebound"],"picked":"SKIP","floor":2},{"not_picked":["Hologram","Rip and Tear","Doom and Gloom"],"picked":"SKIP","floor":3},{"not_picked":["Redo","Loop","Leap"],"picked":"SKIP","floor":7},{"not_picked":["Ball Lightning","Heatsinks","Lockon"],"picked":"SKIP","floor":10},{"not_picked":["Cold Snap","Loop"],"picked":"Go for the Eyes","floor":14},{"not_picked":["Echo Form","Biased Cognition"],"picked":"All For One","floor":16},{"not_picked":["Sweeping Beam","Redo"],"picked":"FTL","floor":18},{"not_picked":["Loop","Conserve Battery","Hologram"],"picked":"SKIP","floor":21},{"not_picked":["Compile Driver","Rebound","Fission"],"picked":"SKIP","floor":22},{"not_picked":["Coolheaded+1","Rebound+1","Redo"],"picked":"SKIP","floor":24},{"not_picked":["Streamline","Conserve Battery","FTL"],"picked":"SKIP","floor":25},{"not_picked":["Rebound","Barrage+1","Steam Power+1"],"picked":"SKIP","floor":27},{"not_picked":["Rebound","Beam Cell","Force Field"],"picked":"SKIP","floor":28},{"not_picked":["Melter+1","Leap+1"],"picked":"Scrape+1","floor":30},{"not_picked":["Beam Cell","Hologram","Undo"],"picked":"SKIP","floor":31},{"not_picked":["Conserve Battery","Streamline","Hologram+1"],"picked":"SKIP","floor":35},{"not_picked":["Stack+1","Consume","Defragment"],"picked":"SKIP","floor":39},{"not_picked":["Ball Lightning+1","Steam Power+1"],"picked":"Echo Form","floor":40},{"not_picked":["Coolheaded+1","Steam+1"],"picked":"Redo+1","floor":42},{"not_picked":["Conserve Battery+1","Leap","Compile Driver"],"picked":"SKIP","floor":45},{"not_picked":["FTL","White Noise","Hello World"],"picked":"SKIP","floor":46}],"player_experience":97744,"relics_obtained":[{"floor":7,"key":"Art of War"},{"floor":9,"key":"Omamori"},{"floor":20,"key":"Enchiridion"},{"floor":43,"key":"Bottled Lightning"}],"event_choices":[{"damage_healed":0,"gold_gain":0,"player_choice":"Entered Light","damage_taken":15,"max_hp_gain":0,"max_hp_loss":0,"event_name":"Shining Light","floor":4,"gold_loss":0,"cards_upgraded":["Strike_B","Dualcast"]},{"cards_removed":["Strike_B"],"damage_healed":0,"gold_gain":0,"player_choice":"Forget","damage_taken":0,"max_hp_gain":0,"max_hp_loss":0,"event_name":"Living Wall","floor":5,"gold_loss":0},{"damage_healed":0,"gold_gain":0,"player_choice":"Donut","damage_taken":0,"max_hp_gain":5,"max_hp_loss":0,"event_name":"Big Fish","floor":12,"gold_loss":0},{"damage_healed":0,"gold_gain":0,"player_choice":"Obtained Book","damage_taken":16,"max_hp_gain":0,"max_hp_loss":0,"event_name":"Cursed Tome","floor":20,"gold_loss":0},{"damage_healed":0,"gold_gain":0,"player_choice":"Ignored","damage_taken":0,"max_hp_gain":0,"max_hp_loss":0,"event_name":"Tomb of Lord Red Mask","floor":36,"gold_loss":0},{"damage_healed":0,"gold_gain":0,"player_choice":"Max HP","damage_taken":0,"max_hp_gain":0,"max_hp_loss":4,"event_name":"Winding Halls","floor":37,"gold_loss":0},{"damage_healed":0,"gold_gain":0,"player_choice":"Memory 1","damage_taken":0,"max_hp_gain":0,"max_hp_loss":0,"event_name":"SensoryStone","floor":44,"gold_loss":0},{"damage_healed":0,"gold_gain":0,"player_choice":"Ignored","damage_taken":0,"max_hp_gain":0,"max_hp_loss":0,"event_name":"Mysterious Sphere","floor":48,"gold_loss":0}],"is_beta":false,"boss_relics":[{"not_picked":["Runic Pyramid","Fusion Hammer"],"picked":"Cursed Key"},{"not_picked":["Astrolabe","Busted Crown"],"picked":"Nuclear Battery"}],"items_purged_floors":[13,19,47],"is_endless":false,"potions_floor_spawned":[2,3,10,14,22,24,27,28,35,40,45],"ascension_level":0}