{"gold_per_floor":[15,15,28,44,44,44,60,60,138,156,228,262,213,213,213,310,310,250,269,73,273,174,174,273,273,273,273,297,297,201,214,214,311,361,378,392,392,320,330,330,330,330,330,330,330,345,362,377,377,377],"floor_reached":50,"playtime":5125,"items_purged":[],"score":486,"play_id":"fa5d4b67-eca0-49ad-afa7-4a1747d5fc08","local_time":"20190201095318","is_ascension_mode":false,"campfire_choices":[{"data":"Zap","floor":6,"key":"SMITH"},{"data":"Sunder","floor":8,"key":"SMITH"},{"floor":15,"key":"REST"},{"data":"Consume","floor":23,"key":"SMITH"},{"data":"Echo Form","floor":25,"key":"SMITH"},{"data":"Steam","floor":27,"key":"SMITH"},{"data":"Redo","floor":29,"key":"SMITH"},{"data":"Steam","floor":32,"key":"SMITH"},{"floor":40,"key":"REST"},{"data":"Defragment","floor":44,"key":"SMITH"},{"floor":49,"key":"REST"}],"neow_cost":"NO_GOLD","seed_source_timestamp":47285031900895,"circlet_count":0,"master_deck":["Strike_B","Strike_B+1","Strike_B+1","Strike_B","Defend_B","Defend_B","Defend_B","Defend_B","Zap+1","Dualcast","Steam+1","Leap","Steam+1","Sunder+1","Leap","Echo Form+1","Loop","Consume+1","Sunder+1","Redo+1","Reinforced Body","Lockon","Leap+1","Streamline+1","Conserve Battery","Ball Lightning+1","Conserve Battery","Defragment+1","Leap+1","Ball Lightning+1"],"relics":["Cracked Core","Gremlin Horn","Omamori","Velvet Choker","DollysMirror","Pantograph","Orichalcum","Tiny House","WarpedTongs","Frozen Egg 2"],"potions_floor_usage":[10,16,16,47,50,50],"damage_taken":[{"damage":0,"enemies":"Cultist","floor":1,"turns":4},{"damage":0,"enemies":"Small Slimes","floor":3,"turns":3},{"damage":11,"enemies":"2 Louse","floor":4,"turns":5},{"damage":0,"enemies":"Red Slaver","floor":7,"turns":3},{"damage":4,"enemies":"Exordium Thugs","floor":10,"turns":3},{"damage":21,"enemies":"3 Sentries","floor":12,"turns":7},{"damage":54,"enemies":"Slime Boss","floor":16,"turns":15},{"damage":5,"enemies":"2 Thieves","floor":18,"turns":4},{"damage":6,"enemies":"Shell Parasite","floor":19,"turns":5},{"damage":0,"enemies":"Snecko","floor":31,"turns":5},{"damage":32,"enemies":"Collector","floor":33,"turns":9},{"damage":9,"enemies":"Orb Walker","floor":35,"turns":3},{"damage":8,"enemies":"3 Shapes","floor":36,"turns":5},{"damage":33,"enemies":"Spire Growth","floor":39,"turns":6},{"damage":19,"enemies":"Sphere and 2 Shapes","floor":46,"turns":5},{"damage":9,"enemies":"4 Shapes","floor":47,"turns":6},{"damage":24,"enemies":"Writhing Mass","floor":48,"turns":6},{"damage":74,"enemies":"Time Eater","floor":50,"turns":10}],"seed_played":"4864360094245079513","potions_obtained":[{"floor":1,"key":"PowerPotion"},{"floor":7,"key":"Weak Potion"},{"floor":12,"key":"Regen Potion"},{"floor":31,"key":"Explosive Potion"},{"floor":34,"key":"Ancient Potion"},{"floor":36,"key":"Energy Potion"},{"floor":47,"key":"Strength Potion"}],"is_trial":false,"path_per_floor":["?","?","?","?","?","$","?","T","?","M","?","?","M","M"],"character_chosen":"DEFECT","items_purchased":["Dexterity Potion","DollysMirror","Redo","Reinforced Body","Lockon","Leap","Defragment"],"campfire_rested":3,"item_purchase_floors":[13,20,22,22,30,30,38],"current_hp_per_floor":[89,89,89,78,60,60,60,60,60,56,56,35,35,35,61,22,89,84,78,78,78,78,78,78,78,78,78,78,78,78,78,78,57,94,85,77,77,77,44,72,72,72,72,72,72,53,44,20,48,0],"gold":377,"neow_bonus":"TWENTY_PERCENT_HP_BONUS","is_prod":false,"is_daily":false,"chose_seed":false,"campfire_upgraded":8,"win_rate":0.0,"timestamp":1549025598,"path_taken":["M","?","M","M","?","R","M","R","T","M","?","E","$","?","R","BOSS","M","M","$","?","?","R","?","R","T","R","?","R","$","M","R","BOSS","M","M","?","$","?","R","$","?","T","R","?","M","?","?","R","BOSS"],"build_version":"2019-01-23","purchased_purges":0,"victory":false,"max_hp_per_floor":[89,89,89,89,89,89,89,89,89,89,89,89,89,89,89,89,89,89,89,89,89,89,89,89,89,89,89,89,89,89,89,89,89,94,94,94,94,94,94,94,94,94,94,94,94,94,94,94,94,94],"card_choices":[{"not_picked":["Barrage","Streamline"],"picked":"Steam","floor":1},{"not_picked":["Turbo","Chill"],"picked":"Leap","floor":3},{"not_picked":["Scrape","Rebound"],"picked":"Steam","floor":4},{"not_picked":["Glacier","Undo"],"picked":"Sunder","floor":7},{"not_picked":["Machine Learning","Barrage","Scrape"],"picked":"SKIP","floor":10},{"not_picked":["Rebound","Hyperbeam"],"picked":"Leap","floor":12},{"not_picked":["Core Surge","All For One"],"picked":"Echo Form","floor":16},{"not_picked":["Barrage","Turbo+1"],"picked":"Loop","floor":18},{"not_picked":["Sweeping Beam+1","Redo"],"picked":"Consume","floor":19},{"not_picked":["Rebound","Rip and Tear"],"picked":"Streamline+1","floor":31},{"not_picked":["Beam Cell","Chaos"],"picked":"Conserve Battery","floor":34},{"not_picked":["Leap","Redo+1"],"picked":"Ball Lightning+1","floor":35},{"not_picked":["Sweeping Beam+1","Barrage+1"],"picked":"Conserve Battery","floor":36},{"not_picked":["Coolheaded+1","Loop+1"],"picked":"Leap+1","floor":39},{"not_picked":["Leap","Hologram"],"picked":"Ball Lightning+1","floor":46},{"not_picked":["Rip and Tear+1","Coolheaded","Sweeping Beam"],"picked":"SKIP","floor":47},{"not_picked":["Aggregate","Doom and Gloom","Scrape"],"picked":"SKIP","floor":48}],"player_experience":64090,"relics_obtained":[{"floor":9,"key":"Gremlin Horn"},{"floor":12,"key":"Omamori"},{"floor":26,"key":"Pantograph"},{"floor":28,"key":"Orichalcum"},{"floor":43,"key":"Frozen Egg 2"}],"event_choices":[{"damage_healed":0,"gold_gain":0,"player_choice":"Leave","damage_taken":0,"max_hp_gain":0,"max_hp_loss":0,"event_name":"The Cleric","floor":2,"gold_loss":0},{"damage_healed":0,"gold_gain":0,"player_choice":"Entered Light","damage_taken":18,"max_hp_gain":0,"max_hp_loss":0,"event_name":"Shining Light","floor":5,"gold_loss":0,"cards_upgraded":["Strike_B","Strike_B"]},{"damage_healed":0,"gold_gain":72,"player_choice":"Gained Gold","damage_taken":0,"max_hp_gain":0,"max_hp_loss":0,"event_name":"Golden Wing","floor":11,"gold_loss":0},{"damage_healed":0,"gold_gain":0,"player_choice":"Ignored","damage_taken":0,"max_hp_gain":0,"max_hp_loss":0,"event_name":"NoteForYourself","floor":14,"gold_loss":0},{"damage_healed":0,"gold_gain":200,"player_choice":"Gold","damage_taken":0,"max_hp_gain":0,"max_hp_loss":0,"event_name":"Wheel of Change","floor":21,"gold_loss":0},{"damage_healed":0,"gold_gain":99,"player_choice":"Stole From Cult","damage_taken":0,"max_hp_gain":0,"max_hp_loss":0,"event_name":"Nest","floor":24,"gold_loss":0},{"damage_healed":0,"gold_gain":0,"player_choice":"Rummage","damage_taken":0,"relics_obtained":["WarpedTongs"],"max_hp_gain":0,"max_hp_loss":0,"event_name":"Accursed Blacksmith","floor":37,"gold_loss":0,"cards_obtained":["Pain"]},{"damage_healed":0,"gold_gain":0,"player_choice":"Ignored","damage_taken":0,"max_hp_gain":0,"max_hp_loss":0,"event_name":"Tomb of Lord Red Mask","floor":42,"gold_loss":0},{"damage_healed":0,"gold_gain":0,"player_choice":"Memory 1","damage_taken":0,"max_hp_gain":0,"max_hp_loss":0,"event_name":"SensoryStone","floor":45,"gold_loss":0}],"is_beta":false,"boss_relics":[{"not_picked":["Snecko Eye","White Beast Statue"],"picked":"Velvet Choker"},{"not_picked":["Sozu","Fusion Hammer"],"picked":"Tiny House"}],"items_purged_floors":[],"is_endless":false,"potions_floor_spawned":[1,7,12,31,36,39,47,48],"killed_by":"Time Eater","ascension_level":0}