{"gold_per_floor":[118,3,19,33,33,33,68,68,68,84,96,96,106,123,123,123],"floor_reached":16,"playtime":491,"items_purged":["Strike_B"],"score":104,"play_id":"6beb7110-4e4f-447b-8b65-13a28c9cdd96","local_time":"20180709133159","is_ascension_mode":false,"campfire_choices":[{"data":"FTL","floor":6,"key":"SMITH"},{"data":"Thunder Strike","floor":8,"key":"SMITH"},{"floor":15,"key":"REST"}],"neow_cost":"TEN_PERCENT_HP_LOSS","seed_source_timestamp":1597131750571902,"circlet_count":0,"master_deck":["Strike_B","Strike_B","Strike_B","Defend_B","Defend_B","Zap","Dualcast","Undo","Redo","FTL+1","Redo","Thunder Strike+1","Redo","Coolheaded"],"relics":["Cracked Core","Torii","Gremlin Horn"],"potions_floor_usage":[7,13,16,16],"damage_taken":[{"damage":6,"enemies":"Cultist","floor":1,"turns":3},{"damage":0,"enemies":"Small Slimes","floor":3,"turns":3},{"damage":1,"enemies":"Jaw Worm","floor":4,"turns":4},{"damage":18,"enemies":"Gremlin Nob","floor":7,"turns":3},{"damage":3,"enemies":"Gremlin Gang","floor":10,"turns":3},{"damage":23,"enemies":"Exordium Wildlife","floor":11,"turns":4},{"damage":10,"enemies":"Looter","floor":13,"turns":3},{"damage":0,"enemies":"3 Louse","floor":14,"turns":2},{"damage":33,"enemies":"Hexaghost","floor":16,"turns":11}],"seed_played":"-3276353032115987285","potions_obtained":[{"floor":1,"key":"Strength Potion"},{"floor":3,"key":"LiquidBronze"},{"floor":13,"key":"SpeedPotion"},{"floor":14,"key":"Fruit Juice"}],"is_trial":false,"path_per_floor":["M","$","M","M","$","R","E","R","T","M","M","?","M","M","R"],"character_chosen":"DEFECT","items_purchased":["FTL"],"campfire_rested":1,"item_purchase_floors":[2],"current_hp_per_floor":[62,62,62,61,61,61,43,43,43,40,17,17,7,7,27,0],"gold":123,"neow_bonus":"TRANSFORM_TWO_CARDS","is_prod":false,"is_daily":false,"chose_seed":false,"campfire_upgraded":2,"win_rate":0.0,"timestamp":1531157519,"path_taken":["M","$","?","M","$","R","E","R","T","M","M","?","M","M","R","BOSS"],"build_version":"2018-07-05","purchased_purges":1,"victory":false,"max_hp_per_floor":[68,68,68,68,68,68,68,68,68,68,68,68,68,68,68,73],"card_choices":[{"not_picked":["Heatsinks","White Noise","Turbo"],"picked":"SKIP","floor":1},{"not_picked":["Stack","Beam Cell"],"picked":"Redo","floor":3},{"not_picked":["Sweeping Beam","Force Field"],"picked":"Thunder Strike","floor":4},{"not_picked":["Stack","Compile Driver"],"picked":"Redo","floor":7},{"not_picked":["Leap","Blizzard","Sunder"],"picked":"SKIP","floor":10},{"not_picked":["Redo","Recycle","Heatsinks"],"picked":"SKIP","floor":11},{"not_picked":["Sweeping Beam","FTL"],"picked":"Coolheaded","floor":13},{"not_picked":["Turbo","Compile Driver","Conserve Battery"],"picked":"SKIP","floor":14}],"player_experience":149415,"relics_obtained":[{"floor":7,"key":"Torii"},{"floor":9,"key":"Gremlin Horn"}],"event_choices":[{"event_name":"Shining Light","player_choice":"Ignored","floor":12,"damage_taken":0}],"boss_relics":[],"items_purged_floors":[2],"is_endless":false,"potions_floor_spawned":[1,3,13,14],"killed_by":"Hexaghost","ascension_level":0}