{"gold_per_floor":[109,109,119,149,162,162,196,223,258,270,298,310,337,349,361,373],"floor_reached":16,"playtime":584,"items_purged":[],"score":102,"play_id":"aa93851b-694c-4c32-a8c1-68b309f90c96","local_time":"20180730155956","is_ascension_mode":false,"campfire_choices":[{"data":"Infinite Blades","floor":6,"key":"SMITH"},{"floor":10,"key":"REST"},{"floor":12,"key":"REST"},{"floor":15,"key":"REST"}],"neow_cost":"","seed_source_timestamp":1670055512441418,"circlet_count":0,"master_deck":["Defend_G","Defend_G","Defend_G","Defend_G","Strike_G","Strike_G","Strike_G","Strike_G","Strike_G","Survivor","Neutralize","Infinite Blades+1","Backflip","Cloak And Dagger","Cloak And Dagger"],"relics":["Ring of the Snake","Tiny Chest","MawBank","Lantern"],"potions_floor_usage":[16,16],"damage_taken":[{"damage":15,"enemies":"Small Slimes","floor":1,"turns":4},{"damage":5,"enemies":"2 Louse","floor":3,"turns":2},{"damage":1,"enemies":"Cultist","floor":5,"turns":4},{"damage":31,"enemies":"Gremlin Nob","floor":7,"turns":5},{"damage":7,"enemies":"Blue Slaver","floor":8,"turns":4},{"damage":0,"enemies":"Exordium Wildlife","floor":11,"turns":3},{"damage":14,"enemies":"Exordium Thugs","floor":13,"turns":5},{"damage":34,"enemies":"The Guardian","floor":16,"turns":12}],"seed_played":"1110681908585635276","potions_obtained":[{"floor":1,"key":"Ancient Potion"},{"floor":11,"key":"Energy Potion"},{"floor":13,"key":"Energy Potion"}],"is_trial":false,"path_per_floor":["M","?","M","?","M","R","E","M","T","R","M","R","M","$","R"],"character_chosen":"THE_SILENT","items_purchased":[],"campfire_rested":3,"item_purchase_floors":[],"current_hp_per_floor":[55,55,50,43,42,42,11,4,4,25,25,46,32,32,53,19],"gold":373,"neow_bonus":"","is_prod":false,"is_daily":false,"chose_seed":false,"campfire_upgraded":1,"win_rate":0,"timestamp":1532980796,"path_taken":["M","?","M","?","M","R","E","?","T","R","?","R","M","$","R","BOSS"],"build_version":"2018-07-26","purchased_purges":0,"victory":false,"max_hp_per_floor":[70,70,70,70,70,70,70,70,70,70,70,70,70,70,70,70],"card_choices":[{"not_picked":["Setup","Masterful Stab"],"picked":"Infinite Blades","floor":1},{"not_picked":["Poisoned Stab","Sucker Punch"],"picked":"Backflip","floor":3},{"not_picked":["Dodge and Roll","Accuracy","Distraction"],"picked":"SKIP","floor":5},{"not_picked":["All Out Attack","Choke","Sucker Punch"],"picked":"SKIP","floor":7},{"not_picked":["Concentrate","Deadly Poison","Bouncing Flask"],"picked":"SKIP","floor":8},{"not_picked":["Caltrops","Deadly Poison"],"picked":"Cloak And Dagger","floor":11},{"not_picked":["Underhanded Strike","Quick Slash"],"picked":"Cloak And Dagger","floor":13}],"player_experience":288334,"relics_obtained":[{"floor":7,"key":"MawBank"},{"floor":9,"key":"Lantern"}],"event_choices":[{"event_name":"Living Wall","player_choice":"Forget","floor":2,"damage_taken":0},{"event_name":"Scrap Ooze","player_choice":"success","floor":4,"damage_taken":7}],"is_beta":false,"boss_relics":[],"items_purged_floors":[],"is_endless":false,"potions_floor_spawned":[1,11,13],"killed_by":"The Guardian","ascension_level":0}