{"gold_per_floor":[211,10,10,28,38,64,76,98,134,146,83,103,103,119,119,119],"floor_reached":16,"playtime":858,"items_purged":["Parasite"],"score":102,"play_id":"ce3d3bcc-34d5-4c97-a7da-3c9dcbdaa0a9","local_time":"20190308150110","is_ascension_mode":false,"campfire_choices":[{"floor":7,"key":"REST"},{"data":"Backflip","floor":13,"key":"SMITH"},{"data":"Dagger Spray","floor":15,"key":"SMITH"}],"neow_cost":"NONE","seed_source_timestamp":6455189518848020,"circlet_count":0,"master_deck":["Strike_R","Strike_R","Strike_R","Strike_R","Strike_R","Defend_R","Defend_R","Defend_R","Bash","Shrug It Off","Rebound","Dagger Spray+1","Beam Cell","Backflip+1"],"relics":["Burning Blood","PrismaticShard","MawBank","Art of War"],"potions_floor_usage":[5],"damage_taken":[{"damage":0,"enemies":"Small Slimes","floor":1,"turns":3},{"damage":3,"enemies":"2 Louse","floor":4,"turns":3},{"damage":0,"enemies":"Jaw Worm","floor":5,"turns":2},{"damage":54,"enemies":"Lagavulin","floor":6,"turns":6},{"damage":11,"enemies":"Blue Slaver","floor":8,"turns":3},{"damage":0,"enemies":"Exordium Wildlife","floor":12,"turns":3},{"damage":12,"enemies":"Exordium Thugs","floor":14,"turns":4},{"damage":80,"enemies":"The Guardian","floor":16,"turns":9}],"seed_played":"-1218536955144165435","potions_obtained":[{"floor":4,"key":"Block Potion"},{"floor":8,"key":"FearPotion"},{"floor":12,"key":"FairyPotion"}],"is_trial":false,"path_per_floor":["M","$","?","M","M","E","R","M","T","?","$","M","R","M","R","B"],"character_chosen":"IRONCLAD","items_purchased":["PrismaticShard"],"campfire_rested":1,"item_purchase_floors":[2],"current_hp_per_floor":[80,80,80,80,80,32,56,51,51,71,71,77,77,71,71,0],"gold":119,"neow_bonus":"HUNDRED_GOLD","is_prod":false,"is_daily":false,"chose_seed":false,"campfire_upgraded":2,"win_rate":0,"timestamp":1552075270,"path_taken":["M","$","?","M","M","E","R","M","T","?","$","M","R","M","R","BOSS"],"build_version":"2019-01-23","purchased_purges":1,"victory":false,"max_hp_per_floor":[80,80,80,80,80,80,80,80,80,80,77,77,77,77,77,77],"card_choices":[{"not_picked":["Sword Boomerang","Rupture"],"picked":"Shrug It Off","floor":1},{"not_picked":["Sever Soul","Cold Snap"],"picked":"Rebound","floor":4},{"not_picked":["Capacitor","Metallicize"],"picked":"Dagger Spray","floor":5},{"not_picked":["Blur","Self Repair"],"picked":"Beam Cell","floor":6},{"not_picked":["Discovery","Warcry","Clothesline"],"picked":"SKIP","floor":8},{"not_picked":["Steam","Deadly Poison"],"picked":"Backflip","floor":12},{"not_picked":["Gash","Iron Wave","Twin Strike"],"picked":"SKIP","floor":14}],"player_experience":454337,"relics_obtained":[{"floor":6,"key":"MawBank"},{"floor":9,"key":"Art of War"}],"event_choices":[{"cards_removed":["Defend_R"],"damage_healed":0,"gold_gain":0,"player_choice":"Forget","damage_taken":0,"max_hp_gain":0,"max_hp_loss":0,"event_name":"Living Wall","floor":3,"gold_loss":0},{"damage_healed":20,"gold_gain":0,"player_choice":"Healed and dodged fight","damage_taken":0,"max_hp_gain":0,"max_hp_loss":0,"event_name":"Mushrooms","floor":10,"gold_loss":0,"cards_obtained":["Parasite"]}],"is_beta":false,"boss_relics":[],"items_purged_floors":[11],"is_endless":false,"potions_floor_spawned":[4,8,12],"killed_by":"The Guardian","ascension_level":0}