{"gold_per_floor":[119,69,169,169,185,211,231,251,276,133,165,17,42,58,58,161,161,177,3,3,17,17,17,44,44,94,120,149,161,189,227,239,251],"floor_reached":33,"playtime":1085,"items_purged":["Strike_G","Defend_G","Strike_G"],"score":315,"play_id":"396a265b-20eb-4887-98bc-99e14b5052d5","local_time":"20180925135037","is_ascension_mode":true,"campfire_choices":[{"floor":15,"key":"REST"},{"data":"Blade Dance","floor":23,"key":"SMITH"},{"data":"Infinite Blades","floor":29,"key":"SMITH"},{"floor":32,"key":"REST"}],"neow_cost":"NONE","seed_source_timestamp":354808151959334,"circlet_count":0,"master_deck":["Defend_G+1","Defend_G+1","Strike_G","Strike_G","Strike_G+1","Survivor","Neutralize+1","Blade Dance+1","Backstab","Infinite Blades+1","Blade Dance+1","Endless Agony+1"],"relics":["Ring of the Snake","NeowsBlessing","Whetstone","Orichalcum","War Paint","PreservedInsect","WristBlade","Strawberry","MawBank","Art of War"],"potions_floor_usage":[8,16,16,21,27,30,30,33],"damage_taken":[{"damage":0,"enemies":"2 Louse","floor":1,"turns":1},{"damage":0,"enemies":"Small Slimes","floor":5,"turns":1},{"damage":0,"enemies":"Gremlin Nob","floor":6,"turns":1},{"damage":0,"enemies":"Jaw Worm","floor":7,"turns":2},{"damage":4,"enemies":"Blue Slaver","floor":8,"turns":2},{"damage":18,"enemies":"Lagavulin","floor":11,"turns":7},{"damage":2,"enemies":"Gremlin Gang","floor":14,"turns":3},{"damage":10,"enemies":"Hexaghost","floor":16,"turns":8},{"damage":2,"enemies":"Spheric Guardian","floor":18,"turns":3},{"damage":0,"enemies":"Chosen","floor":21,"turns":3},{"damage":4,"enemies":"Book of Stabbing","floor":24,"turns":3},{"damage":12,"enemies":"Centurion and Healer","floor":27,"turns":3},{"damage":9,"enemies":"Shelled Parasite and Fungi","floor":28,"turns":3},{"damage":0,"enemies":"Snecko","floor":30,"turns":2},{"damage":77,"enemies":"Automaton","floor":33,"turns":8}],"seed_played":"-3044750400580798200","potions_obtained":[{"floor":6,"key":"Strength Potion"},{"floor":11,"key":"Weak Potion"},{"floor":14,"key":"Fire Potion"},{"floor":18,"key":"Swift Potion"},{"floor":28,"key":"GamblersBrew"},{"floor":30,"key":"Poison Potion"}],"is_trial":false,"path_per_floor":["M","?","?","?","M","E","M","M","T","$","E","$","T","M","R","B",null,"M","$","?","M","?","R","E","?","T","M","M","R","M","T","R"],"character_chosen":"THE_SILENT","items_purchased":["Infinite Blades","SkillPotion","Explosive Potion"],"campfire_rested":2,"item_purchase_floors":[10,12,19],"current_hp_per_floor":[70,70,70,70,70,70,70,66,66,66,48,48,48,46,67,57,70,68,68,68,68,68,68,71,71,71,59,50,50,50,50,73,0],"gold":251,"neow_bonus":"THREE_ENEMY_KILL","is_prod":false,"is_daily":false,"chose_seed":false,"campfire_upgraded":2,"win_rate":0,"timestamp":1537897837,"path_taken":["M","?","?","?","M","E","M","M","T","$","E","?","?","?","R","BOSS","M","$","?","M","?","R","E","?","T","M","M","R","?","?","R","BOSS"],"build_version":"2018-09-20","purchased_purges":3,"victory":false,"max_hp_per_floor":[70,70,70,70,70,70,70,70,70,70,70,70,70,70,70,70,70,70,70,70,70,70,70,77,77,77,77,77,77,77,77,77,77],"card_choices":[{"not_picked":["Bane","All Out Attack"],"picked":"Blade Dance","floor":1},{"not_picked":["Dodge and Roll","Caltrops","Poisoned Stab"],"picked":"SKIP","floor":5},{"not_picked":["Bane","Heel Hook","Expertise"],"picked":"SKIP","floor":6},{"not_picked":["PiercingWail","Escape Plan"],"picked":"Backstab","floor":7},{"not_picked":["PiercingWail","Sucker Punch","Dagger Throw"],"picked":"SKIP","floor":8},{"not_picked":["Dagger Spray","Deadly Poison","Poisoned Stab"],"picked":"SKIP","floor":11},{"not_picked":["Dodge and Roll","Burst","Sucker Punch"],"picked":"SKIP","floor":14},{"not_picked":["Dash","Outmaneuver"],"picked":"Blade Dance","floor":18},{"not_picked":["Well Laid Plans","Escape Plan"],"picked":"Endless Agony+1","floor":21},{"not_picked":["Acrobatics","Prepared+1","Crippling Poison"],"picked":"SKIP","floor":24},{"not_picked":["Dash+1","Blur+1","Underhanded Strike"],"picked":"SKIP","floor":27},{"not_picked":["Poisoned Stab","Noxious Fumes+1","Dash"],"picked":"SKIP","floor":28},{"not_picked":["Outmaneuver","Slice","All Out Attack"],"picked":"SKIP","floor":30}],"player_experience":410339,"relics_obtained":[{"floor":6,"key":"Whetstone"},{"floor":9,"key":"Orichalcum"},{"floor":11,"key":"War Paint"},{"floor":13,"key":"PreservedInsect"},{"floor":24,"key":"Strawberry"},{"floor":26,"key":"MawBank"},{"floor":31,"key":"Art of War"}],"event_choices":[{"event_name":"The Cleric","player_choice":"Card Removal","floor":2,"damage_taken":0},{"event_name":"Golden Shrine","player_choice":"Pray","floor":3,"damage_taken":0},{"event_name":"Living Wall","player_choice":"Forget","floor":4,"damage_taken":0},{"event_name":"Accursed Blacksmith","player_choice":"Forge","floor":20,"damage_taken":0},{"event_name":"Ghosts","player_choice":"Ignored","floor":22,"damage_taken":0},{"event_name":"Vampires","player_choice":"Ignored","floor":25,"damage_taken":0}],"is_beta":false,"boss_relics":[{"not_picked":["Lizard Tail","Pandora\u0027s Box"],"picked":"WristBlade"}],"items_purged_floors":[10,12,19],"is_endless":false,"potions_floor_spawned":[5,6,11,14,18,28,30],"killed_by":"Automaton","ascension_level":1}