{"gold_per_floor":[113,9,29,304,315,350,350,382,382,382,398,398,433,13,13,113,113,123,123,12,23,23,54,54,86,86,102,102,102,117,117,117,117],"floor_reached":33,"playtime":1639,"items_purged":["Regret"],"score":369,"play_id":"1a1be715-d0fe-4a33-a1ed-de17b2adcd4d","local_time":"20190328131403","is_ascension_mode":true,"campfire_choices":[{"data":"Deadly Poison","floor":7,"key":"SMITH"},{"floor":10,"key":"REST"},{"data":"Crippling Poison","floor":12,"key":"SMITH"},{"floor":15,"key":"REST"},{"data":"Catalyst","floor":24,"key":"SMITH"},{"floor":29,"key":"RECALL"},{"data":"Burst","floor":32,"key":"SMITH"}],"neow_cost":"NONE","seed_source_timestamp":8172430909355427,"circlet_count":0,"master_deck":["Defend_G+1","Defend_G+1","Defend_G+1","Defend_G+1","Defend_G+1","Strike_G+1","Strike_G+1","Strike_G+1","Strike_G+1","Strike_G+1","Survivor","Neutralize","Dagger Throw","Backstab","Well Laid Plans","Malaise","Deadly Poison+1","Crippling Poison+1","Flying Knee","Glass Knife","Poisoned Stab","Burst+1","Catalyst+1","Backstab","Noxious Fumes","All Out Attack"],"relics":["Ring of the Snake","NeowsBlessing","Singing Bowl","Nunchaku","Calipers","Strawberry","Membership Card","Centennial Puzzle","Anchor","Eternal Feather","Incense Burner","Dream Catcher"],"potions_floor_usage":[6,16,18,22,33,33],"damage_taken":[{"damage":0,"enemies":"Cultist","floor":1,"turns":1},{"damage":0,"enemies":"Small Slimes","floor":3,"turns":1},{"damage":0,"enemies":"Jaw Worm","floor":5,"turns":1},{"damage":20,"enemies":"Lagavulin","floor":6,"turns":14},{"damage":21,"enemies":"Gremlin Nob","floor":8,"turns":4},{"damage":5,"enemies":"Lots of Slimes","floor":11,"turns":3},{"damage":23,"enemies":"3 Sentries","floor":13,"turns":9},{"damage":15,"enemies":"Hexaghost","floor":16,"turns":8},{"damage":0,"enemies":"Chosen","floor":18,"turns":5},{"damage":12,"enemies":"Shell Parasite","floor":21,"turns":4},{"damage":0,"enemies":"Chosen and Byrds","floor":22,"turns":1},{"damage":33,"enemies":"Slavers","floor":23,"turns":8},{"damage":19,"enemies":"Gremlin Leader","floor":25,"turns":4},{"damage":4,"enemies":"3 Cultists","floor":27,"turns":5},{"damage":7,"enemies":"Sentry and Sphere","floor":30,"turns":4},{"damage":63,"enemies":"Champ","floor":33,"turns":9}],"seed_played":"9182423325188234910","potions_obtained":[{"floor":5,"key":"Ancient Potion"},{"floor":11,"key":"SkillPotion"},{"floor":13,"key":"Block Potion"},{"floor":21,"key":"SmokeBomb"},{"floor":28,"key":"Fruit Juice"},{"floor":28,"key":"Weak Potion"},{"floor":30,"key":"PowerPotion"}],"is_trial":false,"path_per_floor":["M","$","M","?","M","E","R","E","T","R","M","R","E","$","R","B",null,"M","?","$","M","M","E","R","E","T","M","?","R","M","$","R","B"],"character_chosen":"THE_SILENT","items_purchased":["Backstab","Well Laid Plans","Membership Card","Centennial Puzzle","Anchor","Poisoned Stab","Catalyst","Backstab","Noxious Fumes"],"campfire_rested":2,"item_purchase_floors":[2,2,14,14,14,14,20,20,20],"current_hp_per_floor":[70,70,70,70,70,50,50,29,29,50,45,45,29,29,52,37,77,79,79,79,69,69,36,51,34,34,32,32,47,42,42,57,0],"gold":117,"neow_bonus":"THREE_ENEMY_KILL","is_prod":false,"is_daily":false,"chose_seed":false,"campfire_upgraded":4,"win_rate":0,"timestamp":1553793243,"path_taken":["M","$","M","?","?","E","R","E","T","R","M","R","E","$","R","BOSS","M","?","?","M","M","E","R","E","T","?","?","R","M","$","R","BOSS"],"build_version":"2019-01-23","purchased_purges":1,"victory":false,"max_hp_per_floor":[70,70,70,70,70,70,70,70,70,70,70,70,77,77,77,77,77,79,79,79,81,81,81,81,83,83,85,85,85,87,87,87,87],"card_choices":[{"not_picked":["Riddle With Holes","Concentrate"],"picked":"Dagger Throw","floor":1},{"not_picked":["Dagger Throw","Bane","Choke"],"picked":"SKIP","floor":3},{"not_picked":["Terror","Sucker Punch"],"picked":"Malaise","floor":5},{"not_picked":["Night Terror","Blur"],"picked":"Deadly Poison","floor":6},{"not_picked":["Grand Finale","Predator"],"picked":"Crippling Poison","floor":8},{"not_picked":["Crippling Poison","Outmaneuver"],"picked":"Flying Knee","floor":11},{"not_picked":["Cloak And Dagger","Crippling Poison"],"picked":"Glass Knife","floor":13},{"not_picked":["Glass Knife","Storm of Steel"],"picked":"Burst","floor":16},{"not_picked":["Slice+1","Outmaneuver+1","Leg Sweep"],"picked":"Singing Bowl","floor":18},{"not_picked":["Dagger Spray","Flying Knee","Dodge and Roll"],"picked":"Singing Bowl","floor":21},{"not_picked":["Escape Plan","Deflect"],"picked":"All Out Attack","floor":23},{"not_picked":["Reflex+1","Storm of Steel","Acrobatics"],"picked":"Singing Bowl","floor":25},{"not_picked":["Cloak And Dagger","Dagger Throw","Prepared"],"picked":"Singing Bowl","floor":27},{"not_picked":["Cloak And Dagger+1","Slice","Flying Knee"],"picked":"Singing Bowl","floor":30}],"player_experience":576656,"relics_obtained":[{"floor":6,"key":"Singing Bowl"},{"floor":8,"key":"Nunchaku"},{"floor":9,"key":"Calipers"},{"floor":13,"key":"Strawberry"},{"floor":23,"key":"Incense Burner"},{"floor":25,"key":"Dream Catcher"}],"event_choices":[{"damage_healed":0,"gold_gain":275,"player_choice":"Desecrate","damage_taken":0,"max_hp_gain":0,"max_hp_loss":0,"event_name":"Golden Shrine","floor":4,"gold_loss":0,"cards_obtained":["Regret"]},{"damage_healed":0,"gold_gain":0,"player_choice":"Simplicity","damage_taken":0,"max_hp_gain":0,"max_hp_loss":0,"event_name":"Back to Basics","floor":19,"gold_loss":0,"cards_upgraded":["Defend_G","Defend_G","Defend_G","Defend_G","Defend_G","Strike_G","Strike_G","Strike_G","Strike_G","Strike_G"]},{"damage_healed":0,"gold_gain":0,"player_choice":"Got Potions","damage_taken":0,"max_hp_gain":0,"max_hp_loss":0,"event_name":"Lab","floor":28,"gold_loss":0}],"is_beta":false,"boss_relics":[{"not_picked":["WristBlade","HoveringKite"],"picked":"Eternal Feather"}],"items_purged_floors":[14],"is_endless":false,"potions_floor_spawned":[5,11,13,21,22,30],"killed_by":"Champ","ascension_level":1}