{"gold_per_floor":[109,109,123,48,58,86,102,102],"floor_reached":8,"playtime":329,"items_purged":["Defend_G"],"score":58,"play_id":"a8ad64a0-ad76-40c0-adf0-8632363b66c6","local_time":"20180707020812","is_ascension_mode":false,"campfire_choices":[],"neow_cost":"TEN_PERCENT_HP_LOSS","seed_source_timestamp":1383463562903582,"circlet_count":0,"master_deck":["Defend_G+1","Defend_G+1","Strike_G","Strike_G","Strike_G","Strike_G","Strike_G","Survivor","Neutralize","All Out Attack","Caltrops","Caltrops","Bouncing Flask","Flying Knee","Infinite Blades","Blade Dance"],"relics":["Ring of the Snake","Prayer Wheel","War Paint"],"potions_floor_usage":[7,8],"damage_taken":[{"damage":6,"enemies":"Cultist","floor":1,"turns":3},{"damage":8,"enemies":"Jaw Worm","floor":3,"turns":4},{"damage":5,"enemies":"2 Louse","floor":5,"turns":1},{"damage":25,"enemies":"Gremlin Nob","floor":6,"turns":4},{"damage":13,"enemies":"Lots of Slimes","floor":7,"turns":3},{"damage":10,"enemies":"Lagavulin","floor":8,"turns":2}],"seed_played":"-7371325885129103207","potions_obtained":[{"floor":1,"key":"FearPotion"},{"floor":6,"key":"Block Potion"}],"is_trial":false,"path_per_floor":["M","T","M","$","M","E","M"],"character_chosen":"THE_SILENT","items_purchased":[],"campfire_rested":0,"item_purchase_floors":[],"current_hp_per_floor":[57,57,49,49,44,19,6,0],"gold":102,"neow_bonus":"TRANSFORM_TWO_CARDS","is_prod":false,"is_daily":false,"chose_seed":false,"campfire_upgraded":0,"win_rate":0.0,"timestamp":1530943692,"path_taken":["M","?","M","$","M","E","M","E"],"build_version":"2018-07-05","purchased_purges":1,"victory":false,"max_hp_per_floor":[63,63,63,63,63,63,63,63],"card_choices":[{"not_picked":["Dodge and Roll","Malaise"],"picked":"Caltrops","floor":1},{"not_picked":["Acrobatics","Deflect"],"picked":"Bouncing Flask","floor":3},{"not_picked":["Crippling Poison","All Out Attack","Flechettes"],"picked":"SKIP","floor":3},{"not_picked":["All Out Attack","PiercingWail"],"picked":"Flying Knee","floor":5},{"not_picked":["Die Die Die","Choke","Dagger Throw"],"picked":"SKIP","floor":5},{"not_picked":["Dash","Backflip"],"picked":"Infinite Blades","floor":6},{"not_picked":["Dagger Throw","Infinite Blades"],"picked":"Blade Dance","floor":7},{"not_picked":["Poisoned Stab","Acrobatics","Bane"],"picked":"SKIP","floor":7}],"player_experience":108986,"relics_obtained":[{"floor":2,"key":"Prayer Wheel"},{"floor":6,"key":"War Paint"}],"event_choices":[],"boss_relics":[],"items_purged_floors":[4],"is_endless":false,"potions_floor_spawned":[1,6],"killed_by":"Lagavulin","ascension_level":0}