{"gold_per_floor":[111,186,34,34,48,48,80,94,118,293,141,141,156,156],"floor_reached":14,"playtime":314,"items_purged":["Dualcast"],"score":101,"play_id":"91247342-1304-4add-a09b-c9a64f17ca15","local_time":"20190324230815","is_ascension_mode":true,"campfire_choices":[{"data":"White Noise","floor":6,"key":"SMITH"}],"neow_cost":"NONE","seed_source_timestamp":7863793463853787,"circlet_count":0,"master_deck":["Strike_B","Strike_B","Strike_B","Strike_B","Defend_B","Defend_B","Defend_B","Defend_B","Hello World","Loop","White Noise+1","Heatsinks"],"relics":["Cracked Core","Juzu Bracelet","Bronze Scales","Omamori","Dodecahedron"],"potions_floor_usage":[],"damage_taken":[{"damage":10,"enemies":"Small Slimes","floor":1,"turns":4},{"damage":12,"enemies":"Jaw Worm","floor":5,"turns":3},{"damage":5,"enemies":"Lagavulin","floor":7,"turns":5},{"damage":6,"enemies":"Cultist","floor":8,"turns":3},{"damage":17,"enemies":"Exordium Wildlife","floor":13,"turns":4},{"damage":0,"enemies":"Gremlin Gang","floor":14,"turns":1}],"seed_played":"1678056662278715013","potions_obtained":[{"floor":7,"key":"Weak Potion"}],"is_trial":false,"path_per_floor":["M","?","$","?","M","R","E","M","T","?","$","?","M","M"],"character_chosen":"DEFECT","items_purchased":["Loop","White Noise","Heatsinks"],"campfire_rested":0,"item_purchase_floors":[3,3,11],"current_hp_per_floor":[65,54,54,47,35,35,30,24,24,24,24,24,7,7],"gold":156,"neow_bonus":"RANDOM_COMMON_RELIC","is_prod":false,"is_daily":false,"chose_seed":false,"campfire_upgraded":1,"win_rate":0,"timestamp":1553483295,"path_taken":["M","?","$","?","M","R","E","M","T","?","$","?","M","M"],"build_version":"2019-01-23","purchased_purges":1,"victory":false,"max_hp_per_floor":[75,75,75,75,75,75,75,75,75,75,75,75,75,75],"card_choices":[{"not_picked":["Steam","Tempest"],"picked":"Hello World","floor":1},{"not_picked":["Redo","Doom and Gloom","Reinforced Body"],"picked":"SKIP","floor":5},{"not_picked":["Compile Driver","Beam Cell","Doom and Gloom"],"picked":"SKIP","floor":7},{"not_picked":["Turbo","Gash","Conserve Battery"],"picked":"SKIP","floor":8},{"not_picked":["Stack","Turbo","Coolheaded"],"picked":"SKIP","floor":13}],"player_experience":484953,"relics_obtained":[{"floor":7,"key":"Bronze Scales"},{"floor":9,"key":"Omamori"}],"event_choices":[{"damage_healed":0,"gold_gain":75,"player_choice":"Gather Gold","damage_taken":11,"max_hp_gain":0,"max_hp_loss":0,"event_name":"World of Goop","floor":2,"gold_loss":0},{"cards_removed":["Zap"],"damage_healed":0,"gold_gain":0,"player_choice":"Card Removal","damage_taken":7,"max_hp_gain":0,"max_hp_loss":0,"event_name":"Golden Wing","floor":4,"gold_loss":0},{"damage_healed":0,"gold_gain":175,"player_choice":"AGREE","damage_taken":0,"max_hp_gain":0,"max_hp_loss":0,"event_name":"Liars Game","floor":10,"gold_loss":0,"cards_obtained":["Doubt"]},{"damage_healed":0,"gold_gain":0,"player_choice":"Searched \u00272\u0027 times","damage_taken":0,"relics_obtained":["Dodecahedron"],"max_hp_gain":0,"max_hp_loss":0,"event_name":"Dead Adventurer","floor":12,"gold_loss":0}],"is_beta":false,"boss_relics":[],"items_purged_floors":[11],"is_endless":false,"potions_floor_spawned":[7],"killed_by":"Gremlin Gang","ascension_level":3}