{"gold_per_floor":[363,212,231,231,249,249,249,268,268,343,343,343,376,364,364,364],"floor_reached":16,"playtime":1036,"items_purged":[],"score":100,"play_id":"5c4e2b58-5d02-4329-b091-6bc7fbe0d4e9","local_time":"20190213133630","is_ascension_mode":false,"campfire_choices":[{"data":"Rampage","floor":6,"key":"SMITH"},{"data":"Metallicize","floor":11,"key":"SMITH"},{"floor":15,"key":"RECALL"}],"neow_cost":"PERCENT_DAMAGE","seed_source_timestamp":186784327659245,"circlet_count":0,"master_deck":["Strike_R","Strike_R","Strike_R","Strike_R","Strike_R","Defend_R","Defend_R","Defend_R","Defend_R","Bash","Rampage+1","Flex","Shrug It Off","Inflame","Metallicize+1","Shrug It Off","Body Slam","Parasite","Feed","Flex"],"relics":["Burning Blood","Golden Idol","Bottled Flame","The Courier"],"potions_floor_usage":[13,13,16,16,16],"damage_taken":[{"damage":1,"enemies":"Jaw Worm","floor":1,"turns":4},{"damage":0,"enemies":"Small Slimes","floor":3,"turns":3},{"damage":4,"enemies":"Cultist","floor":5,"turns":4},{"damage":7,"enemies":"Looter","floor":8,"turns":3},{"damage":34,"enemies":"Gremlin Nob","floor":13,"turns":5},{"damage":10,"enemies":"Exordium Thugs","floor":14,"turns":4},{"damage":42,"enemies":"Slime Boss","floor":16,"turns":9}],"seed_played":"2905273574454573117","potions_obtained":[{"floor":1,"key":"Fire Potion"},{"floor":3,"key":"Weak Potion"},{"floor":8,"key":"Energy Potion"},{"floor":13,"key":"Poison Potion"},{"floor":14,"key":"SkillPotion"}],"is_trial":false,"path_per_floor":["?","?","?","?"],"character_chosen":"IRONCLAD","items_purchased":["Flex","Shrug It Off","Inflame"],"campfire_rested":0,"item_purchase_floors":[2,2,2],"current_hp_per_floor":[61,61,67,67,69,69,62,61,61,50,50,70,42,41,41,0],"gold":364,"neow_bonus":"TWO_FIFTY_GOLD","is_prod":false,"is_daily":false,"chose_seed":false,"campfire_upgraded":2,"win_rate":0,"timestamp":1550075790,"path_taken":["M","$","M","?","M","R","?","M","T","?","R","?","E","M","R","BOSS"],"build_version":"2019-01-23","purchased_purges":0,"victory":false,"max_hp_per_floor":[80,80,80,80,80,80,80,80,80,80,80,80,80,83,83,83],"card_choices":[{"not_picked":["Battle Trance","Ghostly Armor"],"picked":"Rampage","floor":1},{"not_picked":["Blood for Blood","Whirlwind"],"picked":"Metallicize","floor":3},{"not_picked":["Shockwave","Heavy Blade"],"picked":"Shrug It Off","floor":5},{"not_picked":["Twin Strike","Pommel Strike"],"picked":"Body Slam","floor":8},{"not_picked":["Clash","Whirlwind"],"picked":"Feed","floor":13},{"not_picked":["Hemokinesis","Evolve"],"picked":"Flex","floor":14}],"player_experience":173734,"relics_obtained":[{"floor":9,"key":"Bottled Flame"},{"floor":13,"key":"The Courier"}],"event_choices":[{"damage_healed":0,"gold_gain":0,"player_choice":"Take Wound","damage_taken":0,"relics_obtained":["Golden Idol"],"max_hp_gain":0,"max_hp_loss":0,"event_name":"Golden Idol","floor":4,"gold_loss":0,"cards_obtained":["Injury"]},{"cards_removed":["Injury"],"damage_healed":0,"gold_gain":0,"player_choice":"Card Removal","damage_taken":7,"max_hp_gain":0,"max_hp_loss":0,"event_name":"Golden Wing","floor":7,"gold_loss":0},{"damage_healed":0,"gold_gain":75,"player_choice":"Gather Gold","damage_taken":11,"max_hp_gain":0,"max_hp_loss":0,"event_name":"World of Goop","floor":10,"gold_loss":0},{"damage_healed":20,"gold_gain":0,"player_choice":"Healed and dodged fight","damage_taken":0,"max_hp_gain":0,"max_hp_loss":0,"event_name":"Mushrooms","floor":12,"gold_loss":0,"cards_obtained":["Parasite"]}],"is_beta":false,"boss_relics":[],"items_purged_floors":[],"is_endless":false,"potions_floor_spawned":[1,3,8,13,14],"killed_by":"Slime Boss","ascension_level":0}