{"gold_per_floor":[117,67,67,30,30,30,44,54,131,131,143,157,484,499,499,499],"floor_reached":16,"playtime":768,"items_purged":[],"score":102,"play_id":"ab4d4815-4584-4867-a8f0-27e6b2c56c81","local_time":"20180801125206","is_ascension_mode":false,"campfire_choices":[{"data":"FTL","floor":6,"key":"SMITH"},{"floor":15,"key":"REST"}],"neow_cost":"","seed_source_timestamp":1831402516821302,"circlet_count":0,"master_deck":["Strike_B","Strike_B","Strike_B","Strike_B","Defend_B","Defend_B","Defend_B","Defend_B","Dualcast","Leap","FTL+1","Parasite","Gash","All For One"],"relics":["Cracked Core","Gremlin Horn","Mummified Hand","Old Coin"],"potions_floor_usage":[11,16],"damage_taken":[{"damage":18,"enemies":"Jaw Worm","floor":1,"turns":3},{"damage":0,"enemies":"Small Slimes","floor":7,"turns":2},{"damage":3,"enemies":"2 Louse","floor":8,"turns":2},{"damage":14,"enemies":"Large Slime","floor":11,"turns":6},{"damage":8,"enemies":"Red Slaver","floor":12,"turns":4},{"damage":36,"enemies":"Gremlin Nob","floor":13,"turns":5},{"damage":1,"enemies":"2 Fungi Beasts","floor":14,"turns":2},{"damage":42,"enemies":"Hexaghost","floor":16,"turns":9}],"seed_played":"-2806578195344203646","potions_obtained":[{"floor":8,"key":"Fruit Juice"},{"floor":12,"key":"GamblersBrew"},{"floor":13,"key":"GamblersBrew"}],"is_trial":false,"path_per_floor":["M","?","T","$","$","R","M","M","T","?","M","M","E","M","R"],"character_chosen":"DEFECT","items_purchased":["FTL"],"campfire_rested":1,"item_purchase_floors":[4],"current_hp_per_floor":[57,57,57,57,57,57,57,54,54,72,63,55,19,18,42,0],"gold":499,"neow_bonus":"","is_prod":false,"is_daily":false,"chose_seed":false,"campfire_upgraded":1,"win_rate":0,"timestamp":1533142326,"path_taken":["M","?","?","?","$","R","M","?","T","?","M","M","E","M","R","BOSS"],"build_version":"2018-07-26","purchased_purges":0,"victory":false,"max_hp_per_floor":[75,75,75,75,75,75,75,75,75,75,80,80,80,80,80,80],"card_choices":[{"not_picked":["Coolheaded","Rebound"],"picked":"Leap","floor":1},{"not_picked":["Capacitor","Leap","Force Field"],"picked":"SKIP","floor":7},{"not_picked":["Loop","Leap","Barrage"],"picked":"SKIP","floor":8},{"not_picked":["Loop","Leap"],"picked":"Gash","floor":11},{"not_picked":["Self Repair","Turbo"],"picked":"All For One","floor":12},{"not_picked":["Ball Lightning","Rip and Tear","Self Repair"],"picked":"SKIP","floor":13},{"not_picked":["Redo","Compile Driver","Aggregate"],"picked":"SKIP","floor":14}],"player_experience":310068,"relics_obtained":[{"floor":3,"key":"Gremlin Horn"},{"floor":9,"key":"Mummified Hand"},{"floor":13,"key":"Old Coin"}],"event_choices":[{"event_name":"The Cleric","player_choice":"Card Removal","floor":2,"damage_taken":0},{"event_name":"Mushrooms","player_choice":"Healed and dodged fight","floor":10,"damage_taken":0}],"is_beta":false,"boss_relics":[],"items_purged_floors":[],"is_endless":false,"potions_floor_spawned":[8,12,13],"killed_by":"Hexaghost","ascension_level":0}