{"gold_per_floor":[110,122,139,151,50,78,78,93,162,162,162,162,174,192,192,288,288,308,308,324,324,334,334,188,188,235,235,249,149,164,198,198,300,300,314,314,117,128,128,128,147,147,193,203,203,219,236,256,256,256,256,256,106,135,135],"floor_reached":55,"playtime":5428,"items_purged":["Defend_R","Strike_R","Defend_R","Parasite"],"score":648,"play_id":"5821c04a-9f95-472a-b135-b7833d70fbaa","local_time":"20190314224600","is_ascension_mode":false,"campfire_choices":[{"data":"Body Slam","floor":7,"key":"SMITH"},{"data":"Metallicize","floor":10,"key":"SMITH"},{"data":"True Grit","floor":12,"key":"SMITH"},{"data":"Dual Wield","floor":15,"key":"SMITH"},{"data":"Evolve","floor":23,"key":"SMITH"},{"data":"Reckless Charge","floor":25,"key":"SMITH"},{"data":"Whirlwind","floor":27,"key":"SMITH"},{"data":"Feel No Pain","floor":32,"key":"SMITH"},{"data":"Impervious","floor":40,"key":"SMITH"},{"data":"Bash","floor":42,"key":"SMITH"},{"data":"Rupture","floor":45,"key":"SMITH"},{"floor":49,"key":"RECALL"},{"data":"Brutality","floor":52,"key":"SMITH"}],"neow_cost":"NONE","seed_source_timestamp":38794469893200,"circlet_count":0,"master_deck":["Strike_R+1","Strike_R+1","Defend_R","Defend_R+1","Bash+1","Metallicize+1","Iron Wave","Shrug It Off","Evolve+1","Whirlwind+1","Body Slam+1","Dual Wield+1","True Grit+1","Disarm","Shrug It Off+1","Impervious+1","Battle Trance","Brutality+1","Reckless Charge+1","Feel No Pain+1","Shrug It Off","Impervious+1","Rupture+1","Rupture+1","True Grit+1"],"relics":["Burning Blood","Lantern","Bird Faced Urn","Pantograph","Mark of Pain","War Paint","Red Mask","Black Star","StoneCalendar","Whetstone"],"potions_floor_usage":[16,16,16,33,35,55],"damage_taken":[{"damage":1,"enemies":"Jaw Worm","floor":1,"turns":5},{"damage":0,"enemies":"2 Louse","floor":2,"turns":3},{"damage":1,"enemies":"Cultist","floor":3,"turns":4},{"damage":4,"enemies":"Blue Slaver","floor":4,"turns":6},{"damage":43,"enemies":"Gremlin Nob","floor":6,"turns":6},{"damage":10,"enemies":"Gremlin Gang","floor":8,"turns":6},{"damage":0,"enemies":"Lots of Slimes","floor":13,"turns":1},{"damage":0,"enemies":"Blue Slaver","floor":14,"turns":5},{"damage":68,"enemies":"The Guardian","floor":16,"turns":77},{"damage":9,"enemies":"Spheric Guardian","floor":18,"turns":6},{"damage":12,"enemies":"Shell Parasite","floor":20,"turns":10},{"damage":2,"enemies":"Centurion and Healer","floor":22,"turns":9},{"damage":14,"enemies":"Snake Plant","floor":28,"turns":6},{"damage":21,"enemies":"Snecko","floor":30,"turns":7},{"damage":2,"enemies":"Masked Bandits","floor":31,"turns":6},{"damage":13,"enemies":"Champ","floor":33,"turns":14},{"damage":6,"enemies":"3 Shapes","floor":35,"turns":9},{"damage":17,"enemies":"Orb Walker","floor":38,"turns":4},{"damage":17,"enemies":"Sphere and 2 Shapes","floor":41,"turns":6},{"damage":22,"enemies":"Spire Growth","floor":44,"turns":6},{"damage":26,"enemies":"Writhing Mass","floor":46,"turns":10},{"damage":43,"enemies":"Transient","floor":47,"turns":5},{"damage":21,"enemies":"Spire Growth","floor":48,"turns":6},{"damage":71,"enemies":"Time Eater","floor":50,"turns":10},{"damage":71,"enemies":"Shield and Spear","floor":54,"turns":11},{"damage":58,"enemies":"The Heart","floor":55,"turns":3}],"seed_played":"3306569598076993943","potions_obtained":[{"floor":3,"key":"Swift Potion"},{"floor":8,"key":"SteroidPotion"},{"floor":14,"key":"GamblersBrew"},{"floor":19,"key":"SpeedPotion"},{"floor":19,"key":"GamblersBrew"},{"floor":19,"key":"Strength Potion"},{"floor":33,"key":"Block Potion"},{"floor":35,"key":"Fruit Juice"},{"floor":41,"key":"Explosive Potion"}],"is_trial":false,"path_per_floor":["?","?","M","?","M","$","?","?"],"character_chosen":"IRONCLAD","items_purchased":["Whirlwind","Body Slam","Feel No Pain","Rupture"],"campfire_rested":0,"item_purchase_floors":[5,5,24,37],"current_hp_per_floor":[80,80,80,80,80,43,43,43,43,43,43,43,49,61,61,80,80,80,80,80,80,80,80,80,80,80,80,76,76,72,80,80,80,80,85,85,85,80,80,80,78,78,78,74,74,78,49,46,46,20,85,85,82,29,0],"gold":135,"neow_bonus":"RANDOM_COMMON_RELIC","is_prod":false,"is_daily":false,"chose_seed":false,"campfire_upgraded":12,"win_rate":0,"timestamp":1552617960,"path_taken":["M","M","M","M","$","E","R","M","T","R","?","R","M","M","R","BOSS","M","?","?","?","?","R","?","R","T","R","M","$","M","?","R","BOSS","M","?","$","M","$","R","M","R","T","M","R","M","M","M","R","BOSS","R","$","E","BOSS"],"build_version":"2019-01-23","purchased_purges":4,"victory":false,"max_hp_per_floor":[80,80,80,80,80,80,80,80,80,80,80,80,80,80,80,80,80,80,80,80,80,80,80,80,80,80,80,80,80,80,80,80,80,80,85,85,85,85,85,85,85,85,85,85,85,85,85,85,85,85,85,85,82,82,82],"card_choices":[{"not_picked":["Twin Strike","Clothesline"],"picked":"Metallicize","floor":1},{"not_picked":["Rampage","Hemokinesis"],"picked":"Iron Wave","floor":2},{"not_picked":["Thunderclap","Warcry"],"picked":"Shrug It Off","floor":3},{"not_picked":["Ghostly Armor","Combust"],"picked":"Evolve","floor":4},{"not_picked":["True Grit","Feel No Pain"],"picked":"Dual Wield","floor":6},{"not_picked":["Searing Blow","Cleave"],"picked":"True Grit","floor":8},{"not_picked":["Sword Boomerang","Second Wind"],"picked":"Disarm","floor":13},{"not_picked":["Flex","Perfected Strike"],"picked":"Shrug It Off","floor":14},{"not_picked":["Bludgeon","Limit Break"],"picked":"Impervious","floor":16},{"not_picked":["Sentinel+1","Twin Strike","Iron Wave"],"picked":"SKIP","floor":18},{"not_picked":["Evolve+1","Heavy Blade"],"picked":"Battle Trance","floor":20},{"not_picked":["Havoc","Dual Wield"],"picked":"Reckless Charge","floor":22},{"not_picked":["Headbutt+1","Wild Strike","Dual Wield"],"picked":"SKIP","floor":28},{"not_picked":["Armaments","Bloodletting+1"],"picked":"Shrug It Off","floor":30},{"not_picked":["Immolate","Berserk"],"picked":"Impervious","floor":33},{"not_picked":["Perfected Strike+1","Infernal Blade"],"picked":"Rupture+1","floor":35},{"not_picked":["Seeing Red","Shockwave","Thunderclap"],"picked":"SKIP","floor":38},{"not_picked":["Armaments+1","Wild Strike+1","Twin Strike+1"],"picked":"SKIP","floor":41},{"not_picked":["Evolve+1","Headbutt+1","Infernal Blade"],"picked":"SKIP","floor":44},{"not_picked":["Clash+1","Heavy Blade","Perfected Strike"],"picked":"SKIP","floor":46},{"not_picked":["Cleave","Corruption","Wild Strike"],"picked":"SKIP","floor":47},{"not_picked":["Havoc+1","Warcry"],"picked":"True Grit+1","floor":48},{"not_picked":["Warcry+1","Bloodletting","Feed"],"picked":"SKIP","floor":54}],"player_experience":178087,"relics_obtained":[{"floor":6,"key":"Bird Faced Urn"},{"floor":9,"key":"Pantograph"},{"floor":26,"key":"War Paint"},{"floor":31,"key":"Red Mask"},{"floor":54,"key":"StoneCalendar"},{"floor":54,"key":"Whetstone"}],"event_choices":[{"cards_removed":["Strike_R"],"damage_healed":0,"gold_gain":0,"player_choice":"Forget","damage_taken":0,"max_hp_gain":0,"max_hp_loss":0,"event_name":"Living Wall","floor":11,"gold_loss":0},{"damage_healed":0,"gold_gain":0,"player_choice":"Got Potions","damage_taken":0,"max_hp_gain":0,"max_hp_loss":0,"event_name":"Lab","floor":19,"gold_loss":0},{"damage_healed":0,"gold_gain":0,"cards_transformed":["Strike_R"],"player_choice":"Transformed","damage_taken":0,"max_hp_gain":0,"max_hp_loss":0,"event_name":"Transmorgrifier","floor":21,"gold_loss":0,"cards_obtained":["Brutality"]},{"damage_healed":0,"gold_gain":0,"player_choice":"Fought Bandits","damage_taken":0,"max_hp_gain":0,"max_hp_loss":0,"event_name":"Masked Bandits","floor":31,"gold_loss":0},{"damage_healed":0,"gold_gain":0,"player_choice":"Upgraded","damage_taken":0,"max_hp_gain":0,"max_hp_loss":0,"event_name":"Upgrade Shrine","floor":36,"gold_loss":0,"cards_upgraded":["Impervious"]}],"is_beta":false,"boss_relics":[{"not_picked":["Empty Cage","Runic Dome"],"picked":"Mark of Pain"},{"not_picked":["Coffee Dripper","Tiny House"],"picked":"Black Star"}],"items_purged_floors":[24,29,37,53],"is_endless":false,"potions_floor_spawned":[3,8,14,20,22,33,35,41],"killed_by":"The Heart","ascension_level":0}