{"gold_per_floor":[113,113,288,258,272,290,290,311,311,326,336,348,383,398,398,496,496,496,275,275,275,275,275,275,275,275,275,275,275,275,275,275,275,275,275,275,275,275,275,275,275,275,275,275,275,275,275,275,275,275,275,275,103,103,103],"floor_reached":55,"playtime":5153,"items_purged":[],"score":665,"play_id":"1c61d7be-cbd8-466e-a7b4-6f27995aee9f","local_time":"20190213223451","is_ascension_mode":false,"campfire_choices":[{"data":"Deadly Poison","floor":7,"key":"SMITH"},{"floor":15,"key":"REST"},{"floor":23,"key":"REST"},{"floor":25,"key":"RECALL"},{"data":"Catalyst","floor":27,"key":"SMITH"},{"data":"Deadly Poison","floor":32,"key":"SMITH"},{"floor":40,"key":"REST"},{"data":"Catalyst","floor":45,"key":"SMITH"},{"data":"Burst","floor":49,"key":"SMITH"},{"data":"Secret Technique","floor":52,"key":"SMITH"}],"neow_cost":"NONE","seed_source_timestamp":3689937281007,"circlet_count":0,"master_deck":["Defend_G","Defend_G","Defend_G","Defend_G","Defend_G","Strike_G","Strike_G","Strike_G","Strike_G","Survivor","Neutralize","Deadly Poison+1","Poisoned Stab","Crippling Poison","Catalyst+1","Dodge and Roll","Noxious Fumes+1","Backflip","Corpse Explosion","Sadistic Nature+1","Bane","Outmaneuver+1","Deadly Poison+1","Burst+1","Terror+1","Secret Technique+1","Bandage Up","Writhe","Catalyst+1","Strike_R","Concentrate","Dash"],"relics":["Ring of the Snake","NeowsBlessing","Odd Mushroom","Frozen Egg 2","Incense Burner","Ectoplasm","Juzu Bracelet","Runic Pyramid","Du-Vu Doll","Anchor","Dodecahedron"],"potions_floor_usage":[8,10,13,13,22,28,33,35,50,54,54,54],"damage_taken":[{"damage":0,"enemies":"2 Louse","floor":1,"turns":1},{"damage":0,"enemies":"Small Slimes","floor":5,"turns":1},{"damage":0,"enemies":"Jaw Worm","floor":6,"turns":1},{"damage":4,"enemies":"The Mushroom Lair","floor":8,"turns":5},{"damage":9,"enemies":"Red Slaver","floor":10,"turns":4},{"damage":2,"enemies":"Looter","floor":11,"turns":4},{"damage":7,"enemies":"Blue Slaver","floor":12,"turns":3},{"damage":1,"enemies":"3 Sentries","floor":13,"turns":17},{"damage":2,"enemies":"2 Fungi Beasts","floor":14,"turns":3},{"damage":30,"enemies":"Hexaghost","floor":16,"turns":8},{"damage":3,"enemies":"Shell Parasite","floor":18,"turns":4},{"damage":12,"enemies":"Chosen","floor":20,"turns":5},{"damage":12,"enemies":"Centurion and Healer","floor":22,"turns":5},{"damage":4,"enemies":"Cultist and Chosen","floor":28,"turns":4},{"damage":12,"enemies":"Snake Plant","floor":29,"turns":4},{"damage":26,"enemies":"Collector","floor":33,"turns":6},{"damage":22,"enemies":"3 Darklings","floor":35,"turns":4},{"damage":7,"enemies":"3 Shapes","floor":37,"turns":4},{"damage":7,"enemies":"Mind Bloom Boss Battle","floor":42,"turns":4},{"damage":0,"enemies":"Transient","floor":44,"turns":5},{"damage":11,"enemies":"Time Eater","floor":50,"turns":4},{"damage":77,"enemies":"Shield and Spear","floor":54,"turns":7},{"damage":48,"enemies":"The Heart","floor":55,"turns":2}],"seed_played":"-7376983557225559013","potions_obtained":[{"floor":1,"key":"Block Potion"},{"floor":4,"key":"GhostInAJar"},{"floor":4,"key":"PowerPotion"},{"floor":11,"key":"EssenceOfSteel"},{"floor":12,"key":"EssenceOfSteel"},{"floor":13,"key":"Weak Potion"},{"floor":22,"key":"Poison Potion"},{"floor":28,"key":"Fire Potion"},{"floor":37,"key":"Block Potion"},{"floor":42,"key":"Fire Potion"}],"is_trial":false,"path_per_floor":["?","?","?","M","?","?","?","?","T","?","?","?","?","?","?","?","?"],"character_chosen":"THE_SILENT","items_purchased":["Sadistic Nature+1","Bane","Concentrate","Energy Potion","Weak Potion"],"campfire_rested":3,"item_purchase_floors":[19,19,53,53,53],"current_hp_per_floor":[70,75,75,75,75,75,75,71,71,62,60,53,52,50,72,42,75,72,72,60,60,48,70,70,70,70,70,66,54,54,54,54,28,75,53,43,40,40,40,62,75,68,68,72,72,72,72,72,72,65,75,75,75,2,0],"gold":103,"neow_bonus":"THREE_ENEMY_KILL","is_prod":false,"is_daily":false,"chose_seed":false,"campfire_upgraded":6,"win_rate":0,"timestamp":1550108091,"path_taken":["M","?","?","?","?","M","R","?","T","M","M","M","E","M","R","BOSS","M","$","M","?","M","R","?","R","T","R","M","M","?","?","R","BOSS","M","?","M","?","?","R","?","?","T","M","R","?","?","?","R","BOSS","R","$","E","BOSS"],"build_version":"2019-01-23","purchased_purges":0,"victory":false,"max_hp_per_floor":[70,75,75,75,75,75,75,75,75,75,75,75,75,75,75,75,75,75,75,75,75,75,75,75,75,75,75,75,75,75,75,75,75,75,75,75,75,75,75,75,75,75,75,75,75,75,75,75,75,75,75,75,75,75,75],"card_choices":[{"not_picked":["Blade Dance","Prepared"],"picked":"Deadly Poison","floor":1},{"not_picked":["PiercingWail","Slice"],"picked":"Poisoned Stab","floor":5},{"not_picked":["Flechettes","Dagger Spray"],"picked":"Crippling Poison","floor":6},{"not_picked":["Riddle With Holes","Prepared","Sucker Punch"],"picked":"SKIP","floor":10},{"not_picked":["Riddle With Holes","Backstab"],"picked":"Catalyst","floor":11},{"not_picked":["Blade Dance","Outmaneuver"],"picked":"Dodge and Roll","floor":12},{"not_picked":["Concentrate","Skewer"],"picked":"Noxious Fumes+1","floor":13},{"not_picked":["Endless Agony","Flying Knee"],"picked":"Backflip","floor":14},{"not_picked":["Grand Finale","After Image+1"],"picked":"Corpse Explosion","floor":16},{"not_picked":["Slice","Riddle With Holes+1","PiercingWail"],"picked":"SKIP","floor":18},{"not_picked":["PiercingWail","Dagger Throw"],"picked":"Outmaneuver+1","floor":20},{"not_picked":["Dagger Spray+1","PiercingWail","Tactician"],"picked":"SKIP","floor":22},{"not_picked":["Outmaneuver","Sucker Punch+1"],"picked":"Deadly Poison","floor":28},{"not_picked":["Acrobatics","Outmaneuver","Dagger Throw+1"],"picked":"SKIP","floor":29},{"not_picked":["Malaise","A Thousand Cuts+1"],"picked":"Burst","floor":33},{"not_picked":["Blade Dance+1","Underhanded Strike"],"picked":"Terror+1","floor":35},{"not_picked":["Dramatic Entrance","Transmutation"],"picked":"Secret Technique","floor":36},{"not_picked":["Purity","Flash of Steel"],"picked":"Bandage Up","floor":36},{"not_picked":["Underhanded Strike+1","Dagger Throw+1","Cloak And Dagger+1"],"picked":"SKIP","floor":37},{"not_picked":["PiercingWail+1","Terror"],"picked":"Catalyst","floor":42},{"not_picked":["Dagger Spray","Calculated Gamble","Finisher"],"picked":"SKIP","floor":44},{"not_picked":["Sucker Punch","Blade Dance+1"],"picked":"Dash","floor":54}],"player_experience":181020,"relics_obtained":[{"floor":8,"key":"Odd Mushroom"},{"floor":9,"key":"Frozen Egg 2"},{"floor":13,"key":"Incense Burner"},{"floor":26,"key":"Juzu Bracelet"},{"floor":42,"key":"Du-Vu Doll"},{"floor":43,"key":"Anchor"},{"floor":54,"key":"Dodecahedron"}],"event_choices":[{"damage_healed":0,"gold_gain":0,"player_choice":"Donut","damage_taken":0,"max_hp_gain":5,"max_hp_loss":0,"event_name":"Big Fish","floor":2,"gold_loss":0},{"damage_healed":0,"gold_gain":175,"player_choice":"AGREE","damage_taken":0,"max_hp_gain":0,"max_hp_loss":0,"event_name":"Liars Game","floor":3,"gold_loss":0,"cards_obtained":["Doubt"]},{"damage_healed":0,"gold_gain":0,"player_choice":"Bought 2 Potions","damage_taken":0,"max_hp_gain":0,"max_hp_loss":0,"event_name":"The Woman in Blue","floor":4,"gold_loss":0},{"damage_healed":0,"gold_gain":0,"player_choice":"Fought Mushrooms","damage_taken":0,"max_hp_gain":0,"max_hp_loss":0,"event_name":"Mushrooms","floor":8,"gold_loss":0},{"cards_removed":["Doubt"],"damage_healed":0,"gold_gain":0,"player_choice":"Elegance","damage_taken":0,"max_hp_gain":0,"max_hp_loss":0,"event_name":"Back to Basics","floor":21,"gold_loss":0},{"damage_healed":0,"gold_gain":0,"player_choice":"Cursed","damage_taken":0,"max_hp_gain":0,"max_hp_loss":0,"event_name":"Wheel of Change","floor":24,"gold_loss":0,"cards_obtained":["Decay"]},{"damage_healed":0,"gold_gain":0,"player_choice":"Ignored","damage_taken":0,"max_hp_gain":0,"max_hp_loss":0,"event_name":"Vampires","floor":30,"gold_loss":0},{"damage_healed":0,"gold_gain":0,"player_choice":"Memory 3","damage_taken":10,"max_hp_gain":0,"max_hp_loss":0,"event_name":"SensoryStone","floor":36,"gold_loss":0},{"cards_removed":["Strike_G"],"damage_healed":0,"gold_gain":0,"player_choice":"Removed Attack","damage_taken":0,"max_hp_gain":0,"max_hp_loss":0,"event_name":"Falling","floor":38,"gold_loss":0},{"damage_healed":0,"gold_gain":0,"player_choice":"Ignored","damage_taken":0,"max_hp_gain":0,"max_hp_loss":0,"event_name":"Mysterious Sphere","floor":39,"gold_loss":0},{"damage_healed":19,"gold_gain":0,"player_choice":"Writhe","damage_taken":0,"max_hp_gain":0,"max_hp_loss":0,"event_name":"Winding Halls","floor":41,"gold_loss":0,"cards_obtained":["Writhe"]},{"damage_healed":0,"gold_gain":0,"player_choice":"Fight","damage_taken":0,"max_hp_gain":0,"max_hp_loss":0,"event_name":"MindBloom","floor":42,"gold_loss":0},{"damage_healed":0,"gold_gain":0,"player_choice":"Ignored","damage_taken":0,"max_hp_gain":0,"max_hp_loss":0,"event_name":"Tomb of Lord Red Mask","floor":46,"gold_loss":0},{"cards_removed":["Decay"],"damage_healed":0,"gold_gain":0,"player_choice":"Took Card","damage_taken":0,"max_hp_gain":0,"max_hp_loss":0,"event_name":"NoteForYourself","floor":47,"gold_loss":0,"cards_obtained":["Strike_R"]},{"damage_healed":0,"gold_gain":0,"player_choice":"Leave","damage_taken":0,"max_hp_gain":0,"max_hp_loss":0,"event_name":"FaceTrader","floor":48,"gold_loss":0}],"is_beta":false,"boss_relics":[{"not_picked":["White Beast Statue","Empty Cage"],"picked":"Ectoplasm"},{"not_picked":["Velvet Choker","Eternal Feather"],"picked":"Runic Pyramid"}],"items_purged_floors":[],"is_endless":false,"potions_floor_spawned":[1,11,12,13,22,28,37,42],"killed_by":"The Heart","ascension_level":0}