{"gold_per_floor":[359,136,136,20,40,40,55,88,88,107,138,213,224,254,254,351,351,364,377,82,100,111,146,146],"floor_reached":24,"playtime":1076,"items_purged":["Writhe"],"score":316,"play_id":"438ffbf7-e82d-4498-a3b8-60d892d90742","local_time":"20190330163101","is_ascension_mode":true,"campfire_choices":[{"data":"Leg Sweep","floor":6,"key":"SMITH"},{"data":"Dash","floor":15,"key":"SMITH"}],"neow_cost":"CURSE","seed_source_timestamp":8357617108124782,"circlet_count":0,"master_deck":["Defend_G","Defend_G","Defend_G","Defend_G","Defend_G","Strike_G","Strike_G","Strike_G","Strike_G","Strike_G","Survivor","Neutralize","Dagger Spray+1","Quick Slash","Infinite Blades","Leg Sweep+1","Die Die Die","Dash+1","Blade Dance","Finisher","A Thousand Cuts","Dodge and Roll+1","Infinite Blades","Envenom","Cloak And Dagger","Sucker Punch+1","Dagger Throw+1"],"relics":["Ring of the Snake","Tiny Chest","Mercury Hourglass","Kunai","Ice Cream","Blue Candle","Fusion Hammer","Bag of Preparation","Molten Egg 2"],"potions_floor_usage":[8,11,13,14,16,23],"damage_taken":[{"damage":0,"enemies":"Cultist","floor":1,"turns":4},{"damage":0,"enemies":"Small Slimes","floor":5,"turns":2},{"damage":0,"enemies":"Jaw Worm","floor":7,"turns":5},{"damage":15,"enemies":"Lagavulin","floor":8,"turns":7},{"damage":0,"enemies":"2 Fungi Beasts","floor":10,"turns":2},{"damage":16,"enemies":"Gremlin Nob","floor":11,"turns":3},{"damage":0,"enemies":"Exordium Thugs","floor":13,"turns":3},{"damage":0,"enemies":"3 Sentries","floor":14,"turns":3},{"damage":18,"enemies":"The Guardian","floor":16,"turns":12},{"damage":0,"enemies":"Spheric Guardian","floor":18,"turns":3},{"damage":0,"enemies":"Chosen","floor":19,"turns":4},{"damage":18,"enemies":"Snecko","floor":21,"turns":4},{"damage":16,"enemies":"Snake Plant","floor":22,"turns":6},{"damage":21,"enemies":"Slavers","floor":23,"turns":4},{"damage":15,"enemies":"Sentry and Sphere","floor":24,"turns":4}],"seed_played":"5573218115449114510","potions_obtained":[{"floor":1,"key":"EssenceOfSteel"},{"floor":7,"key":"Strength Potion"},{"floor":13,"key":"Energy Potion"},{"floor":14,"key":"Poison Potion"},{"floor":18,"key":"SteroidPotion"},{"floor":23,"key":"Explosive Potion"}],"is_trial":false,"path_per_floor":["M","$","?","$","M","R","M","E","T","M","E","?","M","E","R","B",null,"M","M","$","M","M","E","M"],"character_chosen":"THE_SILENT","items_purchased":["Tiny Chest","Quick Slash","AttackPotion","Infinite Blades","Envenom","Bag of Preparation"],"campfire_rested":0,"item_purchase_floors":[2,2,4,4,20,20],"current_hp_per_floor":[70,70,70,70,70,70,70,55,55,55,39,28,28,28,28,10,70,70,70,70,52,36,15,0],"gold":146,"neow_bonus":"TWO_FIFTY_GOLD","is_prod":false,"is_daily":false,"chose_seed":false,"campfire_upgraded":2,"win_rate":0,"timestamp":1553977861,"path_taken":["M","?","?","$","M","R","M","E","T","M","E","?","?","E","R","BOSS","M","M","$","M","M","E","M"],"build_version":"2019-01-23","purchased_purges":1,"victory":false,"max_hp_per_floor":[70,70,70,70,70,70,70,70,70,70,70,70,70,70,70,70,70,70,70,70,70,70,70,70],"card_choices":[{"not_picked":["Dodge and Roll","Underhanded Strike"],"picked":"Dagger Spray","floor":1},{"not_picked":["Outmaneuver","Underhanded Strike"],"picked":"Leg Sweep","floor":5},{"not_picked":["Dodge and Roll","Poisoned Stab"],"picked":"Die Die Die","floor":7},{"not_picked":["Riddle With Holes","Poisoned Stab","Underhanded Strike"],"picked":"SKIP","floor":8},{"not_picked":["Poisoned Stab","Quick Slash"],"picked":"Dash","floor":10},{"not_picked":["Endless Agony","Underhanded Strike","Outmaneuver"],"picked":"SKIP","floor":11},{"not_picked":["Poisoned Stab","Storm of Steel"],"picked":"Blade Dance","floor":13},{"not_picked":["Quick Slash","Poisoned Stab"],"picked":"Finisher","floor":14},{"not_picked":["Envenom","Tools of the Trade"],"picked":"A Thousand Cuts","floor":16},{"not_picked":["Endless Agony","Escape Plan"],"picked":"Dodge and Roll+1","floor":18},{"not_picked":["Leg Sweep","Underhanded Strike"],"picked":"Infinite Blades","floor":19},{"not_picked":["Dagger Throw","Backstab"],"picked":"Cloak And Dagger","floor":21},{"not_picked":["Calculated Gamble","Deadly Poison+1"],"picked":"Sucker Punch+1","floor":22},{"not_picked":["Riddle With Holes","Grand Finale"],"picked":"Dagger Throw","floor":23}],"player_experience":625613,"relics_obtained":[{"floor":8,"key":"Mercury Hourglass"},{"floor":9,"key":"Kunai"},{"floor":11,"key":"Ice Cream"},{"floor":14,"key":"Blue Candle"},{"floor":23,"key":"Molten Egg 2"}],"event_choices":[{"damage_healed":0,"gold_gain":0,"player_choice":"Grow","damage_taken":0,"max_hp_gain":0,"max_hp_loss":0,"event_name":"Living Wall","floor":3,"gold_loss":0,"cards_upgraded":["Dagger Spray"]},{"damage_healed":0,"gold_gain":75,"player_choice":"Gather Gold","damage_taken":11,"max_hp_gain":0,"max_hp_loss":0,"event_name":"World of Goop","floor":12,"gold_loss":0}],"is_beta":false,"boss_relics":[{"not_picked":["Lizard Tail","Runic Pyramid"],"picked":"Fusion Hammer"}],"items_purged_floors":[2],"is_endless":false,"potions_floor_spawned":[1,7,13,14,18,23],"killed_by":"Sentry and Sphere","ascension_level":4}