{"gold_per_floor":[118,118,43,58,70,70,126,1,53,53,64,64,64,77,77,179,179,192,205,128,147,22,22,0,0,78,78,90,103,119,119],"floor_reached":31,"playtime":2338,"items_purged":["Defend_B","Strike_B","Machine Learning"],"score":237,"play_id":"a101b99e-a1be-452e-b80a-656d55545991","local_time":"20180801122715","is_ascension_mode":false,"campfire_choices":[{"data":"Strike_B","floor":6,"key":"SMITH"},{"floor":10,"key":"REST"},{"data":"Streamline","floor":12,"key":"SMITH"},{"data":"Dualcast","floor":15,"key":"SMITH"},{"floor":23,"key":"REST"},{"floor":25,"key":"REST"},{"data":"Skim","floor":27,"key":"SMITH"}],"neow_cost":"","seed_source_timestamp":1828341473139444,"circlet_count":0,"master_deck":["Strike_B+1","Strike_B","Strike_B","Defend_B","Defend_B","Defend_B","Zap+1","Dualcast+1","Streamline+1","Skim+1","J.A.X.","Gash+1","Scrape+1"],"relics":["Cracked Core","Tiny Chest","Bronze Scales","Bag of Marbles","Nuclear Battery","Molten Egg 2"],"potions_floor_usage":[11,16,16,18,18,30,31],"damage_taken":[{"damage":6,"enemies":"2 Louse","floor":1,"turns":2},{"damage":0,"enemies":"Cultist","floor":4,"turns":2},{"damage":6,"enemies":"Jaw Worm","floor":5,"turns":2},{"damage":25,"enemies":"Gremlin Nob","floor":7,"turns":4},{"damage":11,"enemies":"Exordium Wildlife","floor":11,"turns":2},{"damage":7,"enemies":"Blue Slaver","floor":14,"turns":2},{"damage":32,"enemies":"The Guardian","floor":16,"turns":8},{"damage":5,"enemies":"Shell Parasite","floor":18,"turns":3},{"damage":20,"enemies":"2 Thieves","floor":19,"turns":3},{"damage":26,"enemies":"Snecko","floor":21,"turns":4},{"damage":24,"enemies":"Snake Plant","floor":28,"turns":2},{"damage":30,"enemies":"Centurion and Healer","floor":29,"turns":4},{"damage":3,"enemies":"Cultist and Chosen","floor":30,"turns":5},{"damage":21,"enemies":"Snake Plant","floor":31,"turns":2}],"seed_played":"6479402784689315126","potions_obtained":[{"floor":1,"key":"Ancient Potion"},{"floor":5,"key":"Explosive Potion"},{"floor":11,"key":"EntropicBrew"},{"floor":14,"key":"SpeedPotion"},{"floor":21,"key":"FearPotion"},{"floor":30,"key":"Fruit Juice"}],"is_trial":false,"path_per_floor":["M","?","$","M","M","R","E","$","T","R","M","R","T","M","R","B",null,"M","M","?","M","$","R","?","R","T","R","M","M","M"],"character_chosen":"DEFECT","items_purchased":["Streamline"],"campfire_rested":3,"item_purchase_floors":[8],"current_hp_per_floor":[69,69,69,69,63,63,38,38,38,60,49,49,49,42,42,10,75,70,50,50,24,24,46,46,68,68,68,44,14,11,0],"gold":119,"neow_bonus":"","is_prod":false,"is_daily":false,"chose_seed":false,"campfire_upgraded":4,"win_rate":0,"timestamp":1533140835,"path_taken":["M","?","$","M","M","R","E","$","T","R","M","R","?","M","R","BOSS","M","M","?","M","$","R","?","R","T","R","M","M","M","M"],"build_version":"2018-07-26","purchased_purges":3,"victory":false,"max_hp_per_floor":[75,75,75,75,75,75,75,75,75,75,75,75,75,75,75,75,75,75,75,75,75,75,75,75,75,75,75,75,75,75,80],"card_choices":[{"not_picked":["Chaos","Leap","Barrage"],"picked":"SKIP","floor":1},{"not_picked":["Melter","Hologram","Rip and Tear"],"picked":"SKIP","floor":4},{"not_picked":["Stack","Ball Lightning","Chill"],"picked":"SKIP","floor":5},{"not_picked":["Defragment","Reinforced Body","Lockon"],"picked":"SKIP","floor":7},{"not_picked":["Blizzard","Storm","Ball Lightning"],"picked":"SKIP","floor":11},{"not_picked":["Rebound","BootSequence","Undo"],"picked":"SKIP","floor":14},{"not_picked":["Buffer","Thunder Strike"],"picked":"Machine Learning","floor":16},{"not_picked":["Steam","Leap","Hologram+1"],"picked":"SKIP","floor":18},{"not_picked":["Reinforced Body+1","Melter"],"picked":"Skim","floor":19},{"not_picked":["Barrage","Rebound"],"picked":"Gash+1","floor":21},{"not_picked":["Ball Lightning+1","Storm","Cold Snap+1"],"picked":"SKIP","floor":28},{"not_picked":["Sunder+1","Consume"],"picked":"Scrape+1","floor":29},{"not_picked":["Storm","Ball Lightning+1","Hello World+1"],"picked":"SKIP","floor":30}],"player_experience":307053,"relics_obtained":[{"floor":7,"key":"Tiny Chest"},{"floor":9,"key":"Bronze Scales"},{"floor":13,"key":"Bag of Marbles"},{"floor":26,"key":"Molten Egg 2"}],"event_choices":[{"event_name":"Upgrade Shrine","player_choice":"Upgraded","floor":2,"damage_taken":0},{"event_name":"Drug Dealer","player_choice":"Got JAXXED","floor":20,"damage_taken":0},{"event_name":"Masked Bandits","player_choice":"Paid Bandits 22 gold","floor":24,"damage_taken":0}],"is_beta":false,"boss_relics":[{"not_picked":["Velvet Choker","Busted Crown"],"picked":"Nuclear Battery"}],"items_purged_floors":[3,8,22],"is_endless":false,"potions_floor_spawned":[1,5,11,14,21,28,30],"killed_by":"Snake Plant","ascension_level":0}