{"gold_per_floor":[117,132,146,23,38,38,72,147,217,245,261,277,83,113,113,113],"floor_reached":16,"playtime":778,"items_purged":["Strike_R","Strike_R"],"score":129,"play_id":"075156aa-f04b-4f52-a442-2c7a962103b4","local_time":"20190326074634","is_ascension_mode":true,"campfire_choices":[{"data":"Thunderclap","floor":6,"key":"SMITH"},{"data":"Juggernaut","floor":15,"key":"SMITH"}],"neow_cost":"NONE","seed_source_timestamp":7980833493812217,"circlet_count":0,"master_deck":["Strike_R","Strike_R","Strike_R","Defend_R","Defend_R","Defend_R","Defend_R","Bash","Body Slam","Thunderclap+1","Pommel Strike","Twin Strike","Shrug It Off","Juggernaut+1","Iron Wave","Shrug It Off","Cleave"],"relics":["Burning Blood","Charon\u0027s Ashes","Dodecahedron","Oddly Smooth Stone"],"potions_floor_usage":[10,11,12],"damage_taken":[{"damage":18,"enemies":"Jaw Worm","floor":1,"turns":4},{"damage":0,"enemies":"Cultist","floor":2,"turns":4},{"damage":0,"enemies":"2 Louse","floor":3,"turns":3},{"damage":0,"enemies":"Large Slime","floor":5,"turns":4},{"damage":40,"enemies":"3 Sentries","floor":7,"turns":7},{"damage":29,"enemies":"Gremlin Nob","floor":10,"turns":4},{"damage":2,"enemies":"Exordium Wildlife","floor":11,"turns":3},{"damage":7,"enemies":"Red Slaver","floor":12,"turns":4},{"damage":49,"enemies":"Slime Boss","floor":16,"turns":8}],"seed_played":"5085037040151510902","potions_obtained":[{"floor":1,"key":"Dexterity Potion"},{"floor":5,"key":"GamblersBrew"},{"floor":7,"key":"Fruit Juice"},{"floor":10,"key":"Regen Potion"},{"floor":11,"key":"BloodPotion"}],"is_trial":false,"path_per_floor":["M","M","M","$","M","R","E","?","T","E","M","M","$","?","R","B"],"character_chosen":"IRONCLAD","items_purchased":["Pommel Strike","Shrug It Off","Cleave"],"campfire_rested":0,"item_purchase_floors":[4,13,13],"current_hp_per_floor":[76,82,88,88,88,88,54,46,46,28,41,49,49,49,49,0],"gold":113,"neow_bonus":"TEN_PERCENT_HP_BONUS","is_prod":false,"is_daily":false,"chose_seed":false,"campfire_upgraded":2,"win_rate":0,"timestamp":1553600794,"path_taken":["M","M","M","$","M","R","E","?","T","E","?","M","?","?","R","BOSS"],"build_version":"2019-01-23","purchased_purges":2,"victory":false,"max_hp_per_floor":[88,88,88,88,88,88,88,88,88,93,93,93,93,93,93,93],"card_choices":[{"not_picked":["Clothesline","Wild Strike"],"picked":"Body Slam","floor":1},{"not_picked":["Perfected Strike","Dual Wield"],"picked":"Thunderclap","floor":2},{"not_picked":["Power Through","Thunderclap","Anger"],"picked":"SKIP","floor":3},{"not_picked":["Uppercut","Rage"],"picked":"Twin Strike","floor":5},{"not_picked":["Dual Wield","Havoc"],"picked":"Shrug It Off","floor":7},{"not_picked":["Ghostly Armor","Clothesline","Heavy Blade"],"picked":"SKIP","floor":10},{"not_picked":["Cleave","Sword Boomerang"],"picked":"Juggernaut","floor":11},{"not_picked":["Warcry","Pommel Strike"],"picked":"Iron Wave","floor":12}],"player_experience":526894,"relics_obtained":[{"floor":7,"key":"Charon\u0027s Ashes"},{"floor":9,"key":"Dodecahedron"},{"floor":10,"key":"Oddly Smooth Stone"}],"event_choices":[{"damage_healed":0,"gold_gain":75,"player_choice":"Touch","damage_taken":8,"max_hp_gain":0,"max_hp_loss":0,"event_name":"FaceTrader","floor":8,"gold_loss":0},{"damage_healed":0,"gold_gain":30,"player_choice":"Searched \u00271\u0027 times","damage_taken":0,"max_hp_gain":0,"max_hp_loss":0,"event_name":"Dead Adventurer","floor":14,"gold_loss":0}],"is_beta":false,"boss_relics":[],"items_purged_floors":[4,13],"is_endless":false,"potions_floor_spawned":[1,5,7,10,11],"killed_by":"Slime Boss","ascension_level":3}