{"gold_per_floor":[111,81,95,21,34,63,77,77,103,103,103,121,121,20,20,20],"floor_reached":16,"playtime":551,"items_purged":["Defend_R"],"score":100,"play_id":"e784dfdf-ad81-4c77-85f7-81c4b5e2b7fe","local_time":"20180731083629","is_ascension_mode":false,"campfire_choices":[{"data":"Flex","floor":8,"key":"SMITH"},{"data":"Flex","floor":15,"key":"SMITH"}],"neow_cost":"NONE","seed_source_timestamp":1729882883231740,"circlet_count":0,"master_deck":["Strike_R","Strike_R","Strike_R","Strike_R","Strike_R","Defend_R","Defend_R","Defend_R","Bash","Sword Boomerang","Flex+1","Flex+1","Shrug It Off","Armaments","Sword Boomerang","Flex"],"relics":["Burning Blood","Omamori","Bag of Marbles","Centennial Puzzle","FaceOfCleric"],"potions_floor_usage":[5,6,12,12],"damage_taken":[{"damage":11,"enemies":"Jaw Worm","floor":1,"turns":3},{"damage":6,"enemies":"Cultist","floor":3,"turns":3},{"damage":0,"enemies":"2 Louse","floor":5,"turns":2},{"damage":34,"enemies":"Gremlin Nob","floor":6,"turns":5},{"damage":12,"enemies":"Blue Slaver","floor":7,"turns":2},{"damage":25,"enemies":"Exordium Thugs","floor":12,"turns":4},{"damage":63,"enemies":"Slime Boss","floor":16,"turns":11}],"seed_played":"7072917319305979516","potions_obtained":[{"floor":1,"key":"Block Potion"},{"floor":2,"key":"Strength Potion"},{"floor":2,"key":"Explosive Potion"},{"floor":6,"key":"Strength Potion"}],"is_trial":false,"path_per_floor":["M","?","M","$","M","E","M","R","T","?","?","M","?","$","R"],"character_chosen":"IRONCLAD","items_purchased":["Flex","Shrug It Off","Flex"],"campfire_rested":0,"item_purchase_floors":[4,4,14],"current_hp_per_floor":[75,75,75,75,80,52,46,46,46,80,80,61,61,61,61,0],"gold":20,"neow_bonus":"RANDOM_COMMON_RELIC","is_prod":false,"is_daily":false,"chose_seed":false,"campfire_upgraded":2,"win_rate":0,"timestamp":1533040589,"path_taken":["M","?","M","$","M","E","M","R","T","?","?","?","?","$","R","BOSS"],"build_version":"2018-07-26","purchased_purges":1,"victory":false,"max_hp_per_floor":[80,80,80,80,80,80,80,80,80,80,80,80,80,80,80,80],"card_choices":[{"not_picked":["Shockwave","Wild Strike"],"picked":"Sword Boomerang","floor":1},{"not_picked":["Corruption","Headbutt"],"picked":"Flex","floor":3},{"not_picked":["Wild Strike","Iron Wave"],"picked":"Armaments","floor":5},{"not_picked":["Heavy Blade","Armaments","Burning Pact"],"picked":"SKIP","floor":6},{"not_picked":["Cleave","Metallicize"],"picked":"Sword Boomerang","floor":7},{"not_picked":["Immolate","Dual Wield","Clash"],"picked":"SKIP","floor":12}],"player_experience":288918,"relics_obtained":[{"floor":6,"key":"Bag of Marbles"},{"floor":9,"key":"Centennial Puzzle"}],"event_choices":[{"event_name":"The Woman in Blue","player_choice":"Bought 2 Potions","floor":2,"damage_taken":0},{"event_name":"Wheel of Change","player_choice":"Full Heal","floor":10,"damage_taken":0},{"event_name":"Mushrooms","player_choice":"Healed and dodged fight","floor":11,"damage_taken":0},{"event_name":"FaceTrader","player_choice":"Trade","floor":13,"damage_taken":0}],"is_beta":false,"boss_relics":[],"items_purged_floors":[14],"is_endless":false,"potions_floor_spawned":[1,3,6],"killed_by":"Slime Boss","ascension_level":0}