{"gold_per_floor":[15,35,110,35,53,53,53,88,88,105,105,120,134,153,153,153],"floor_reached":16,"playtime":486,"items_purged":["Strike_B"],"score":104,"play_id":"cedb7aff-3b52-4d51-81b2-f558ee7fdf39","local_time":"20180709132338","is_ascension_mode":false,"campfire_choices":[{"data":"Tempest","floor":6,"key":"SMITH"},{"floor":11,"key":"REST"},{"floor":15,"key":"REST"}],"neow_cost":"NO_GOLD","seed_source_timestamp":1596636567875852,"circlet_count":0,"master_deck":["Strike_B","Strike_B","Strike_B","Defend_B","Defend_B","Zap","Dualcast","Capacitor","Lockon","Tempest+1","Ball Lightning","Biased Cognition","Coolheaded","Coolheaded","Cold Snap"],"relics":["Cracked Core","Centennial Puzzle","Meat on the Bone"],"potions_floor_usage":[16,16],"damage_taken":[{"damage":8,"enemies":"Small Slimes","floor":1,"turns":3},{"damage":7,"enemies":"2 Louse","floor":2,"turns":3},{"damage":0,"enemies":"Cultist","floor":5,"turns":2},{"damage":31,"enemies":"Lagavulin","floor":8,"turns":5},{"damage":13,"enemies":"Lots of Slimes","floor":10,"turns":2},{"damage":11,"enemies":"Large Slime","floor":12,"turns":3},{"damage":20,"enemies":"Exordium Thugs","floor":13,"turns":3},{"damage":10,"enemies":"Looter","floor":14,"turns":2},{"damage":57,"enemies":"The Guardian","floor":16,"turns":10}],"seed_played":"-9181386419440595634","potions_obtained":[{"floor":1,"key":"Energy Potion"},{"floor":8,"key":"FearPotion"},{"floor":10,"key":"Dexterity Potion"},{"floor":13,"key":"Fire Potion"}],"is_trial":false,"path_per_floor":["M","M","?","$","M","R","$","E","T","M","R","M","M","M","R"],"character_chosen":"DEFECT","items_purchased":[],"campfire_rested":2,"item_purchase_floors":[],"current_hp_per_floor":[67,60,49,49,49,49,49,18,18,17,39,40,32,34,56,0],"gold":153,"neow_bonus":"TRANSFORM_TWO_CARDS","is_prod":false,"is_daily":false,"chose_seed":false,"campfire_upgraded":1,"win_rate":0.0,"timestamp":1531157018,"path_taken":["M","M","?","$","M","R","?","E","T","M","R","M","?","M","R","BOSS"],"build_version":"2018-07-05","purchased_purges":1,"victory":false,"max_hp_per_floor":[75,75,75,75,75,75,75,75,75,75,75,75,75,75,75,75],"card_choices":[{"not_picked":["Loop","Sweeping Beam"],"picked":"Tempest","floor":1},{"not_picked":["Tempest","Sunder"],"picked":"Ball Lightning","floor":2},{"not_picked":["Undo","Compile Driver","Tempest"],"picked":"SKIP","floor":5},{"not_picked":["Hologram","Lockon"],"picked":"Biased Cognition","floor":8},{"not_picked":["Streamline","Reprogram","White Noise"],"picked":"SKIP","floor":10},{"not_picked":["Go for the Eyes","Force Field"],"picked":"Coolheaded","floor":12},{"not_picked":["Skim","Barrage"],"picked":"Coolheaded","floor":13},{"not_picked":["Beam Cell","Go for the Eyes"],"picked":"Cold Snap","floor":14}],"player_experience":148929,"relics_obtained":[{"floor":8,"key":"Centennial Puzzle"},{"floor":9,"key":"Meat on the Bone"}],"event_choices":[{"event_name":"World of Goop","player_choice":"Gather Gold","floor":3,"damage_taken":0}],"boss_relics":[],"items_purged_floors":[4],"is_endless":false,"potions_floor_spawned":[1,8,10,13],"killed_by":"The Guardian","ascension_level":0}