{"gold_per_floor":[118,131,149,224,149,149,475,425,425,441,441,455,455,55,55,156,156,176,196,21,35,50,50,84,84,84,98,109,122,44,64,64,64],"floor_reached":33,"playtime":1372,"items_purged":["Defend_R","Strike_R","Strike_R"],"score":296,"play_id":"ef7baf7b-5b20-4a9b-bd9a-d970370d7dd7","local_time":"20181010085000","is_ascension_mode":false,"campfire_choices":[{"data":"Spot Weakness","floor":6,"key":"SMITH"},{"floor":11,"key":"REST"},{"data":"Twin Strike","floor":13,"key":"SMITH"},{"data":"Rampage","floor":15,"key":"SMITH"},{"floor":23,"key":"REST"},{"floor":32,"key":"REST"}],"neow_cost":"NONE","seed_source_timestamp":3867592516039,"circlet_count":0,"master_deck":["Strike_R","Strike_R","Defend_R","Bash","Twin Strike+1","Spot Weakness+1","Spot Weakness","Shrug It Off","Offering","Battle Trance","Rampage+1","Offering","Twin Strike"],"relics":["Burning Blood","Oddly Smooth Stone","Old Coin","Sundial","Empty Cage","Dead Branch","Singing Bowl"],"potions_floor_usage":[7,12,19,24,24,28,31,31,31],"damage_taken":[{"damage":0,"enemies":"Jaw Worm","floor":1,"turns":5},{"damage":2,"enemies":"Small Slimes","floor":2,"turns":3},{"damage":7,"enemies":"2 Louse","floor":3,"turns":3},{"damage":30,"enemies":"3 Sentries","floor":7,"turns":7},{"damage":19,"enemies":"2 Fungi Beasts","floor":10,"turns":3},{"damage":6,"enemies":"Exordium Thugs","floor":12,"turns":4},{"damage":37,"enemies":"The Guardian","floor":16,"turns":5},{"damage":16,"enemies":"Chosen","floor":18,"turns":3},{"damage":22,"enemies":"Spheric Guardian","floor":19,"turns":3},{"damage":12,"enemies":"Snecko","floor":21,"turns":2},{"damage":22,"enemies":"Chosen and Byrds","floor":22,"turns":3},{"damage":31,"enemies":"Slavers","floor":24,"turns":2},{"damage":25,"enemies":"3 Cultists","floor":27,"turns":4},{"damage":30,"enemies":"Cultist and Chosen","floor":28,"turns":5},{"damage":12,"enemies":"Snake Plant","floor":29,"turns":2},{"damage":12,"enemies":"Snecko","floor":31,"turns":3},{"damage":79,"enemies":"Automaton","floor":33,"turns":6}],"seed_played":"7085367975624600171","potions_obtained":[{"floor":1,"key":"SneckoOil"},{"floor":2,"key":"GamblersBrew"},{"floor":10,"key":"Fruit Juice"},{"floor":16,"key":"SkillPotion"},{"floor":21,"key":"SteroidPotion"},{"floor":22,"key":"Fruit Juice"},{"floor":27,"key":"Regen Potion"},{"floor":29,"key":"Weak Potion"}],"is_trial":false,"path_per_floor":["M","M","M","?","$","R","E","?","T","M","R","M","R","$","R","B",null,"M","M","$","M","M","R","E","$","T","M","M","M","$","M","R"],"character_chosen":"IRONCLAD","items_purchased":["Offering","Battle Trance","Rampage","Explosive Potion","Regen Potion"],"campfire_rested":3,"item_purchase_floors":[14,14,14,20,30],"current_hp_per_floor":[80,80,79,68,68,68,44,44,44,31,55,60,60,60,60,29,85,75,59,59,53,37,62,42,42,42,25,17,13,13,18,47,0],"gold":64,"neow_bonus":"RANDOM_COMMON_RELIC","is_prod":false,"is_daily":false,"chose_seed":false,"campfire_upgraded":3,"win_rate":0,"timestamp":1539175800,"path_taken":["M","M","M","?","$","R","E","?","T","?","R","?","R","$","R","BOSS","M","M","$","M","M","R","E","$","T","M","M","M","$","M","R","BOSS"],"build_version":"2018-10-04v2","purchased_purges":3,"victory":false,"max_hp_per_floor":[80,80,80,80,80,80,80,80,80,80,80,85,85,85,85,85,85,85,85,85,85,85,85,90,90,90,92,94,96,96,98,98,98],"card_choices":[{"not_picked":["Infernal Blade","Second Wind"],"picked":"Twin Strike","floor":1},{"not_picked":["Clash","Wild Strike","Armaments"],"picked":"SKIP","floor":2},{"not_picked":["Fire Breathing","Wild Strike"],"picked":"Spot Weakness","floor":3},{"not_picked":["Perfected Strike","Searing Blow"],"picked":"Spot Weakness","floor":7},{"not_picked":["Clash","Body Slam"],"picked":"Shrug It Off","floor":10},{"not_picked":["Feel No Pain","Clash","Rage"],"picked":"SKIP","floor":12},{"not_picked":["Feed","Dark Embrace"],"picked":"Offering","floor":16},{"not_picked":["Pommel Strike","Inflame","Flex"],"picked":"SKIP","floor":18},{"not_picked":["Iron Wave","Juggernaut","Headbutt+1"],"picked":"SKIP","floor":19},{"not_picked":["Shrug It Off","Spot Weakness","Cleave"],"picked":"SKIP","floor":21},{"not_picked":["Sever Soul+1","Carnage","Inflame"],"picked":"SKIP","floor":22},{"not_picked":["Disarm","Pummel+1"],"picked":"Twin Strike","floor":24},{"not_picked":["Thunderclap+1","Warcry","Headbutt"],"picked":"Singing Bowl","floor":27},{"not_picked":["Headbutt","Clothesline+1","Infernal Blade"],"picked":"Singing Bowl","floor":28},{"not_picked":["Reckless Charge","Havoc","Cleave"],"picked":"Singing Bowl","floor":29},{"not_picked":["Bloodletting","Flame Barrier","Infernal Blade"],"picked":"Singing Bowl","floor":31}],"player_experience":435382,"relics_obtained":[{"floor":7,"key":"Old Coin"},{"floor":9,"key":"Sundial"},{"floor":24,"key":"Dead Branch"},{"floor":26,"key":"Singing Bowl"}],"event_choices":[{"event_name":"World of Goop","player_choice":"Gather Gold","floor":4,"damage_taken":0},{"event_name":"The Cleric","player_choice":"Card Removal","floor":8,"damage_taken":0}],"is_beta":false,"boss_relics":[{"not_picked":["Ectoplasm","Black Blood"],"picked":"Empty Cage"}],"items_purged_floors":[5,14,20],"is_endless":false,"potions_floor_spawned":[1,2,10,16,21,22,27,29],"killed_by":"Automaton","ascension_level":0}