{"gold_per_floor":[115,134,209,229,247,247,264,264,264,291,310,326,326,361,361,361],"floor_reached":16,"playtime":1413,"items_purged":[],"score":114,"play_id":"b13d0a92-fb20-4fba-ac67-c074b44a8bd8","local_time":"20190224001733","is_ascension_mode":false,"campfire_choices":[{"data":"Brutality","floor":6,"key":"SMITH"},{"data":"Flex","floor":8,"key":"SMITH"},{"floor":13,"key":"REST"},{"floor":15,"key":"REST"}],"neow_cost":"NONE","seed_source_timestamp":717728140111151,"circlet_count":0,"master_deck":["Strike_R","Strike_R","Strike_R","Strike_R","Strike_R","Defend_R","Defend_R","Defend_R","Defend_R","Bash","Brutality+1","Flex+1","Headbutt","Rupture","Rampage","Metallicize"],"relics":["Burning Blood","Bag of Marbles","Blue Candle"],"potions_floor_usage":[2,14,16],"damage_taken":[{"damage":11,"enemies":"Small Slimes","floor":1,"turns":4},{"damage":0,"enemies":"Jaw Worm","floor":2,"turns":4},{"damage":3,"enemies":"2 Louse","floor":4,"turns":4},{"damage":12,"enemies":"Looter","floor":5,"turns":4},{"damage":0,"enemies":"3 Louse","floor":7,"turns":5},{"damage":59,"enemies":"Lagavulin","floor":10,"turns":8},{"damage":4,"enemies":"2 Fungi Beasts","floor":11,"turns":5},{"damage":0,"enemies":"Exordium Wildlife","floor":12,"turns":2},{"damage":49,"enemies":"3 Sentries","floor":14,"turns":6},{"damage":34,"enemies":"Slime Boss","floor":16,"turns":6}],"seed_played":"-4172426921249393420","potions_obtained":[{"floor":1,"key":"SkillPotion"},{"floor":10,"key":"LiquidBronze"},{"floor":11,"key":"SneckoOil"},{"floor":14,"key":"Explosive Potion"}],"is_trial":false,"path_per_floor":["?"],"character_chosen":"IRONCLAD","items_purchased":[],"campfire_rested":2,"item_purchase_floors":[],"current_hp_per_floor":[75,80,69,72,66,66,72,72,72,19,21,27,51,8,32,0],"gold":361,"neow_bonus":"ONE_RANDOM_RARE_CARD","is_prod":false,"is_daily":false,"chose_seed":false,"campfire_upgraded":2,"win_rate":0,"timestamp":1550978253,"path_taken":["M","M","?","M","M","R","M","R","T","E","M","M","R","E","R","BOSS"],"build_version":"2019-01-23","purchased_purges":0,"victory":false,"max_hp_per_floor":[80,80,80,80,80,80,80,80,80,80,80,80,80,80,80,80],"card_choices":[{"not_picked":["Whirlwind","Anger"],"picked":"Flex","floor":1},{"not_picked":["Infernal Blade","Seeing Red","Pommel Strike"],"picked":"SKIP","floor":2},{"not_picked":["True Grit","Sentinel","Sword Boomerang"],"picked":"SKIP","floor":4},{"not_picked":["Clash","Clothesline"],"picked":"Headbutt","floor":5},{"not_picked":["Anger","Brutality","Seeing Red"],"picked":"SKIP","floor":7},{"not_picked":["Body Slam","Anger","True Grit"],"picked":"SKIP","floor":10},{"not_picked":["Shrug It Off","Whirlwind"],"picked":"Rupture","floor":11},{"not_picked":["Power Through","Headbutt"],"picked":"Rampage","floor":12},{"not_picked":["Rampage","Sentinel"],"picked":"Metallicize","floor":14}],"player_experience":222693,"relics_obtained":[{"floor":10,"key":"Bag of Marbles"},{"floor":14,"key":"Blue Candle"}],"event_choices":[{"damage_healed":0,"gold_gain":75,"player_choice":"Gather Gold","damage_taken":11,"max_hp_gain":0,"max_hp_loss":0,"event_name":"World of Goop","floor":3,"gold_loss":0}],"is_beta":false,"boss_relics":[],"items_purged_floors":[],"is_endless":false,"potions_floor_spawned":[1,10,11,14],"killed_by":"Slime Boss","ascension_level":0}