{"gold_per_floor":[111,121,196,69,87,87,112,112,112,112,12,12,26,62,62,183,183,202,202,216,120,138,138,182,182,212,226,260,156,156,12,12,12],"floor_reached":33,"playtime":988,"items_purged":["Strike_R","Injury"],"score":335,"play_id":"90231baf-9b60-4fe5-933d-397a2d737199","local_time":"20190326085336","is_ascension_mode":true,"campfire_choices":[{"data":"Thunderclap","floor":6,"key":"SMITH"},{"floor":10,"key":"REST"},{"data":"Bludgeon","floor":12,"key":"SMITH"},{"data":"Shrug It Off","floor":15,"key":"SMITH"},{"data":"Blind","floor":23,"key":"SMITH"},{"floor":30,"key":"REST"},{"floor":32,"key":"REST"}],"neow_cost":"NONE","seed_source_timestamp":7984644980430828,"circlet_count":0,"master_deck":["Strike_R","Strike_R","Strike_R","Strike_R","Defend_R","Defend_R","Defend_R","Defend_R","Bash","Bludgeon+1","Bloodletting+1","Cleave","Thunderclap+1","Shrug It Off+1","Feed","Seeing Red+1","Battle Trance+1","Blind+1","Offering","Writhe"],"relics":["Burning Blood","Frozen Egg 2","Golden Idol","Centennial Puzzle","Art of War","Cursed Key","Orichalcum","Tiny Chest","Kunai","Oddly Smooth Stone"],"potions_floor_usage":[16,16,18,24,33],"damage_taken":[{"damage":0,"enemies":"2 Louse","floor":1,"turns":3},{"damage":10,"enemies":"Small Slimes","floor":2,"turns":3},{"damage":12,"enemies":"Jaw Worm","floor":5,"turns":2},{"damage":43,"enemies":"Lagavulin","floor":7,"turns":4},{"damage":14,"enemies":"Gremlin Gang","floor":13,"turns":3},{"damage":20,"enemies":"3 Sentries","floor":14,"turns":7},{"damage":18,"enemies":"The Guardian","floor":16,"turns":8},{"damage":16,"enemies":"Shell Parasite","floor":18,"turns":4},{"damage":15,"enemies":"2 Thieves","floor":20,"turns":3},{"damage":10,"enemies":"Cultist and Chosen","floor":22,"turns":3},{"damage":17,"enemies":"Slavers","floor":24,"turns":4},{"damage":30,"enemies":"Sentry and Sphere","floor":27,"turns":4},{"damage":16,"enemies":"Book of Stabbing","floor":28,"turns":4},{"damage":21,"enemies":"Collector","floor":33,"turns":7}],"seed_played":"-8006374492699448901","potions_obtained":[{"floor":2,"key":"LiquidBronze"},{"floor":13,"key":"Swift Potion"},{"floor":14,"key":"LiquidBronze"},{"floor":18,"key":"AttackPotion"},{"floor":24,"key":"Strength Potion"},{"floor":28,"key":"Explosive Potion"}],"is_trial":false,"path_per_floor":["M","M","?","$","M","R","E","?","T","R","$","R","M","E","R","B",null,"M","?","M","$","M","R","E","?","T","M","E","$","R","$","R","B"],"character_chosen":"IRONCLAD","items_purchased":["Thunderclap","Blind","Fruit Juice","Oddly Smooth Stone"],"campfire_rested":3,"item_purchase_floors":[4,21,29,31],"current_hp_per_floor":[80,76,65,65,59,59,22,22,22,46,46,46,38,24,24,12,80,70,70,61,61,57,57,46,46,46,25,15,15,39,39,63,47],"gold":12,"neow_bonus":"ONE_RANDOM_RARE_CARD","is_prod":false,"is_daily":false,"chose_seed":false,"campfire_upgraded":4,"win_rate":0,"timestamp":1553604816,"path_taken":["M","M","?","$","M","R","E","?","T","R","$","R","M","E","R","BOSS","M","?","?","?","M","R","E","?","T","M","E","$","R","$","R","BOSS"],"build_version":"2019-01-23","purchased_purges":2,"victory":false,"max_hp_per_floor":[80,80,80,80,80,80,80,80,80,80,80,80,80,80,80,80,80,80,80,80,80,80,80,80,80,80,83,83,83,83,83,83,88],"card_choices":[{"not_picked":["Anger","Flex"],"picked":"Bloodletting","floor":1},{"not_picked":["Blood for Blood","Clash"],"picked":"Cleave","floor":2},{"not_picked":["Perfected Strike","Clothesline","Anger"],"picked":"SKIP","floor":5},{"not_picked":["Metallicize","Double Tap","Whirlwind"],"picked":"SKIP","floor":7},{"not_picked":["Searing Blow","Intimidate"],"picked":"Shrug It Off","floor":13},{"not_picked":["Inflame+1","Disarm"],"picked":"Feed","floor":14},{"not_picked":["Havoc","Carnage"],"picked":"Seeing Red+1","floor":18},{"not_picked":["Second Wind","Heavy Blade"],"picked":"Battle Trance+1","floor":20},{"not_picked":["Havoc","Rupture+1","Dropkick"],"picked":"SKIP","floor":22},{"not_picked":["Brutality+1","Shrug It Off","Iron Wave"],"picked":"SKIP","floor":24},{"not_picked":["Clothesline","Anger","Shrug It Off"],"picked":"SKIP","floor":27},{"not_picked":["Intimidate","Reckless Charge+1","Twin Strike"],"picked":"SKIP","floor":28}],"player_experience":530597,"relics_obtained":[{"floor":7,"key":"Frozen Egg 2"},{"floor":9,"key":"Centennial Puzzle"},{"floor":14,"key":"Art of War"},{"floor":24,"key":"Orichalcum"},{"floor":26,"key":"Tiny Chest"},{"floor":28,"key":"Kunai"}],"event_choices":[{"damage_healed":0,"gold_gain":75,"player_choice":"Gather Gold","damage_taken":11,"max_hp_gain":0,"max_hp_loss":0,"event_name":"World of Goop","floor":3,"gold_loss":0},{"damage_healed":0,"gold_gain":0,"player_choice":"Take Wound","damage_taken":0,"relics_obtained":["Golden Idol"],"max_hp_gain":0,"max_hp_loss":0,"event_name":"Golden Idol","floor":8,"gold_loss":0,"cards_obtained":["Injury"]},{"damage_healed":0,"gold_gain":0,"player_choice":"Upgraded","damage_taken":0,"max_hp_gain":0,"max_hp_loss":0,"event_name":"Upgrade Shrine","floor":19,"gold_loss":0,"cards_upgraded":["Bloodletting"]},{"damage_healed":0,"gold_gain":0,"player_choice":"1 cards matched","damage_taken":0,"max_hp_gain":0,"max_hp_loss":0,"event_name":"Match and Keep!","floor":25,"gold_loss":0,"cards_obtained":["Offering"]}],"is_beta":false,"boss_relics":[{"not_picked":["Coffee Dripper","Pandora\u0027s Box"],"picked":"Cursed Key"}],"items_purged_floors":[4,11],"is_endless":false,"potions_floor_spawned":[2,13,14,18,24,28],"killed_by":"Collector","ascension_level":3}