{"gold_per_floor":[117,192,192,46,58,58,83,83,383,383,399,399,413,413,413,413],"floor_reached":16,"playtime":524,"items_purged":[],"score":98,"play_id":"61e262ec-f828-4182-aa14-54442696ac7e","local_time":"20190308151011","is_ascension_mode":false,"campfire_choices":[{"data":"Thunderclap","floor":6,"key":"SMITH"},{"floor":8,"key":"REST"},{"data":"Brutality","floor":12,"key":"SMITH"},{"data":"Bloodletting","floor":15,"key":"SMITH"}],"neow_cost":"PERCENT_DAMAGE","seed_source_timestamp":6456065359941744,"circlet_count":0,"master_deck":["Strike_R","Strike_R","Strike_R","Strike_R","Strike_R","Defend_R","Bash","Thunderclap+1","Inflame","Twin Strike","Brutality+1","Bloodletting+1"],"relics":["Burning Blood","Orichalcum","Shovel","Old Coin","Peace Pipe"],"potions_floor_usage":[16],"damage_taken":[{"damage":8,"enemies":"Small Slimes","floor":1,"turns":3},{"damage":0,"enemies":"2 Louse","floor":5,"turns":2},{"damage":24,"enemies":"Lagavulin","floor":7,"turns":5},{"damage":1,"enemies":"Cultist","floor":11,"turns":3},{"damage":8,"enemies":"Exordium Wildlife","floor":13,"turns":3},{"damage":58,"enemies":"The Guardian","floor":16,"turns":10}],"seed_played":"569067422228945173","potions_obtained":[{"floor":13,"key":"SkillPotion"}],"is_trial":false,"path_per_floor":["M","?","?","$","M","R","E","R","T","?","M","R","M","T","R","B"],"character_chosen":"IRONCLAD","items_purchased":["Orichalcum"],"campfire_rested":1,"item_purchase_floors":[4],"current_hp_per_floor":[54,43,43,43,49,49,31,55,55,55,60,60,58,58,58,0],"gold":413,"neow_bonus":"REMOVE_TWO","is_prod":false,"is_daily":false,"chose_seed":false,"campfire_upgraded":3,"win_rate":0,"timestamp":1552075811,"path_taken":["M","?","?","$","M","R","E","R","T","?","M","R","?","?","R","BOSS"],"build_version":"2019-01-23","purchased_purges":0,"victory":false,"max_hp_per_floor":[80,80,80,80,80,80,80,80,80,80,80,80,80,80,80,80],"card_choices":[{"not_picked":["Clash","Body Slam"],"picked":"Thunderclap","floor":1},{"not_picked":["Dual Wield","Clothesline"],"picked":"Inflame","floor":5},{"not_picked":["Berserk","Uppercut"],"picked":"Twin Strike","floor":7},{"not_picked":["Pummel","Iron Wave","Clothesline"],"picked":"SKIP","floor":11},{"not_picked":["Clothesline","Blood for Blood"],"picked":"Bloodletting","floor":13}],"player_experience":455195,"relics_obtained":[{"floor":7,"key":"Shovel"},{"floor":9,"key":"Old Coin"},{"floor":14,"key":"Peace Pipe"}],"event_choices":[{"damage_healed":0,"gold_gain":75,"player_choice":"Gather Gold","damage_taken":11,"max_hp_gain":0,"max_hp_loss":0,"event_name":"World of Goop","floor":2,"gold_loss":0},{"cards_removed":["Defend_R"],"damage_healed":0,"gold_gain":0,"player_choice":"Forget","damage_taken":0,"max_hp_gain":0,"max_hp_loss":0,"event_name":"Living Wall","floor":3,"gold_loss":0},{"damage_healed":0,"gold_gain":0,"player_choice":"1 cards matched","damage_taken":0,"max_hp_gain":0,"max_hp_loss":0,"event_name":"Match and Keep!","floor":10,"gold_loss":0,"cards_obtained":["Brutality"]}],"is_beta":false,"boss_relics":[],"items_purged_floors":[],"is_endless":false,"potions_floor_spawned":[13],"killed_by":"The Guardian","ascension_level":0}