{"gold_per_floor":[112,126,144,219,36,69,69,82,106,56,91,101,112,128,128,128],"floor_reached":16,"playtime":1149,"items_purged":["Strike_R"],"score":125,"play_id":"e90aa5f3-53e0-4f45-91bd-0978d29f0b08","local_time":"20190330233127","is_ascension_mode":true,"campfire_choices":[{"data":"Clothesline","floor":7,"key":"SMITH"},{"floor":15,"key":"REST"}],"neow_cost":"NONE","seed_source_timestamp":32806958558420,"circlet_count":0,"master_deck":["Strike_R","Strike_R","Strike_R","Strike_R","Defend_R","Defend_R","Defend_R","Defend_R","Bash","Clothesline+1","Heavy Blade","Whirlwind","Shockwave","Rampage","Thunderclap"],"relics":["Burning Blood","Red Skull","Smiling Mask","PreservedInsect","Bronze Scales"],"potions_floor_usage":[6,11,11,13,16],"damage_taken":[{"damage":6,"enemies":"Cultist","floor":1,"turns":3},{"damage":2,"enemies":"2 Louse","floor":2,"turns":4},{"damage":4,"enemies":"Jaw Worm","floor":3,"turns":3},{"damage":14,"enemies":"Gremlin Nob","floor":6,"turns":4},{"damage":0,"enemies":"3 Louse","floor":8,"turns":1},{"damage":13,"enemies":"3 Sentries","floor":11,"turns":4},{"damage":11,"enemies":"2 Fungi Beasts","floor":12,"turns":3},{"damage":30,"enemies":"Exordium Thugs","floor":13,"turns":4},{"damage":3,"enemies":"3 Louse","floor":14,"turns":3},{"damage":58,"enemies":"The Guardian","floor":16,"turns":12}],"seed_played":"-4014946266692463052","potions_obtained":[{"floor":1,"key":"AttackPotion"},{"floor":3,"key":"PowerPotion"},{"floor":6,"key":"AttackPotion"},{"floor":8,"key":"Swift Potion"},{"floor":13,"key":"SteroidPotion"}],"is_trial":false,"path_per_floor":["M","?","$"],"character_chosen":"IRONCLAD","items_purchased":["Whirlwind","Red Skull"],"campfire_rested":1,"item_purchase_floors":[5,5],"current_hp_per_floor":[80,80,80,69,69,61,61,67,67,67,60,55,31,34,58,0],"gold":128,"neow_bonus":"THREE_CARDS","is_prod":false,"is_daily":false,"chose_seed":false,"campfire_upgraded":1,"win_rate":0,"timestamp":1553999487,"path_taken":["M","M","?","?","?","E","R","M","T","$","E","M","M","M","R","BOSS"],"build_version":"2019-01-23","purchased_purges":1,"victory":false,"max_hp_per_floor":[80,80,80,80,80,80,80,80,80,80,80,80,80,80,80,80],"card_choices":[{"not_picked":["Ghostly Armor","Pummel"],"picked":"Clothesline","floor":0},{"not_picked":["Dropkick","Dual Wield"],"picked":"Heavy Blade","floor":1},{"not_picked":["Pommel Strike","Heavy Blade","Searing Blow"],"picked":"SKIP","floor":2},{"not_picked":["Dropkick","Dual Wield","True Grit"],"picked":"SKIP","floor":3},{"not_picked":["Perfected Strike","Heavy Blade","Havoc"],"picked":"SKIP","floor":6},{"not_picked":["Pommel Strike","Immolate"],"picked":"Shockwave","floor":8},{"not_picked":["Sword Boomerang","Rupture"],"picked":"Rampage","floor":11},{"not_picked":["Power Through","Heavy Blade","Flex"],"picked":"SKIP","floor":12},{"not_picked":["Perfected Strike","Entrench"],"picked":"Thunderclap","floor":13},{"not_picked":["True Grit","Clothesline","Cleave"],"picked":"SKIP","floor":14}],"player_experience":509568,"relics_obtained":[{"floor":6,"key":"Smiling Mask"},{"floor":9,"key":"PreservedInsect"},{"floor":11,"key":"Bronze Scales"}],"event_choices":[{"damage_healed":0,"gold_gain":75,"player_choice":"Gather Gold","damage_taken":11,"max_hp_gain":0,"max_hp_loss":0,"event_name":"World of Goop","floor":4,"gold_loss":0}],"is_beta":false,"boss_relics":[],"items_purged_floors":[10],"is_endless":false,"potions_floor_spawned":[1,3,6,8,13],"killed_by":"The Guardian","ascension_level":2}