{"gold_per_floor":[116,135,145,157,82,111,124,137,183,183,183,215,215,215,215,320,320,335,335,360,191,191,191,210,210,291,316,316,143,174,102,102,201,201,220,235,251,473,487,487,147,147,147,163,84,84,84,96,96,96,96,96,70,101,101],"floor_reached":56,"playtime":4770,"items_purged":["Doubt","Defend_R","Defend_R","Parasite"],"score":1218,"play_id":"e2fd561c-37ba-40f1-9f99-f93c6d7bf6de","local_time":"20190312134144","is_ascension_mode":false,"campfire_choices":[{"data":"True Grit","floor":11,"key":"SMITH"},{"data":"Metallicize","floor":13,"key":"SMITH"},{"data":"Offering","floor":15,"key":"SMITH"},{"data":"Demon Form","floor":23,"key":"SMITH"},{"data":"Disarm","floor":25,"key":"SMITH"},{"data":"Entrench","floor":28,"key":"SMITH"},{"data":"Battle Trance","floor":32,"key":"SMITH"},{"data":"Barricade","floor":40,"key":"SMITH"},{"data":"Heavy Blade","floor":42,"key":"SMITH"},{"floor":46,"key":"RECALL"},{"data":"Power Through","floor":49,"key":"SMITH"},{"data":"Disarm","floor":52,"key":"SMITH"}],"neow_cost":"CURSE","seed_source_timestamp":1928577282400,"circlet_count":0,"master_deck":["Defend_R","Defend_R","Bash","True Grit+1","Metallicize+1","Evolve","Ghostly Armor","Offering+1","Demon Form+1","Shrug It Off","Bite","Bite","Bite","Bite","Bite","Shrug It Off","Disarm+1","Battle Trance+1","Entrench+1","Shrug It Off","Heavy Blade+1","Disarm+1","Barricade+1","Heavy Blade+1","Ghostly Armor+1","Power Through+1","Disarm","Body Slam"],"relics":["Black Blood","Thread and Needle","Happy Flower","Bronze Scales","Runic Dome","Red Mask","Pear","Question Card","Art of War","Oddly Smooth Stone","Turnip","Bottled Flame"],"potions_floor_usage":[12,12,16,55,55,55],"damage_taken":[{"damage":0,"enemies":"Cultist","floor":1,"turns":4},{"damage":0,"enemies":"Jaw Worm","floor":2,"turns":5},{"damage":0,"enemies":"Small Slimes","floor":3,"turns":5},{"damage":1,"enemies":"3 Louse","floor":4,"turns":5},{"damage":12,"enemies":"3 Sentries","floor":6,"turns":14},{"damage":0,"enemies":"Blue Slaver","floor":7,"turns":5},{"damage":6,"enemies":"Large Slime","floor":8,"turns":9},{"damage":6,"enemies":"Lagavulin","floor":12,"turns":7},{"damage":42,"enemies":"Hexaghost","floor":16,"turns":13},{"damage":6,"enemies":"Chosen","floor":18,"turns":5},{"damage":23,"enemies":"Masked Bandits","floor":20,"turns":6},{"damage":6,"enemies":"2 Thieves","floor":24,"turns":4},{"damage":15,"enemies":"Gremlin Leader","floor":27,"turns":8},{"damage":6,"enemies":"Book of Stabbing","floor":30,"turns":5},{"damage":12,"enemies":"Champ","floor":33,"turns":10},{"damage":6,"enemies":"3 Darklings","floor":35,"turns":8},{"damage":18,"enemies":"Orb Walker","floor":36,"turns":5},{"damage":18,"enemies":"3 Darklings","floor":37,"turns":7},{"damage":6,"enemies":"Writhing Mass","floor":39,"turns":6},{"damage":6,"enemies":"Spire Growth","floor":44,"turns":7},{"damage":17,"enemies":"3 Darklings","floor":48,"turns":7},{"damage":20,"enemies":"Awakened One","floor":50,"turns":16},{"damage":8,"enemies":"Shield and Spear","floor":54,"turns":8},{"damage":7,"enemies":"The Heart","floor":55,"turns":11}],"seed_played":"-4791209977123318992","potions_obtained":[{"floor":3,"key":"AttackPotion"},{"floor":4,"key":"SkillPotion"},{"floor":8,"key":"SkillPotion"},{"floor":16,"key":"PowerPotion"},{"floor":27,"key":"Dexterity Potion"},{"floor":30,"key":"Weak Potion"},{"floor":54,"key":"EssenceOfSteel"}],"is_trial":false,"path_per_floor":["?","?","?","?","$","?","M","?","?"],"character_chosen":"IRONCLAD","items_purchased":["Disarm","Shrug It Off","Disarm","Oddly Smooth Stone","Power Through","Disarm","Body Slam"],"campfire_rested":0,"item_purchase_floors":[21,29,31,41,41,45,53],"current_hp_per_floor":[80,80,80,80,80,74,80,80,80,85,85,85,85,85,85,49,85,85,59,59,59,59,59,59,59,69,69,69,69,69,69,69,69,69,69,67,69,69,69,69,66,66,66,66,66,66,66,66,66,66,66,66,66,66,66],"gold":101,"neow_bonus":"ONE_RARE_RELIC","is_prod":false,"is_daily":false,"chose_seed":false,"campfire_upgraded":11,"win_rate":0,"timestamp":1552412504,"path_taken":["M","M","M","M","$","E","M","M","T","?","R","E","R","?","R","BOSS","M","?","?","?","?","R","M","R","T","E","R","$","E","$","R","BOSS","M","M","?","?","M","R","$","R","T","M","$","R","?","M","R","BOSS","R","$","E","BOSS"],"build_version":"2019-01-23","purchased_purges":4,"victory":true,"max_hp_per_floor":[80,80,80,80,80,80,80,80,80,85,85,85,85,85,85,85,85,85,59,59,59,59,59,59,59,69,69,69,69,69,69,69,69,69,69,69,69,69,69,69,66,66,66,66,66,66,66,66,66,66,66,66,66,66,66],"card_choices":[{"not_picked":["Clash","Intimidate"],"picked":"True Grit","floor":1},{"not_picked":["Thunderclap","Cleave"],"picked":"Metallicize","floor":2},{"not_picked":["Intimidate","Cleave","True Grit"],"picked":"SKIP","floor":3},{"not_picked":["Iron Wave","Armaments"],"picked":"Evolve","floor":4},{"not_picked":["Heavy Blade","Perfected Strike"],"picked":"Ghostly Armor","floor":6},{"not_picked":["Shrug It Off","Heavy Blade"],"picked":"Offering","floor":7},{"not_picked":["Wild Strike","Evolve","Cleave"],"picked":"SKIP","floor":8},{"not_picked":["Intimidate","Rupture","Dark Embrace"],"picked":"SKIP","floor":12},{"not_picked":["Brutality","Immolate"],"picked":"Demon Form","floor":16},{"not_picked":["Headbutt","Fire Breathing"],"picked":"Shrug It Off","floor":18},{"not_picked":["Warcry","Wild Strike"],"picked":"Shrug It Off","floor":20},{"not_picked":["Perfected Strike+1","Anger"],"picked":"Battle Trance","floor":24},{"not_picked":["Infernal Blade","Brutality"],"picked":"Entrench","floor":27},{"not_picked":["Rage+1","Second Wind","Reckless Charge"],"picked":"Heavy Blade+1","floor":30},{"not_picked":["Demon Form","Double Tap","Brutality"],"picked":"Barricade","floor":33},{"not_picked":["Cleave+1","Perfected Strike","Havoc+1","Power Through"],"picked":"SKIP","floor":35},{"not_picked":["Havoc","Thunderclap","Carnage","Perfected Strike"],"picked":"SKIP","floor":36},{"not_picked":["Havoc+1","Cleave","Armaments"],"picked":"Heavy Blade","floor":37},{"not_picked":["Double Tap","Wild Strike+1","True Grit"],"picked":"Ghostly Armor+1","floor":39},{"not_picked":["Wild Strike+1","Battle Trance+1","Anger","Havoc+1"],"picked":"SKIP","floor":44},{"not_picked":["Infernal Blade","Havoc","Anger","Iron Wave+1"],"picked":"SKIP","floor":48},{"not_picked":["Juggernaut","Cleave+1","Fire Breathing","Shockwave+1"],"picked":"SKIP","floor":54}],"player_experience":160637,"relics_obtained":[{"floor":6,"key":"Happy Flower"},{"floor":12,"key":"Bronze Scales"},{"floor":20,"key":"Red Mask"},{"floor":26,"key":"Pear"},{"floor":27,"key":"Question Card"},{"floor":30,"key":"Art of War"},{"floor":43,"key":"Turnip"},{"floor":54,"key":"Bottled Flame"}],"event_choices":[{"damage_healed":0,"gold_gain":0,"player_choice":"Donut","damage_taken":0,"max_hp_gain":5,"max_hp_loss":0,"event_name":"Big Fish","floor":10,"gold_loss":0},{"cards_removed":["Strike_R"],"damage_healed":0,"gold_gain":0,"player_choice":"Forget","damage_taken":0,"max_hp_gain":0,"max_hp_loss":0,"event_name":"Living Wall","floor":14,"gold_loss":0},{"damage_healed":0,"gold_gain":0,"player_choice":"Became a vampire","damage_taken":0,"max_hp_gain":0,"max_hp_loss":26,"event_name":"Vampires","floor":19,"gold_loss":0,"cards_obtained":["Bite","Bite","Bite","Bite","Bite"]},{"damage_healed":0,"gold_gain":0,"player_choice":"Fought Bandits","damage_taken":0,"max_hp_gain":0,"max_hp_loss":0,"event_name":"Masked Bandits","floor":20,"gold_loss":0},{"damage_healed":0,"gold_gain":0,"player_choice":"Ignored","damage_taken":0,"max_hp_gain":0,"max_hp_loss":0,"event_name":"N\u0027loth","floor":22,"gold_loss":0},{"damage_healed":0,"gold_gain":222,"player_choice":"Wore Mask","damage_taken":0,"max_hp_gain":0,"max_hp_loss":0,"event_name":"Tomb of Lord Red Mask","floor":38,"gold_loss":0},{"damage_healed":0,"gold_gain":0,"player_choice":"Ignored","damage_taken":0,"max_hp_gain":0,"max_hp_loss":0,"event_name":"SecretPortal","floor":47,"gold_loss":0}],"is_beta":false,"boss_relics":[{"not_picked":["White Beast Statue","Snecko Eye"],"picked":"Runic Dome"},{"not_picked":["Runic Cube","Fusion Hammer"],"picked":"Black Blood"}],"items_purged_floors":[5,21,29,41],"is_endless":false,"potions_floor_spawned":[3,4,8,16,27,30,33,35,36,48,54],"ascension_level":0}