{"gold_per_floor":[118,118,19,19,30,57,57,57,112,127,27,37,37,49,49,150,150,166,184,184,59,59,59,74,74,74,85,85],"floor_reached":28,"playtime":957,"items_purged":["Defend_G","Strike_G","Decay"],"score":218,"play_id":"9e1e4adc-08fd-4ba2-a1f6-e3af44794efe","local_time":"20180711134655","is_ascension_mode":false,"campfire_choices":[{"data":"Backflip","floor":7,"key":"SMITH"},{"data":"Survivor","floor":13,"key":"SMITH"},{"data":"Quick Slash","floor":15,"key":"SMITH"},{"data":"Blur","floor":23,"key":"SMITH"},{"data":"Neutralize","floor":25,"key":"SMITH"}],"neow_cost":"NONE","seed_source_timestamp":20070023480985,"circlet_count":0,"master_deck":["Defend_G","Defend_G","Strike_G","Strike_G","Strike_G","Strike_G","Survivor+1","Neutralize+1","Flying Knee","Backflip+1","Quick Slash+1","Parasite","Flying Knee","Acrobatics","Blur+1"],"relics":["Ring of the Snake","Bronze Scales","Anchor","Tiny Chest","Busted Crown","The Courier"],"potions_floor_usage":[16,16,16,28],"damage_taken":[{"damage":0,"enemies":"2 Louse","floor":1,"turns":3},{"damage":0,"enemies":"Jaw Worm","floor":5,"turns":3},{"damage":15,"enemies":"Gremlin Nob","floor":6,"turns":4},{"damage":0,"enemies":"Small Slimes","floor":10,"turns":3},{"damage":0,"enemies":"Looter","floor":12,"turns":2},{"damage":0,"enemies":"Blue Slaver","floor":14,"turns":3},{"damage":46,"enemies":"Slime Boss","floor":16,"turns":10},{"damage":0,"enemies":"3 Byrds","floor":18,"turns":4},{"damage":2,"enemies":"Chosen","floor":19,"turns":4},{"damage":25,"enemies":"3 Cultists","floor":24,"turns":5},{"damage":0,"enemies":"Snake Plant","floor":27,"turns":4},{"damage":44,"enemies":"Gremlin Leader","floor":28,"turns":12}],"seed_played":"3718560531154507670","potions_obtained":[{"floor":6,"key":"Weak Potion"},{"floor":12,"key":"SteroidPotion"},{"floor":14,"key":"Regen Potion"},{"floor":27,"key":"EssenceOfSteel"}],"is_trial":false,"path_per_floor":["M","?","$","?","M","E","R","?","T","M","$","M","R","M","R","B",null,"M","M","?","$","?","R","M","R","T","M"],"character_chosen":"THE_SILENT","items_purchased":["Flying Knee"],"campfire_rested":0,"item_purchase_floors":[3],"current_hp_per_floor":[70,63,63,63,63,48,48,65,65,65,65,65,65,65,65,34,70,70,68,68,68,68,68,43,43,43,43,0],"gold":85,"neow_bonus":"RANDOM_COMMON_RELIC","is_prod":false,"is_daily":false,"chose_seed":false,"campfire_upgraded":5,"win_rate":0,"timestamp":1531331215,"path_taken":["M","?","$","?","?","E","R","?","T","M","$","M","R","M","R","BOSS","M","M","?","$","?","R","M","R","T","M","E"],"build_version":"2018-07-05","purchased_purges":3,"victory":false,"max_hp_per_floor":[70,70,70,70,70,70,70,70,70,70,70,70,70,70,70,70,70,70,70,70,70,70,70,70,70,70,70,70],"card_choices":[{"not_picked":["Slice","Noxious Fumes","Leg Sweep"],"picked":"SKIP","floor":1},{"not_picked":["Infinite Blades","Choke"],"picked":"Backflip","floor":5},{"not_picked":["Infinite Blades","Corpse Explosion"],"picked":"Quick Slash","floor":6},{"not_picked":["Accuracy","Sucker Punch"],"picked":"Flying Knee","floor":10},{"not_picked":["Calculated Gamble","Distraction"],"picked":"Acrobatics","floor":12},{"not_picked":["Flying Knee","Footwork","Infinite Blades"],"picked":"SKIP","floor":14},{"not_picked":["Calculated Gamble+1"],"picked":"SKIP","floor":18},{"not_picked":[],"picked":"Blur","floor":19},{"not_picked":["Slice+1"],"picked":"SKIP","floor":24},{"not_picked":["Underhanded Strike"],"picked":"SKIP","floor":27}],"player_experience":220389,"relics_obtained":[{"floor":6,"key":"Anchor"},{"floor":9,"key":"Tiny Chest"},{"floor":26,"key":"The Courier"}],"event_choices":[{"event_name":"Golden Wing","player_choice":"Card Removal","floor":2,"damage_taken":0},{"event_name":"Living Wall","player_choice":"Forget","floor":4,"damage_taken":0},{"event_name":"Mushrooms","player_choice":"Healed and dodged fight","floor":8,"damage_taken":0},{"event_name":"Wheel of Change","player_choice":"Curse","floor":20,"damage_taken":0},{"event_name":"Beggar","player_choice":"Ignored","floor":22,"damage_taken":0}],"boss_relics":[{"not_picked":["Runic Dome","Cursed Key"],"picked":"Busted Crown"}],"items_purged_floors":[3,11,21],"is_endless":false,"potions_floor_spawned":[6,12,14,27],"killed_by":"Gremlin Leader","ascension_level":0}