{"gold_per_floor":[13,26,26,47,60,99,99,99,99,99,123,123,139,162,162,162],"floor_reached":16,"playtime":1046,"items_purged":[],"score":109,"play_id":"9d3edd13-f3cc-4d7c-8284-4633e7db948f","local_time":"20190328073320","is_ascension_mode":true,"campfire_choices":[{"floor":7,"key":"REST"},{"data":"Neutralize","floor":10,"key":"SMITH"},{"data":"Sucker Punch","floor":12,"key":"SMITH"},{"floor":15,"key":"REST"}],"neow_cost":"NO_GOLD","seed_source_timestamp":8152581675669940,"circlet_count":0,"master_deck":["Defend_G","Defend_G","Defend_G","Defend_G","Defend_G","Strike_G","Strike_G","Strike_G","Strike_G","Strike_G","Survivor","Neutralize+1","Dash","Dagger Spray","Injury","Flying Knee","Envenom+1","Sucker Punch+1","Catalyst"],"relics":["Ring of the Snake","Unceasing Top","Golden Idol","The Courier","The Specimen"],"potions_floor_usage":[6,16,16],"damage_taken":[{"damage":7,"enemies":"Jaw Worm","floor":1,"turns":6},{"damage":0,"enemies":"Small Slimes","floor":2,"turns":3},{"damage":0,"enemies":"Cultist","floor":4,"turns":4},{"damage":3,"enemies":"Exordium Thugs","floor":5,"turns":3},{"damage":44,"enemies":"Lagavulin","floor":6,"turns":11},{"damage":4,"enemies":"Large Slime","floor":11,"turns":6},{"damage":16,"enemies":"Lots of Slimes","floor":13,"turns":4},{"damage":2,"enemies":"Blue Slaver","floor":14,"turns":4},{"damage":39,"enemies":"Hexaghost","floor":16,"turns":11}],"seed_played":"4401239557030405536","potions_obtained":[{"floor":2,"key":"Energy Potion"},{"floor":11,"key":"Poison Potion"},{"floor":13,"key":"SteroidPotion"},{"floor":14,"key":"Explosive Potion"}],"is_trial":false,"path_per_floor":["M","M","?","M","M","E","R","?","T","R","M","R","M","M","R","B"],"character_chosen":"THE_SILENT","items_purchased":[],"campfire_rested":2,"item_purchase_floors":[],"current_hp_per_floor":[63,63,63,63,60,16,37,37,37,37,33,33,17,15,36,0],"gold":162,"neow_bonus":"ONE_RARE_RELIC","is_prod":false,"is_daily":false,"chose_seed":false,"campfire_upgraded":2,"win_rate":0,"timestamp":1553772800,"path_taken":["M","M","?","M","M","E","R","?","T","R","M","R","?","M","R","BOSS"],"build_version":"2019-01-23","purchased_purges":0,"victory":false,"max_hp_per_floor":[70,70,70,70,70,70,70,70,70,70,70,70,70,70,70,70],"card_choices":[{"not_picked":["Cloak And Dagger","PiercingWail"],"picked":"Dash","floor":1},{"not_picked":["All Out Attack","Cloak And Dagger"],"picked":"Dagger Spray","floor":2},{"not_picked":["Prepared","Choke"],"picked":"Flying Knee","floor":4},{"not_picked":["Dagger Throw","Underhanded Strike","Prepared"],"picked":"SKIP","floor":5},{"not_picked":["Tactician","Setup"],"picked":"Envenom","floor":6},{"not_picked":["Prepared","Dagger Throw"],"picked":"Sucker Punch","floor":11},{"not_picked":["Quick Slash","Sucker Punch","Reflex"],"picked":"SKIP","floor":13},{"not_picked":["Dagger Throw","All Out Attack"],"picked":"Catalyst","floor":14}],"player_experience":568746,"relics_obtained":[{"floor":6,"key":"The Courier"},{"floor":9,"key":"The Specimen"}],"event_choices":[{"damage_healed":0,"gold_gain":0,"player_choice":"Take Wound","damage_taken":0,"relics_obtained":["Golden Idol"],"max_hp_gain":0,"max_hp_loss":0,"event_name":"Golden Idol","floor":3,"gold_loss":0,"cards_obtained":["Injury"]},{"damage_healed":0,"gold_gain":0,"player_choice":"Upgraded","damage_taken":0,"max_hp_gain":0,"max_hp_loss":0,"event_name":"Upgrade Shrine","floor":8,"gold_loss":0,"cards_upgraded":["Envenom"]}],"is_beta":false,"boss_relics":[],"items_purged_floors":[],"is_endless":false,"potions_floor_spawned":[2,11,13,14],"killed_by":"Hexaghost","ascension_level":1}