{"gold_per_floor":[11,23,37,117,136,165,176,176,176,206,206,221,238,270,270,374,374,345,358,358],"floor_reached":20,"playtime":3552,"items_purged":[],"score":248,"play_id":"5deb131b-528b-45ac-8e59-b9f424159fbd","local_time":"20190324072512","is_ascension_mode":false,"campfire_choices":[{"data":"Neutralize","floor":8,"key":"SMITH"},{"data":"Well Laid Plans","floor":11,"key":"SMITH"},{"floor":15,"key":"REST"}],"neow_cost":"NO_GOLD","seed_source_timestamp":216341275330008,"circlet_count":0,"master_deck":["Defend_G","Defend_G","Defend_G","Defend_G","Defend_G","Strike_G","Strike_G","Strike_G","Strike_G","Strike_G","Survivor","Neutralize+1","Malaise","Backstab","Blur","Backflip","Catalyst","Footwork","Dagger Spray","Well Laid Plans+1","PiercingWail","Backflip","Backflip","A Thousand Cuts","Writhe","Shame","Parasite","Backflip","Catalyst"],"relics":["Ring of the Snake","Anchor","Darkstone Periapt","Pear","Meat on the Bone","Calling Bell","Pen Nib","Molten Egg 2","Ice Cream"],"potions_floor_usage":[6,7,14,18,20],"damage_taken":[{"damage":3,"enemies":"Small Slimes","floor":1,"turns":6},{"damage":0,"enemies":"2 Louse","floor":2,"turns":3},{"damage":2,"enemies":"Cultist","floor":3,"turns":5},{"damage":8,"enemies":"2 Fungi Beasts","floor":5,"turns":4},{"damage":11,"enemies":"Lagavulin","floor":6,"turns":9},{"damage":0,"enemies":"Large Slime","floor":7,"turns":12},{"damage":6,"enemies":"3 Sentries","floor":10,"turns":13},{"damage":0,"enemies":"Looter","floor":12,"turns":5},{"damage":6,"enemies":"Red Slaver","floor":13,"turns":5},{"damage":13,"enemies":"Lagavulin","floor":14,"turns":17},{"damage":33,"enemies":"The Guardian","floor":16,"turns":25},{"damage":18,"enemies":"2 Thieves","floor":18,"turns":5},{"damage":24,"enemies":"Spheric Guardian","floor":19,"turns":24},{"damage":28,"enemies":"Centurion and Healer","floor":20,"turns":19}],"seed_played":"2220821092555700492","potions_obtained":[{"floor":2,"key":"Ancient Potion"},{"floor":3,"key":"Poison Potion"},{"floor":6,"key":"Explosive Potion"},{"floor":16,"key":"SteroidPotion"},{"floor":19,"key":"Explosive Potion"}],"is_trial":false,"path_per_floor":["?"],"character_chosen":"THE_SILENT","items_purchased":[],"campfire_rested":1,"item_purchase_floors":[],"current_hp_per_floor":[67,67,65,65,57,46,46,46,46,50,50,50,44,31,55,34,98,80,56,28],"gold":358,"neow_bonus":"THREE_RARE_CARDS","is_prod":false,"is_daily":false,"chose_seed":false,"campfire_upgraded":2,"win_rate":0,"timestamp":1553423112,"path_taken":["M","M","M","?","M","E","M","R","T","E","R","M","M","E","R","BOSS","M","M","M"],"build_version":"2019-01-23","purchased_purges":0,"victory":false,"max_hp_per_floor":[70,70,70,70,70,70,70,70,70,80,80,80,80,80,80,80,98,98,98,98],"card_choices":[{"not_picked":["Die Die Die","Storm of Steel"],"picked":"Malaise","floor":0},{"not_picked":["PiercingWail","Cloak And Dagger"],"picked":"Backstab","floor":1},{"not_picked":["Blade Dance","Escape Plan"],"picked":"Blur","floor":2},{"not_picked":["PiercingWail","Quick Slash"],"picked":"Backflip","floor":3},{"not_picked":["Slice","Noxious Fumes"],"picked":"Catalyst","floor":5},{"not_picked":["Accuracy","Dodge and Roll"],"picked":"Footwork","floor":6},{"not_picked":["Dagger Throw","Slice"],"picked":"Dagger Spray","floor":7},{"not_picked":["Dodge and Roll","Storm of Steel"],"picked":"Well Laid Plans","floor":10},{"not_picked":["Poisoned Stab","Dodge and Roll"],"picked":"PiercingWail","floor":12},{"not_picked":["Quick Slash","Heel Hook"],"picked":"Backflip","floor":13},{"not_picked":["Sucker Punch","Cloak And Dagger"],"picked":"Backflip","floor":14},{"not_picked":["Corpse Explosion","Venomology"],"picked":"A Thousand Cuts","floor":16},{"not_picked":["Outmaneuver","A Thousand Cuts"],"picked":"Backflip","floor":18},{"not_picked":["Outmaneuver","Masterful Stab+1"],"picked":"Catalyst","floor":19}],"player_experience":419510,"relics_obtained":[{"floor":6,"key":"Anchor"},{"floor":9,"key":"Darkstone Periapt"},{"floor":10,"key":"Pear"},{"floor":14,"key":"Meat on the Bone"},{"floor":17,"key":"Pen Nib"},{"floor":17,"key":"Molten Egg 2"},{"floor":17,"key":"Ice Cream"}],"event_choices":[{"damage_healed":0,"gold_gain":80,"player_choice":"Gained Gold","damage_taken":0,"max_hp_gain":0,"max_hp_loss":0,"event_name":"Golden Wing","floor":4,"gold_loss":0}],"is_beta":false,"boss_relics":[{"not_picked":["Tiny House","Black Star"],"picked":"Calling Bell"}],"items_purged_floors":[],"is_endless":false,"potions_floor_spawned":[2,3,6,16,19],"killed_by":"Centurion and Healer","ascension_level":0}