{"gold_per_floor":[116,76,93,113,132,132,142,142,142,92,105,105,123,143,143,242,242,258,618,618,717,717,717,717,717,717,224,236,236,248,267,267,267],"floor_reached":33,"playtime":1071,"items_purged":["Havoc","Defend_R"],"score":239,"play_id":"87053e0a-8037-4267-8a0a-3ae1dbf58788","local_time":"20180706141230","is_ascension_mode":false,"campfire_choices":[{"data":"Whirlwind","floor":6,"key":"SMITH"},{"data":"Perfected Strike","floor":8,"key":"SMITH"},{"data":"Spot Weakness","floor":12,"key":"SMITH"},{"data":"Rage","floor":15,"key":"SMITH"},{"floor":23,"key":"REST"},{"data":"Battle Trance","floor":25,"key":"SMITH"},{"data":"Flex","floor":29,"key":"SMITH"},{"floor":32,"key":"REST"}],"neow_cost":"NONE","seed_source_timestamp":1339777671355033,"circlet_count":0,"master_deck":["Strike_R","Strike_R","Strike_R","Strike_R","Strike_R","Defend_R","Defend_R","Defend_R","Bash","Rage+1","Whirlwind+1","Spot Weakness+1","Perfected Strike+1","Battle Trance+1","Flex+1","Flex+1","Offering"],"relics":["Burning Blood","Strawberry","Smiling Mask","Philosopher\u0027s Stone","Enchiridion","Pen Nib","Dead Branch","Bottled Lightning","Bag of Marbles"],"potions_floor_usage":[16,16,28,33],"damage_taken":[{"damage":6,"enemies":"Cultist","floor":1,"turns":3},{"damage":4,"enemies":"Jaw Worm","floor":3,"turns":4},{"damage":5,"enemies":"Small Slimes","floor":4,"turns":2},{"damage":15,"enemies":"Blue Slaver","floor":5,"turns":4},{"damage":4,"enemies":"Looter","floor":7,"turns":2},{"damage":0,"enemies":"Large Slime","floor":11,"turns":3},{"damage":11,"enemies":"3 Louse","floor":13,"turns":2},{"damage":11,"enemies":"Blue Slaver","floor":14,"turns":3},{"damage":69,"enemies":"Hexaghost","floor":16,"turns":9},{"damage":0,"enemies":"3 Byrds","floor":18,"turns":2},{"damage":0,"enemies":"Spheric Guardian","floor":28,"turns":3},{"damage":27,"enemies":"Snake Plant","floor":30,"turns":2},{"damage":0,"enemies":"Sentry and Sphere","floor":31,"turns":1},{"damage":84,"enemies":"Champ","floor":33,"turns":6}],"seed_played":"7823339670656310997","potions_obtained":[{"floor":2,"key":"SkillPotion"},{"floor":2,"key":"Fire Potion"},{"floor":2,"key":"SmokeBomb"},{"floor":18,"key":"Regen Potion"},{"floor":30,"key":"Block Potion"}],"is_trial":false,"path_per_floor":["M","?","M","M","M","R","M","R","T","$","M","R","M","M","R","B",null,"M","?","?","?","T","R","$","R","T","$","M","R","M","M","R"],"character_chosen":"IRONCLAD","items_purchased":["Flex","Bottled Lightning","Bag of Marbles"],"campfire_rested":2,"item_purchase_floors":[27,27,27],"current_hp_per_floor":[87,87,87,87,78,78,80,80,80,80,86,86,81,76,76,13,87,87,47,31,31,31,57,57,57,57,57,72,72,51,57,83,0],"gold":267,"neow_bonus":"RANDOM_COMMON_RELIC","is_prod":false,"is_daily":false,"chose_seed":false,"campfire_upgraded":6,"win_rate":0,"timestamp":1530900750,"path_taken":["M","?","M","M","M","R","M","R","T","$","M","R","M","M","R","BOSS","M","?","?","?","?","R","?","R","T","?","M","R","M","?","R","BOSS"],"build_version":"2018-07-05","purchased_purges":2,"victory":false,"max_hp_per_floor":[87,87,87,87,87,87,87,87,87,87,87,87,87,87,87,87,87,87,87,87,87,87,87,87,87,87,87,87,87,87,87,87,87],"card_choices":[{"not_picked":["Twin Strike","Havoc"],"picked":"Rage","floor":1},{"not_picked":["Corruption","Clothesline"],"picked":"Whirlwind","floor":3},{"not_picked":["Cleave","Heavy Blade"],"picked":"Spot Weakness","floor":4},{"not_picked":["Warcry","Limit Break"],"picked":"Havoc","floor":5},{"not_picked":["Twin Strike","Sever Soul"],"picked":"Perfected Strike","floor":7},{"not_picked":["Perfected Strike","Hemokinesis"],"picked":"Battle Trance","floor":11},{"not_picked":["Corruption","Warcry","Cleave"],"picked":"SKIP","floor":13},{"not_picked":["True Grit","Shrug It Off","Cleave"],"picked":"SKIP","floor":14},{"not_picked":["Thunderclap","Iron Wave"],"picked":"Flex+1","floor":18},{"not_picked":["Warcry","Power Through","Sever Soul"],"picked":"SKIP","floor":28},{"not_picked":["Heavy Blade","Clash+1"],"picked":"Offering","floor":30},{"not_picked":["Thunderclap","Perfected Strike","True Grit"],"picked":"SKIP","floor":31}],"player_experience":94112,"relics_obtained":[{"floor":9,"key":"Smiling Mask"},{"floor":20,"key":"Enchiridion"},{"floor":22,"key":"Pen Nib"},{"floor":26,"key":"Dead Branch"}],"event_choices":[{"event_name":"The Woman in Blue","player_choice":"Bought 3 Potions","floor":2,"damage_taken":0},{"event_name":"Knowing Skull","player_choice":"GOLD GOLD GOLD GOLD ","floor":19,"damage_taken":0},{"event_name":"Cursed Tome","player_choice":"Obtained Book","floor":20,"damage_taken":0},{"event_name":"Nest","player_choice":"Stole From Cult","floor":21,"damage_taken":0}],"boss_relics":[{"not_picked":["White Beast Statue","Coffee Dripper"],"picked":"Philosopher\u0027s Stone"}],"items_purged_floors":[10,27],"is_endless":false,"potions_floor_spawned":[5,7,13,18,30],"killed_by":"Champ","ascension_level":0}