{"gold_per_floor":[112,126,126,126,144,179,191,242,277,305,342,377,389],"floor_reached":13,"playtime":668,"items_purged":[],"score":102,"play_id":"f69e32ad-be12-49c2-86f6-0e006f4e3e6b","local_time":"20190328124620","is_ascension_mode":true,"campfire_choices":[{"data":"Neutralize","floor":7,"key":"SMITH"}],"neow_cost":"PERCENT_DAMAGE","seed_source_timestamp":8171739021244950,"circlet_count":0,"master_deck":["Defend_G","Defend_G","Defend_G","Defend_G","Defend_G","Strike_G","Strike_G","Strike_G","Strike_G","Strike_G","Survivor","Neutralize+1","Glass Knife","Sucker Punch","Injury","Corpse Explosion","All Out Attack","Dagger Throw","Catalyst"],"relics":["Ring of the Snake","Art of War","Golden Idol","MawBank","Boot","Bag of Marbles"],"potions_floor_usage":[6,8],"damage_taken":[{"damage":3,"enemies":"Jaw Worm","floor":1,"turns":4},{"damage":0,"enemies":"Small Slimes","floor":2,"turns":3},{"damage":0,"enemies":"Cultist","floor":5,"turns":3},{"damage":27,"enemies":"3 Sentries","floor":6,"turns":8},{"damage":7,"enemies":"Lagavulin","floor":8,"turns":8},{"damage":6,"enemies":"Exordium Wildlife","floor":10,"turns":2},{"damage":2,"enemies":"Blue Slaver","floor":11,"turns":2},{"damage":5,"enemies":"Looter","floor":12,"turns":3},{"damage":15,"enemies":"Gremlin Nob","floor":13,"turns":3}],"seed_played":"-4776287638933701056","potions_obtained":[{"floor":1,"key":"Regen Potion"},{"floor":5,"key":"Swift Potion"},{"floor":12,"key":"LiquidBronze"}],"is_trial":false,"path_per_floor":["M","M","?","?","M","E","R","E","T","M","M","M","E"],"character_chosen":"THE_SILENT","items_purchased":[],"campfire_rested":0,"item_purchase_floors":[],"current_hp_per_floor":[46,46,43,43,43,31,31,24,24,18,16,11,0],"gold":389,"neow_bonus":"THREE_RARE_CARDS","is_prod":false,"is_daily":false,"chose_seed":false,"campfire_upgraded":1,"win_rate":0,"timestamp":1553791580,"path_taken":["M","M","?","?","M","E","R","E","T","M","M","M","E"],"build_version":"2019-01-23","purchased_purges":0,"victory":false,"max_hp_per_floor":[70,70,70,70,70,70,70,70,70,70,70,70,70],"card_choices":[{"not_picked":["Malaise","After Image"],"picked":"Glass Knife","floor":0},{"not_picked":["Quick Slash","Acrobatics"],"picked":"Sucker Punch","floor":1},{"not_picked":["Sucker Punch","Bane","Outmaneuver"],"picked":"SKIP","floor":2},{"not_picked":["Quick Slash","Escape Plan"],"picked":"Corpse Explosion","floor":5},{"not_picked":["Bane","Sucker Punch","Tactician"],"picked":"SKIP","floor":6},{"not_picked":["Envenom","Riddle With Holes"],"picked":"All Out Attack","floor":8},{"not_picked":["Choke","Reflex"],"picked":"Dagger Throw","floor":10},{"not_picked":["Outmaneuver","Cloak And Dagger","Dagger Throw"],"picked":"SKIP","floor":11},{"not_picked":["Underhanded Strike","Acrobatics"],"picked":"Catalyst","floor":12}],"player_experience":575988,"relics_obtained":[{"floor":6,"key":"MawBank"},{"floor":8,"key":"Boot"},{"floor":9,"key":"Bag of Marbles"}],"event_choices":[{"damage_healed":0,"gold_gain":0,"player_choice":"Success","damage_taken":3,"relics_obtained":["Art of War"],"max_hp_gain":0,"max_hp_loss":0,"event_name":"Scrap Ooze","floor":3,"gold_loss":0},{"damage_healed":0,"gold_gain":0,"player_choice":"Take Wound","damage_taken":0,"relics_obtained":["Golden Idol"],"max_hp_gain":0,"max_hp_loss":0,"event_name":"Golden Idol","floor":4,"gold_loss":0,"cards_obtained":["Injury"]}],"is_beta":false,"boss_relics":[],"items_purged_floors":[],"is_endless":false,"potions_floor_spawned":[1,5,12],"killed_by":"Gremlin Nob","ascension_level":1}