{"gold_per_floor":[17,28,39,39,69,99,116,116,141,141,175,51,51,69,69,170,170,185,185,202,216,234,234,234,234,259,285,317,331,82,96,96,197,197,209,309,325,344,344,344,355,61,61,75,75,110,110,110,110,110],"floor_reached":51,"playtime":1363,"items_purged":["Regret","Defend_R"],"score":807,"play_id":"14cb6d97-2bd7-48b6-bfd5-839bd2cb7a27","local_time":"20180711093422","is_ascension_mode":false,"campfire_choices":[{"floor":8,"key":"REST"},{"floor":10,"key":"REST"},{"data":"Flex","floor":13,"key":"SMITH"},{"floor":15,"key":"REST"},{"data":"Perfected Strike","floor":23,"key":"SMITH"},{"floor":25,"key":"REST"},{"floor":32,"key":"REST"},{"data":"Battle Trance","floor":40,"key":"SMITH"},{"data":"Bash","floor":45,"key":"SMITH"},{"data":"Wild Strike","floor":49,"key":"SMITH"}],"neow_cost":"NO_GOLD","seed_source_timestamp":4499210808938,"circlet_count":0,"master_deck":["Strike_R","Strike_R","Strike_R+1","Strike_R","Strike_R","Bash+1","Battle Trance+1","Perfected Strike+1","Flex+1","Flex+1","Wild Strike+1","Perfected Strike+1","Twin Strike+1","Perfected Strike+1","Perfected Strike+1","Writhe"],"relics":["Burning Blood","Tiny Chest","Vajra","Art of War","Whetstone","Runic Dome","Pen Nib","Potion Belt","Paper Frog","Anchor","Busted Crown","Red Skull","ClockworkSouvenir","Juzu Bracelet","Bag of Marbles"],"potions_floor_usage":[16,33,38,38,50,50,50,50,50],"damage_taken":[{"damage":17,"enemies":"Small Slimes","floor":1,"turns":3},{"damage":6,"enemies":"Cultist","floor":2,"turns":3},{"damage":1,"enemies":"Jaw Worm","floor":3,"turns":3},{"damage":60,"enemies":"Lagavulin","floor":6,"turns":6},{"damage":18,"enemies":"2 Fungi Beasts","floor":7,"turns":3},{"damage":32,"enemies":"Gremlin Nob","floor":11,"turns":4},{"damage":6,"enemies":"Exordium Wildlife","floor":14,"turns":2},{"damage":27,"enemies":"Hexaghost","floor":16,"turns":7},{"damage":5,"enemies":"Chosen","floor":18,"turns":3},{"damage":18,"enemies":"3 Byrds","floor":20,"turns":4},{"damage":18,"enemies":"Snecko","floor":21,"turns":4},{"damage":30,"enemies":"Centurion and Healer","floor":22,"turns":3},{"damage":30,"enemies":"Book of Stabbing","floor":28,"turns":3},{"damage":10,"enemies":"Cultist and Chosen","floor":29,"turns":3},{"damage":6,"enemies":"3 Cultists","floor":31,"turns":3},{"damage":34,"enemies":"Automaton","floor":33,"turns":5},{"damage":9,"enemies":"3 Darklings","floor":35,"turns":3},{"damage":0,"enemies":"3 Shapes","floor":37,"turns":2},{"damage":13,"enemies":"Maw","floor":38,"turns":3},{"damage":0,"floor":39,"turns":3},{"damage":22,"enemies":"4 Shapes","floor":41,"turns":3},{"damage":6,"enemies":"3 Darklings","floor":44,"turns":2},{"damage":15,"enemies":"2 Orb Walkers","floor":46,"turns":3},{"damage":70,"enemies":"Awakened One","floor":50,"turns":5}],"seed_played":"5785903171979621411","potions_obtained":[{"floor":3,"key":"SkillPotion"},{"floor":6,"key":"SkillPotion"},{"floor":7,"key":"Ancient Potion"},{"floor":11,"key":"SpeedPotion"},{"floor":20,"key":"FearPotion"},{"floor":22,"key":"Poison Potion"},{"floor":29,"key":"FearPotion"},{"floor":37,"key":"Block Potion"},{"floor":38,"key":"SpeedPotion"},{"floor":41,"key":"Poison Potion"}],"is_trial":false,"path_per_floor":["M","M","M","?","?","E","M","R","T","R","E","$","R","M","R","B",null,"M","?","M","M","M","R","?","R","T","T","E","M","$","M","R","B",null,"M","?","M","M","?","R","M","$","T","M","R","E","?","?","R","B"],"character_chosen":"IRONCLAD","items_purchased":["Flex","Anchor","ClockworkSouvenir","Strength Potion","Strength Potion"],"campfire_rested":5,"item_purchase_floors":[12,30,42,42,42],"current_hp_per_floor":[69,69,74,74,74,20,8,32,32,56,30,30,30,30,54,33,80,80,80,68,56,32,32,32,56,56,56,32,28,28,28,52,24,80,77,77,80,73,79,79,63,63,63,63,63,54,54,74,74,10],"gold":110,"neow_bonus":"TRANSFORM_TWO_CARDS","is_prod":false,"is_daily":false,"chose_seed":false,"campfire_upgraded":5,"win_rate":0,"timestamp":1531316062,"path_taken":["M","M","M","?","?","E","M","R","T","R","E","$","R","?","R","BOSS","M","?","?","M","M","R","?","R","T","?","E","?","$","M","R","BOSS","M","?","M","M","?","R","M","$","T","M","R","E","?","?","R","BOSS"],"build_version":"2018-07-05","purchased_purges":2,"victory":true,"max_hp_per_floor":[80,80,80,80,80,80,80,80,80,80,80,80,80,80,80,80,80,80,80,80,80,80,80,80,80,80,80,80,80,80,80,80,80,80,80,80,80,80,80,80,80,80,80,80,80,80,80,80,80,80],"card_choices":[{"not_picked":["Clash","Second Wind"],"picked":"Perfected Strike","floor":1},{"not_picked":["Bloodletting","Sentinel","Cleave"],"picked":"SKIP","floor":2},{"not_picked":["Iron Wave","Headbutt","Clash"],"picked":"SKIP","floor":3},{"not_picked":["Pummel","Infernal Blade","Rampage"],"picked":"SKIP","floor":6},{"not_picked":["Anger","Pummel","Havoc"],"picked":"SKIP","floor":7},{"not_picked":["Blood for Blood","Heavy Blade","Iron Wave"],"picked":"SKIP","floor":11},{"not_picked":["Thunderclap","Clothesline","Clash"],"picked":"SKIP","floor":14},{"not_picked":["Disarm","Rampage"],"picked":"Flex+1","floor":18},{"not_picked":["Clothesline","Entrench+1"],"picked":"Wild Strike","floor":20},{"not_picked":["Sentinel","Feel No Pain"],"picked":"Perfected Strike","floor":21},{"not_picked":["Havoc","Heavy Blade"],"picked":"Twin Strike+1","floor":22},{"not_picked":["Body Slam+1","Clash"],"picked":"Perfected Strike+1","floor":28},{"not_picked":["Heavy Blade+1","Perfected Strike+1","Pommel Strike"],"picked":"SKIP","floor":29},{"not_picked":["Armaments","Feel No Pain","Pommel Strike"],"picked":"SKIP","floor":31},{"not_picked":["Havoc+1"],"picked":"SKIP","floor":35},{"not_picked":["Headbutt"],"picked":"SKIP","floor":37},{"not_picked":["Clash+1"],"picked":"SKIP","floor":38},{"not_picked":["Headbutt"],"picked":"SKIP","floor":41},{"not_picked":["Twin Strike"],"picked":"SKIP","floor":44},{"not_picked":[],"picked":"Perfected Strike+1","floor":46}],"player_experience":205672,"relics_obtained":[{"floor":6,"key":"Vajra"},{"floor":9,"key":"Art of War"},{"floor":11,"key":"Whetstone"},{"floor":26,"key":"Pen Nib"},{"floor":27,"key":"Potion Belt"},{"floor":28,"key":"Paper Frog"},{"floor":39,"key":"Red Skull"},{"floor":43,"key":"Juzu Bracelet"},{"floor":46,"key":"Bag of Marbles"}],"event_choices":[{"event_name":"Purifier","player_choice":"One Purge","floor":4,"damage_taken":0},{"event_name":"Big Fish","player_choice":"Box","floor":5,"damage_taken":0},{"event_name":"Accursed Blacksmith","player_choice":"Ignore","floor":19,"damage_taken":0},{"event_name":"Purifier","player_choice":"One Purge","floor":24,"damage_taken":0},{"event_name":"Golden Shrine","player_choice":"Pray","floor":36,"damage_taken":0},{"event_name":"MindBloom","player_choice":"Fight","floor":39,"damage_taken":0},{"event_name":"Mysterious Sphere","player_choice":"Ignore","floor":47,"damage_taken":0},{"event_name":"Winding Halls","player_choice":"Writhe","floor":48,"damage_taken":0}],"boss_relics":[{"not_picked":["Black Star","Empty Cage"],"picked":"Runic Dome"},{"not_picked":["Runic Pyramid","Mark of Pain"],"picked":"Busted Crown"}],"items_purged_floors":[12,30],"is_endless":false,"potions_floor_spawned":[3,6,7,11,20,22,29,37,38,41,44],"ascension_level":0}