{"gold_per_floor":[110,11,11,11,31,64,64,64,64,64,76,76,86,105,105,206,206,226,301,312,237,249,261,261,261,261,275,292,192,205,216,216,216],"floor_reached":33,"playtime":1451,"items_purged":["Defend_R","Strike_R"],"score":251,"play_id":"e59373a6-cd89-43e5-8864-14747e32b2bd","local_time":"20180716092220","is_ascension_mode":false,"campfire_choices":[{"data":"Demon Form","floor":12,"key":"SMITH"},{"floor":15,"key":"REST"},{"floor":25,"key":"REST"},{"floor":32,"key":"REST"}],"neow_cost":"NONE","seed_source_timestamp":435707304102612,"circlet_count":0,"master_deck":["Strike_R","Strike_R","Strike_R","Strike_R","Defend_R+1","Bash+1","Armaments","Armaments+1","Demon Form+1","Thunderclap+1","Battle Trance","Battle Trance","Offering","Flex","Shrug It Off+1","Writhe"],"relics":["Burning Blood","Ginger","Potion Belt","Cursed Key","Magic Flower"],"potions_floor_usage":[14,18,27,31,31,33],"damage_taken":[{"damage":0,"enemies":"2 Louse","floor":1,"turns":2},{"damage":10,"enemies":"Cultist","floor":5,"turns":4},{"damage":25,"enemies":"Gremlin Nob","floor":6,"turns":4},{"damage":5,"enemies":"Jaw Worm","floor":11,"turns":3},{"damage":0,"enemies":"Large Slime","floor":13,"turns":5},{"damage":9,"enemies":"Exordium Thugs","floor":14,"turns":5},{"damage":49,"enemies":"The Guardian","floor":16,"turns":9},{"damage":20,"enemies":"2 Thieves","floor":18,"turns":3},{"damage":17,"enemies":"3 Byrds","floor":20,"turns":4},{"damage":22,"enemies":"Snake Plant","floor":22,"turns":3},{"damage":4,"enemies":"Centurion and Healer","floor":23,"turns":4},{"damage":6,"enemies":"Cultist and Chosen","floor":27,"turns":4},{"damage":26,"enemies":"Snecko","floor":28,"turns":4},{"damage":18,"enemies":"Snake Plant","floor":30,"turns":4},{"damage":31,"enemies":"Slaver and Parasite","floor":31,"turns":5},{"damage":42,"enemies":"Automaton","floor":33,"turns":6}],"seed_played":"-3264229586612597017","potions_obtained":[{"floor":5,"key":"Swift Potion"},{"floor":11,"key":"Dexterity Potion"},{"floor":14,"key":"Dexterity Potion"},{"floor":22,"key":"SpeedPotion"},{"floor":23,"key":"Ancient Potion"},{"floor":31,"key":"Explosive Potion"}],"is_trial":false,"path_per_floor":["M","$","?","$","M","E","?","$","T","?","M","R","M","M","R","B",null,"M","?","M","?","M","M","?","R","T","M","M","$","M","M","R"],"character_chosen":"IRONCLAD","items_purchased":["Armaments"],"campfire_rested":3,"item_purchase_floors":[2],"current_hp_per_floor":[80,80,80,80,76,57,57,57,57,41,42,42,48,45,69,26,80,66,58,47,47,31,33,33,57,57,60,43,43,34,12,36,0],"gold":216,"neow_bonus":"UPGRADE_CARD","is_prod":false,"is_daily":false,"chose_seed":false,"campfire_upgraded":1,"win_rate":0,"timestamp":1531747340,"path_taken":["M","$","?","$","M","E","?","$","T","?","M","R","M","M","R","BOSS","M","?","?","?","M","M","?","R","T","?","M","$","M","M","R","BOSS"],"build_version":"2018-07-12","purchased_purges":2,"victory":false,"max_hp_per_floor":[80,80,80,80,80,80,80,80,80,80,80,80,80,80,80,80,80,80,80,80,80,80,80,80,80,80,80,80,80,80,80,80,80],"card_choices":[{"not_picked":["Body Slam","Rupture"],"picked":"Armaments","floor":1},{"not_picked":["Fire Breathing","Iron Wave"],"picked":"Thunderclap","floor":5},{"not_picked":["Armaments","True Grit"],"picked":"Battle Trance","floor":6},{"not_picked":["Hemokinesis","Armaments","Blood for Blood"],"picked":"SKIP","floor":11},{"not_picked":["Sever Soul","Cleave","Burning Pact"],"picked":"SKIP","floor":13},{"not_picked":["Seeing Red","Anger"],"picked":"Battle Trance","floor":14},{"not_picked":["Double Tap","Limit Break"],"picked":"Offering","floor":16},{"not_picked":["Sword Boomerang","Armaments","Clothesline"],"picked":"SKIP","floor":18},{"not_picked":["Disarm","Whirlwind"],"picked":"Flex","floor":20},{"not_picked":["Twin Strike+1","Power Through"],"picked":"Shrug It Off+1","floor":22},{"not_picked":["Feel No Pain","Hemokinesis","Wild Strike"],"picked":"SKIP","floor":23},{"not_picked":["Body Slam","Power Through","Havoc"],"picked":"SKIP","floor":27},{"not_picked":["Sword Boomerang","Shockwave+1","Iron Wave+1"],"picked":"SKIP","floor":28},{"not_picked":["Metallicize","Seeing Red+1","Entrench"],"picked":"SKIP","floor":30},{"not_picked":["Blood for Blood","Clothesline","Perfected Strike"],"picked":"SKIP","floor":31}],"player_experience":253779,"relics_obtained":[{"floor":6,"key":"Ginger"},{"floor":9,"key":"Potion Belt"},{"floor":26,"key":"Magic Flower"}],"event_choices":[{"event_name":"Transmorgrifier","player_choice":"Transform","floor":3,"damage_taken":0},{"event_name":"Upgrade Shrine","player_choice":"Upgraded","floor":7,"damage_taken":0},{"event_name":"Shining Light","player_choice":"Entered Light","floor":10,"damage_taken":0},{"event_name":"FaceTrader","player_choice":"Touch","floor":19,"damage_taken":0},{"event_name":"Beggar","player_choice":"Gave Gold","floor":21,"damage_taken":0},{"event_name":"Match and Keep!","player_choice":"0 cards matched","floor":24,"damage_taken":0}],"boss_relics":[{"not_picked":["White Beast Statue","Lizard Tail"],"picked":"Cursed Key"}],"items_purged_floors":[2,29],"is_endless":false,"potions_floor_spawned":[5,11,14,22,23,31],"killed_by":"Automaton","ascension_level":0}