{"gold_per_floor":[109,121,138,213,213,213,224,224,275,310,327,346,346,356,356,455,455,472,472,472,488,488],"floor_reached":22,"playtime":1034,"items_purged":[],"score":188,"play_id":"3c791543-e6ea-44aa-a8aa-c8a688ca7dd8","local_time":"20190223204631","is_ascension_mode":false,"campfire_choices":[{"data":"Go for the Eyes","floor":6,"key":"SMITH"},{"data":"Recycle","floor":8,"key":"SMITH"},{"data":"Zap","floor":13,"key":"SMITH"},{"data":"Capacitor","floor":15,"key":"SMITH"}],"neow_cost":"NONE","seed_source_timestamp":34553250074000,"circlet_count":0,"master_deck":["Strike_B","Strike_B","Defend_B","Defend_B","Defend_B","Defend_B","Zap+1","Dualcast","Ball Lightning","Go for the Eyes+1","Recycle+1","Beam Cell","Capacitor+1","BootSequence","Thunder Strike","Machine Learning","Defragment+1","Iron Wave"],"relics":["Cracked Core","NeowsBlessing","Pen Nib","Vajra","Velvet Choker"],"potions_floor_usage":[16,16,19,22],"damage_taken":[{"damage":0,"enemies":"Small Slimes","floor":1,"turns":1},{"damage":0,"enemies":"Jaw Worm","floor":2,"turns":1},{"damage":0,"enemies":"Cultist","floor":3,"turns":1},{"damage":0,"enemies":"Large Slime","floor":7,"turns":4},{"damage":14,"enemies":"Gremlin Nob","floor":10,"turns":4},{"damage":0,"enemies":"Red Slaver","floor":11,"turns":2},{"damage":7,"enemies":"Looter","floor":12,"turns":3},{"damage":10,"enemies":"3 Louse","floor":14,"turns":3},{"damage":16,"enemies":"Hexaghost","floor":16,"turns":8},{"damage":39,"enemies":"2 Thieves","floor":18,"turns":4},{"damage":21,"enemies":"Colosseum Slavers","floor":19,"turns":4},{"damage":10,"enemies":"Spheric Guardian","floor":21,"turns":3},{"damage":5,"enemies":"Chosen and Byrds","floor":22,"turns":3}],"seed_played":"5618842742311410795","potions_obtained":[{"floor":2,"key":"SkillPotion"},{"floor":7,"key":"Explosive Potion"},{"floor":12,"key":"Poison Potion"},{"floor":16,"key":"Ancient Potion"},{"floor":18,"key":"Energy Potion"},{"floor":21,"key":"PowerPotion"}],"is_trial":false,"path_per_floor":["?","?","M","?","?","M"],"character_chosen":"DEFECT","items_purchased":[],"campfire_rested":0,"item_purchase_floors":[],"current_hp_per_floor":[75,75,75,64,57,57,57,57,57,43,43,36,36,26,26,10,75,36,15,15,5,0],"gold":488,"neow_bonus":"THREE_ENEMY_KILL","is_prod":false,"is_daily":false,"chose_seed":false,"campfire_upgraded":4,"win_rate":0,"timestamp":1550972791,"path_taken":["M","M","M","?","?","R","M","R","T","E","?","M","R","M","R","BOSS","M","?","?","?","M"],"build_version":"2019-01-23","purchased_purges":0,"victory":false,"max_hp_per_floor":[75,75,75,75,75,75,75,75,75,75,75,75,75,75,75,75,75,75,75,75,75,75],"card_choices":[{"not_picked":["Steam","Undo"],"picked":"Ball Lightning","floor":1},{"not_picked":["Cold Snap","Aggregate","Undo"],"picked":"SKIP","floor":2},{"not_picked":["Redo","Barrage"],"picked":"Go for the Eyes","floor":3},{"not_picked":["Leap","Static Discharge"],"picked":"Recycle","floor":7},{"not_picked":["Reinforced Body","Tempest"],"picked":"Beam Cell","floor":10},{"not_picked":["Sweeping Beam","Darkness"],"picked":"Capacitor","floor":11},{"not_picked":["Cold Snap","Coolheaded"],"picked":"BootSequence","floor":12},{"not_picked":["Coolheaded","Redo"],"picked":"Thunder Strike","floor":14},{"not_picked":["Thunder Strike","Hyperbeam"],"picked":"Machine Learning","floor":16},{"not_picked":["Conserve Battery","Chill"],"picked":"Defragment+1","floor":18},{"not_picked":["Rebound","BootSequence","Doom and Gloom"],"picked":"SKIP","floor":21}],"player_experience":124981,"relics_obtained":[{"floor":9,"key":"Pen Nib"},{"floor":10,"key":"Vajra"}],"event_choices":[{"damage_healed":0,"gold_gain":75,"player_choice":"Gather Gold","damage_taken":11,"max_hp_gain":0,"max_hp_loss":0,"event_name":"World of Goop","floor":4,"gold_loss":0},{"cards_removed":["Strike_B"],"damage_healed":0,"gold_gain":0,"player_choice":"Card Removal","damage_taken":7,"max_hp_gain":0,"max_hp_loss":0,"event_name":"Golden Wing","floor":5,"gold_loss":0},{"damage_healed":0,"gold_gain":0,"player_choice":"Fight","damage_taken":0,"max_hp_gain":0,"max_hp_loss":0,"event_name":"Colosseum","floor":19,"gold_loss":0},{"damage_healed":0,"gold_gain":0,"player_choice":"Fled From Nobs","damage_taken":0,"max_hp_gain":0,"max_hp_loss":0,"event_name":"Colosseum","floor":19,"gold_loss":0},{"cards_removed":["Strike_B"],"damage_healed":0,"gold_gain":0,"player_choice":"Took Card","damage_taken":0,"max_hp_gain":0,"max_hp_loss":0,"event_name":"NoteForYourself","floor":20,"gold_loss":0,"cards_obtained":["Iron Wave"]}],"is_beta":false,"boss_relics":[{"not_picked":["Philosopher\u0027s Stone","Busted Crown"],"picked":"Velvet Choker"}],"items_purged_floors":[],"is_endless":false,"potions_floor_spawned":[2,7,12,14,16,18,21],"killed_by":"Chosen and Byrds","ascension_level":0}