{"gold_per_floor":[217,217,142,156,56,56,89,89,89,101,101,117,217,228,228,325,325,338,348,395,64,82,82,93,93,142,92,127,127,146,96,96,96],"floor_reached":33,"playtime":836,"items_purged":["Defend_R","Defend_R","Bash","Defend_R"],"score":265,"play_id":"cedb5812-8430-4eb1-b688-a1de74054bdf","local_time":"20180803005813","is_ascension_mode":false,"campfire_choices":[{"data":"Perfected Strike","floor":6,"key":"SMITH"},{"data":"Flex","floor":8,"key":"SMITH"},{"floor":15,"key":"REST"},{"data":"Perfected Strike","floor":23,"key":"SMITH"},{"data":"Bloodletting","floor":25,"key":"SMITH"},{"floor":32,"key":"REST"}],"neow_cost":"NONE","seed_source_timestamp":1961301241948899,"circlet_count":0,"master_deck":["Strike_R+1","Strike_R","Strike_R","Strike_R+1","Strike_R","Defend_R","Thunderclap","Perfected Strike+1","Flex+1","Perfected Strike+1","Battle Trance","Twin Strike+1","Bloodletting+1","Pommel Strike"],"relics":["Black Blood","Juzu Bracelet","Pantograph","Bag of Preparation","Lee\u0027s Waffle","Orichalcum","Smiling Mask"],"potions_floor_usage":[4,7,16,28,30,33],"damage_taken":[{"damage":8,"enemies":"2 Louse","floor":1,"turns":2},{"damage":11,"enemies":"Jaw Worm","floor":4,"turns":2},{"damage":36,"enemies":"Lagavulin","floor":7,"turns":4},{"damage":5,"enemies":"Small Slimes","floor":10,"turns":2},{"damage":24,"enemies":"Exordium Thugs","floor":12,"turns":3},{"damage":0,"enemies":"Gremlin Gang","floor":14,"turns":3},{"damage":16,"enemies":"Slime Boss","floor":16,"turns":7},{"damage":35,"enemies":"3 Byrds","floor":18,"turns":5},{"damage":29,"enemies":"Shell Parasite","floor":19,"turns":4},{"damage":22,"enemies":"Centurion and Healer","floor":22,"turns":4},{"damage":15,"enemies":"Snecko","floor":24,"turns":4},{"damage":12,"enemies":"Gremlin Leader","floor":28,"turns":4},{"damage":15,"enemies":"Slaver and Parasite","floor":30,"turns":3},{"damage":99,"enemies":"Champ","floor":33,"turns":6}],"seed_played":"3830362267792615396","potions_obtained":[{"floor":1,"key":"BloodPotion"},{"floor":4,"key":"PowerPotion"},{"floor":14,"key":"AttackPotion"},{"floor":22,"key":"Swift Potion"},{"floor":24,"key":"EssenceOfSteel"},{"floor":28,"key":"Explosive Potion"}],"is_trial":false,"path_per_floor":["M","?","$","M","$","R","E","R","T","M","$","M","?","M","R","B",null,"M","M","T","$","M","R","M","R","T","$","E","?","M","$","R"],"character_chosen":"IRONCLAD","items_purchased":["Lee\u0027s Waffle","Pommel Strike"],"campfire_rested":2,"item_purchase_floors":[21,27],"current_hp_per_floor":[78,62,62,65,65,65,35,35,35,36,36,18,18,24,48,63,80,55,36,36,87,75,75,70,70,70,70,68,51,46,46,73,0],"gold":96,"neow_bonus":"HUNDRED_GOLD","is_prod":false,"is_daily":false,"chose_seed":false,"campfire_upgraded":4,"win_rate":0,"timestamp":1533272293,"path_taken":["M","?","$","M","$","R","E","R","T","M","$","M","?","M","R","BOSS","M","M","?","?","M","R","M","R","T","$","E","?","M","$","R","BOSS"],"build_version":"2018-08-02","purchased_purges":4,"victory":false,"max_hp_per_floor":[80,80,80,80,80,80,80,80,80,80,80,80,80,80,80,80,80,80,80,80,87,87,87,87,87,87,87,87,92,92,92,92,92],"card_choices":[{"not_picked":["Intimidate","Heavy Blade"],"picked":"Thunderclap","floor":1},{"not_picked":["Clothesline","Heavy Blade"],"picked":"Perfected Strike","floor":4},{"not_picked":["Pommel Strike","Hemokinesis"],"picked":"Flex","floor":7},{"not_picked":["Sword Boomerang","Headbutt"],"picked":"Perfected Strike","floor":10},{"not_picked":["Thunderclap","Pummel"],"picked":"Battle Trance","floor":12},{"not_picked":["Uppercut","Rampage","Feel No Pain"],"picked":"SKIP","floor":14},{"not_picked":["Cleave","Headbutt","Havoc+1"],"picked":"SKIP","floor":18},{"not_picked":["Clash","Anger+1","Spot Weakness"],"picked":"SKIP","floor":19},{"not_picked":["Corruption","Metallicize"],"picked":"Twin Strike+1","floor":22},{"not_picked":["Ghostly Armor","Sword Boomerang"],"picked":"Bloodletting","floor":24},{"not_picked":["Shrug It Off","Havoc","Disarm"],"picked":"SKIP","floor":28},{"not_picked":["Second Wind","Barricade","Clothesline"],"picked":"SKIP","floor":30}],"player_experience":334548,"relics_obtained":[{"floor":7,"key":"Juzu Bracelet"},{"floor":9,"key":"Pantograph"},{"floor":20,"key":"Bag of Preparation"},{"floor":26,"key":"Orichalcum"},{"floor":28,"key":"Smiling Mask"}],"event_choices":[{"event_name":"Shining Light","player_choice":"Entered Light","floor":2,"damage_taken":0},{"event_name":"Golden Shrine","player_choice":"Pray","floor":13,"damage_taken":0},{"event_name":"Forgotten Altar","player_choice":"Shed Blood","floor":29,"damage_taken":0}],"is_beta":false,"boss_relics":[{"not_picked":["Eternal Feather","Black Star"],"picked":"Black Blood"}],"items_purged_floors":[3,5,21,31],"is_endless":false,"potions_floor_spawned":[1,4,14,22,24,28],"killed_by":"Champ","ascension_level":0}