{"gold_per_floor":[118,72,72,72,82,111,111,129,129,8,26,26,26,39,39,39],"floor_reached":16,"playtime":1090,"items_purged":[],"score":100,"play_id":"0fb49631-04c7-4ef7-8dc6-10855792af01","local_time":"20190209135827","is_ascension_mode":false,"campfire_choices":[{"floor":7,"key":"REST"},{"data":"Inflame","floor":12,"key":"SMITH"},{"data":"Searing Blow","floor":15,"key":"SMITH"}],"neow_cost":"NONE","seed_source_timestamp":324627186151,"circlet_count":0,"master_deck":["Strike_R","Strike_R","Strike_R","Strike_R","Strike_R","Defend_R+1","Defend_R","Defend_R+1","Defend_R","Bash","Impervious","Searing Blow+1","Heavy Blade","Inflame+1","Flex","Flex","Inflame","Shrug It Off"],"relics":["Burning Blood","Dodecahedron","Anchor"],"potions_floor_usage":[16,16],"damage_taken":[{"damage":6,"enemies":"Cultist","floor":1,"turns":4},{"damage":5,"enemies":"Jaw Worm","floor":5,"turns":4},{"damage":55,"enemies":"Gremlin Nob","floor":6,"turns":6},{"damage":0,"enemies":"Small Slimes","floor":8,"turns":3},{"damage":3,"enemies":"Exordium Thugs","floor":11,"turns":5},{"damage":12,"enemies":"Blue Slaver","floor":14,"turns":4},{"damage":53,"enemies":"Slime Boss","floor":16,"turns":8}],"seed_played":"-300031069246240407","potions_obtained":[{"floor":6,"key":"Regen Potion"}],"is_trial":false,"path_per_floor":["$","?","?","M"],"character_chosen":"IRONCLAD","items_purchased":["Heavy Blade","Inflame","Energy Potion"],"campfire_rested":1,"item_purchase_floors":[2,10,10],"current_hp_per_floor":[80,80,64,64,65,16,40,46,46,46,49,49,49,43,43,0],"gold":39,"neow_bonus":"ONE_RANDOM_RARE_CARD","is_prod":false,"is_daily":false,"chose_seed":false,"campfire_upgraded":2,"win_rate":0,"timestamp":1549731507,"path_taken":["M","?","?","?","?","E","R","M","T","$","M","R","$","M","R","BOSS"],"build_version":"2019-01-23","purchased_purges":0,"victory":false,"max_hp_per_floor":[80,80,80,80,80,80,80,80,80,80,80,80,80,80,80,80],"card_choices":[{"not_picked":["Cleave","Blood for Blood"],"picked":"Searing Blow","floor":1},{"not_picked":["Perfected Strike","Clash"],"picked":"Inflame","floor":5},{"not_picked":["Intimidate","Pommel Strike"],"picked":"Flex","floor":6},{"not_picked":["Cleave","Thunderclap"],"picked":"Flex","floor":8},{"not_picked":["Clash","Armaments","Spot Weakness"],"picked":"SKIP","floor":11},{"not_picked":["Blood for Blood","Twin Strike"],"picked":"Shrug It Off","floor":14}],"player_experience":136008,"relics_obtained":[{"floor":6,"key":"Dodecahedron"},{"floor":9,"key":"Anchor"}],"event_choices":[{"damage_healed":0,"gold_gain":0,"player_choice":"Entered Light","damage_taken":16,"max_hp_gain":0,"max_hp_loss":0,"event_name":"Shining Light","floor":3,"gold_loss":0,"cards_upgraded":["Defend_R","Defend_R"]},{"damage_healed":0,"gold_gain":0,"player_choice":"Ignored","damage_taken":0,"max_hp_gain":0,"max_hp_loss":0,"event_name":"Transmorgrifier","floor":4,"gold_loss":0}],"is_beta":false,"boss_relics":[],"items_purged_floors":[],"is_endless":false,"potions_floor_spawned":[6],"killed_by":"Slime Boss","ascension_level":0}