{"gold_per_floor":[111,126,301,81,95,95,123,123,148,248,259,259,309,322,322,425,425,441,457,477,477,477],"floor_reached":22,"playtime":1177,"items_purged":["Writhe"],"score":186,"play_id":"0ebc8e44-7931-4972-b963-efa293521fe6","local_time":"20180705114334","is_ascension_mode":false,"campfire_choices":[{"data":"Defend_R","floor":6,"key":"SMITH"},{"floor":12,"key":"REST"},{"data":"Flex","floor":15,"key":"SMITH"}],"neow_cost":"CURSE","seed_source_timestamp":1244336350381336,"circlet_count":0,"master_deck":["Strike_R","Strike_R","Strike_R","Strike_R","Strike_R","Defend_R+1","Defend_R+1","Bash","Limit Break","Carnage","Warcry+1","Inflame","Doubt","Infernal Blade","Double Tap","Heavy Blade","Flex+1","Demon Form","Flame Barrier","Iron Wave","Decay"],"relics":["Burning Blood","Vajra","Oddly Smooth Stone","War Paint","Anchor","Busted Crown"],"potions_floor_usage":[16,16,16],"damage_taken":[{"damage":12,"enemies":"2 Louse","floor":1,"turns":2},{"damage":18,"enemies":"Jaw Worm","floor":2,"turns":3},{"damage":6,"enemies":"Cultist","floor":5,"turns":3},{"damage":27,"enemies":"3 Sentries","floor":7,"turns":6},{"damage":13,"enemies":"Looter","floor":11,"turns":2},{"damage":0,"enemies":"Large Slime","floor":14,"turns":4},{"damage":32,"enemies":"The Guardian","floor":16,"turns":6},{"damage":10,"enemies":"Spheric Guardian","floor":18,"turns":3},{"damage":53,"enemies":"3 Byrds","floor":19,"turns":5},{"damage":24,"enemies":"3 Cultists","floor":20,"turns":5},{"damage":19,"floor":22,"turns":2}],"seed_played":"1630722904421984106","potions_obtained":[{"floor":2,"key":"FearPotion"},{"floor":7,"key":"Weak Potion"},{"floor":11,"key":"EssenceOfSteel"}],"is_trial":false,"path_per_floor":["M","M","?","$","M","R","E","?","T","?","M","R","T","M","R","B",null,"M","M","M","?"],"character_chosen":"IRONCLAD","items_purchased":["Vajra"],"campfire_rested":1,"item_purchase_floors":[4],"current_hp_per_floor":[74,62,62,62,62,62,41,41,41,41,34,58,58,64,64,38,80,76,29,11,11,0],"gold":477,"neow_bonus":"TRANSFORM_TWO_CARDS","is_prod":false,"is_daily":false,"chose_seed":false,"campfire_upgraded":2,"win_rate":0.0,"timestamp":1530805414,"path_taken":["M","M","?","$","M","R","E","?","T","?","?","R","?","M","R","BOSS","M","?","M","?","?"],"build_version":"2018-06-28","purchased_purges":1,"victory":false,"max_hp_per_floor":[80,80,80,80,80,80,80,80,80,80,80,80,80,80,80,80,80,80,80,80,80,80],"card_choices":[{"not_picked":["Ghostly Armor","Clothesline"],"picked":"Warcry","floor":1},{"not_picked":["Clothesline","Clash"],"picked":"Inflame","floor":2},{"not_picked":["Flame Barrier","Wild Strike"],"picked":"Infernal Blade","floor":5},{"not_picked":["Blood for Blood","Berserk"],"picked":"Double Tap","floor":7},{"not_picked":["Warcry","Seeing Red"],"picked":"Heavy Blade","floor":11},{"not_picked":["Shrug It Off","Body Slam"],"picked":"Flex","floor":14},{"not_picked":["Impervious","Dark Embrace"],"picked":"Demon Form","floor":16},{"not_picked":[],"picked":"Flame Barrier","floor":18},{"not_picked":[],"picked":"Iron Wave","floor":19},{"not_picked":["Dual Wield+1"],"picked":"SKIP","floor":20}],"player_experience":39220,"relics_obtained":[{"floor":7,"key":"Oddly Smooth Stone"},{"floor":9,"key":"War Paint"},{"floor":13,"key":"Anchor"}],"event_choices":[{"event_name":"Liars Game","player_choice":"agreed","floor":3,"damage_taken":0},{"event_name":"Dead Adventurer","player_choice":"Searched \u00271\u0027 times","floor":8,"damage_taken":0},{"event_name":"Golden Shrine","player_choice":"Pray","floor":10,"damage_taken":0},{"event_name":"Wheel of Change","player_choice":"Curse","floor":21,"damage_taken":0},{"event_name":"Masked Bandits","player_choice":"Fought over 477 gold","floor":22,"damage_taken":0}],"boss_relics":[{"not_picked":["Snecko Eye","Philosopher\u0027s Stone"],"picked":"Busted Crown"}],"items_purged_floors":[4],"is_endless":false,"potions_floor_spawned":[2,7,11,14],"ascension_level":0}