{"gold_per_floor":[360,378,256,275,291,291,316,333,410,410,360,372,25,36,36,139,139,157,0,17,17,17,17],"floor_reached":23,"playtime":484,"items_purged":["Defend_R","Strike_R"],"score":222,"play_id":"8c00c924-f973-4017-80f2-da3893c9da0e","local_time":"20181012113331","is_ascension_mode":true,"campfire_choices":[{"data":"Flex","floor":6,"key":"SMITH"},{"data":"Flex","floor":15,"key":"SMITH"}],"neow_cost":"TEN_PERCENT_HP_LOSS","seed_source_timestamp":109362787704909,"circlet_count":0,"master_deck":["Strike_R","Strike_R","Strike_R","Strike_R","Defend_R","Defend_R","Bash","Twin Strike","Flex+1","Thunderclap","Demon Form","Flex+1"],"relics":["Burning Blood","Champion Belt","Bottled Flame","Thread and Needle","Red Skull","Sozu"],"potions_floor_usage":[7,7,14,16,16,23],"damage_taken":[{"damage":11,"enemies":"Cultist","floor":1,"turns":4},{"damage":12,"enemies":"Jaw Worm","floor":2,"turns":2},{"damage":8,"enemies":"2 Louse","floor":4,"turns":2},{"damage":0,"enemies":"Large Slime","floor":5,"turns":3},{"damage":25,"enemies":"Lagavulin","floor":7,"turns":4},{"damage":10,"enemies":"Blue Slaver","floor":8,"turns":3},{"damage":4,"enemies":"Looter","floor":12,"turns":2},{"damage":0,"enemies":"Lots of Slimes","floor":14,"turns":1},{"damage":27,"enemies":"The Guardian","floor":16,"turns":6},{"damage":21,"enemies":"Shell Parasite","floor":18,"turns":4},{"damage":27,"enemies":"3 Byrds","floor":20,"turns":5},{"damage":10,"enemies":"Colosseum Slavers","floor":21,"turns":3},{"damage":36,"enemies":"Book of Stabbing","floor":23,"turns":3}],"seed_played":"3919261082377767088","potions_obtained":[{"floor":2,"key":"Weak Potion"},{"floor":5,"key":"PowerPotion"},{"floor":8,"key":"AttackPotion"},{"floor":16,"key":"Strength Potion"}],"is_trial":false,"path_per_floor":["M","M","$","M","M","R","E","M","T","?","?","M","$","M","R","B",null,"M","?","M","?","$"],"character_chosen":"IRONCLAD","items_purchased":["Thunderclap","Red Skull","Explosive Potion","Fire Potion"],"campfire_rested":0,"item_purchase_floors":[3,13,13,13],"current_hp_per_floor":[67,61,61,59,65,65,46,42,42,35,35,37,37,43,43,22,72,57,57,36,32,32,0],"gold":17,"neow_bonus":"TWO_FIFTY_GOLD","is_prod":false,"is_daily":false,"chose_seed":false,"campfire_upgraded":2,"win_rate":0,"timestamp":1539358411,"path_taken":["M","M","$","M","M","R","E","M","T","?","?","?","$","M","R","BOSS","M","?","M","?","$","E"],"build_version":"2018-10-11","purchased_purges":2,"victory":false,"max_hp_per_floor":[72,72,72,72,72,72,72,72,72,72,72,72,72,72,72,72,72,72,72,72,72,72,72],"card_choices":[{"not_picked":["Iron Wave","Combust"],"picked":"Twin Strike","floor":1},{"not_picked":["Headbutt","Blood for Blood"],"picked":"Flex","floor":2},{"not_picked":["Flame Barrier","Havoc","Blood for Blood"],"picked":"SKIP","floor":4},{"not_picked":["True Grit","Burning Pact","Reckless Charge"],"picked":"SKIP","floor":5},{"not_picked":["Dark Embrace","Corruption","Heavy Blade"],"picked":"SKIP","floor":7},{"not_picked":["Iron Wave","Havoc","Heavy Blade"],"picked":"SKIP","floor":8},{"not_picked":["Bloodletting","Pommel Strike"],"picked":"Demon Form","floor":12},{"not_picked":["Headbutt","Twin Strike"],"picked":"Flex","floor":14},{"not_picked":["Flame Barrier","Wild Strike","Shrug It Off"],"picked":"SKIP","floor":18},{"not_picked":["Rampage","Rupture","Havoc"],"picked":"SKIP","floor":20}],"player_experience":438984,"relics_obtained":[{"floor":7,"key":"Champion Belt"},{"floor":9,"key":"Bottled Flame"}],"event_choices":[{"event_name":"Scrap Ooze","player_choice":"success","floor":10,"damage_taken":7},{"event_name":"The Cleric","player_choice":"Card Removal","floor":11,"damage_taken":0},{"event_name":"Masked Bandits","player_choice":"Paid Fearfully","floor":19,"damage_taken":0},{"event_name":"Colosseum","player_choice":"Fight","floor":21,"damage_taken":0},{"event_name":"Colosseum","player_choice":"Fled From Nobs","floor":21,"damage_taken":0}],"is_beta":false,"boss_relics":[{"not_picked":["Tiny House","Orrery"],"picked":"Sozu"}],"items_purged_floors":[3,13],"is_endless":false,"potions_floor_spawned":[2,5,8,16,18],"killed_by":"Book of Stabbing","ascension_level":3}