{"gold_per_floor":[116,191,366,377,225,225,245,272,272,272,272],"floor_reached":11,"playtime":240,"items_purged":["Doubt"],"score":76,"play_id":"9860b8dc-31e1-4cc4-a47c-addade877726","local_time":"20190324193728","is_ascension_mode":true,"campfire_choices":[{"data":"Zap","floor":6,"key":"SMITH"}],"neow_cost":"NONE","seed_source_timestamp":7851220134842250,"circlet_count":0,"master_deck":["Strike_B","Strike_B","Strike_B","Strike_B","Defend_B","Defend_B","Defend_B","Zap+1","Dualcast","Impatience","Go for the Eyes","Hologram","All For One","Static Discharge"],"relics":["Cracked Core","Odd Mushroom","Meat on the Bone","Letter Opener"],"potions_floor_usage":[],"damage_taken":[{"damage":2,"enemies":"2 Louse","floor":1,"turns":2},{"damage":0,"enemies":"Jaw Worm","floor":4,"turns":3},{"damage":12,"enemies":"The Mushroom Lair","floor":7,"turns":4},{"damage":35,"enemies":"Lagavulin","floor":8,"turns":6},{"damage":0,"enemies":"Small Slimes","floor":11,"turns":1}],"seed_played":"2358122369576432476","potions_obtained":[{"floor":8,"key":"Poison Potion"}],"is_trial":false,"path_per_floor":["M","?","?","M","$","R","?","E","T","?","M"],"character_chosen":"DEFECT","items_purchased":["All For One"],"campfire_rested":0,"item_purchase_floors":[5],"current_hp_per_floor":[73,62,62,62,62,62,50,15,15,15,15],"gold":272,"neow_bonus":"RANDOM_COLORLESS","is_prod":false,"is_daily":false,"chose_seed":false,"campfire_upgraded":1,"win_rate":0,"timestamp":1553470648,"path_taken":["M","?","?","?","$","R","?","E","T","?","?"],"build_version":"2019-01-23","purchased_purges":1,"victory":false,"max_hp_per_floor":[75,75,75,75,75,75,75,75,75,75,75],"card_choices":[{"not_picked":["Compile Driver","Streamline"],"picked":"Go for the Eyes","floor":1},{"not_picked":["Turbo","Conserve Battery"],"picked":"Hologram","floor":4},{"not_picked":["Compile Driver","Steam","Thunder Strike"],"picked":"SKIP","floor":8}],"player_experience":473303,"relics_obtained":[{"floor":7,"key":"Odd Mushroom"},{"floor":8,"key":"Meat on the Bone"},{"floor":9,"key":"Letter Opener"}],"event_choices":[{"damage_healed":0,"gold_gain":75,"player_choice":"Gather Gold","damage_taken":11,"max_hp_gain":0,"max_hp_loss":0,"event_name":"World of Goop","floor":2,"gold_loss":0},{"damage_healed":0,"gold_gain":175,"player_choice":"AGREE","damage_taken":0,"max_hp_gain":0,"max_hp_loss":0,"event_name":"Liars Game","floor":3,"gold_loss":0,"cards_obtained":["Doubt"]},{"damage_healed":0,"gold_gain":0,"player_choice":"Fought Mushrooms","damage_taken":0,"max_hp_gain":0,"max_hp_loss":0,"event_name":"Mushrooms","floor":7,"gold_loss":0},{"damage_healed":0,"gold_gain":0,"cards_transformed":["Defend_B"],"player_choice":"Transformed","damage_taken":0,"max_hp_gain":0,"max_hp_loss":0,"event_name":"Transmorgrifier","floor":10,"gold_loss":0,"cards_obtained":["Static Discharge"]}],"is_beta":false,"boss_relics":[],"items_purged_floors":[5],"is_endless":false,"potions_floor_spawned":[8],"killed_by":"Small Slimes","ascension_level":2}