{"gold_per_floor":[113,133,133,153,78,103,103,134,134,134],"floor_reached":10,"playtime":696,"items_purged":["Strike_R"],"score":87,"play_id":"dd591469-433d-42f5-91ff-18c753b381ea","local_time":"20190327084144","is_ascension_mode":true,"campfire_choices":[{"data":"Clothesline","floor":7,"key":"SMITH"}],"neow_cost":"NONE","seed_source_timestamp":8070630171276719,"circlet_count":0,"master_deck":["Strike_R","Strike_R","Strike_R","Strike_R","Defend_R","Defend_R","Defend_R","Defend_R","Bash+1","Wild Strike","Burning Pact","Shrug It Off","Clothesline+1","Sword Boomerang"],"relics":["Burning Blood","Centennial Puzzle","Ornamental Fan","Pear"],"potions_floor_usage":[6,8],"damage_taken":[{"damage":5,"enemies":"Small Slimes","floor":1,"turns":4},{"damage":0,"enemies":"Cultist","floor":2,"turns":3},{"damage":7,"enemies":"Jaw Worm","floor":4,"turns":2},{"damage":44,"enemies":"Lagavulin","floor":6,"turns":8},{"damage":17,"enemies":"3 Sentries","floor":8,"turns":8},{"damage":32,"enemies":"Lagavulin","floor":10,"turns":5}],"seed_played":"2056083337713581527","potions_obtained":[{"floor":4,"key":"Energy Potion"},{"floor":6,"key":"EssenceOfSteel"}],"is_trial":false,"path_per_floor":["M","M","?","M","$","E","R","E","T","E"],"character_chosen":"IRONCLAD","items_purchased":[],"campfire_rested":0,"item_purchase_floors":[],"current_hp_per_floor":[80,80,72,71,71,33,33,22,32,0],"gold":134,"neow_bonus":"UPGRADE_CARD","is_prod":false,"is_daily":false,"chose_seed":false,"campfire_upgraded":1,"win_rate":0,"timestamp":1553690504,"path_taken":["M","M","?","?","$","E","R","E","T","E"],"build_version":"2019-01-23","purchased_purges":1,"victory":false,"max_hp_per_floor":[80,80,80,80,80,80,80,80,90,90],"card_choices":[{"not_picked":["Clash","Iron Wave"],"picked":"Wild Strike","floor":1},{"not_picked":["Anger","Fire Breathing"],"picked":"Burning Pact","floor":2},{"not_picked":["Pummel","Sword Boomerang"],"picked":"Shrug It Off","floor":4},{"not_picked":["Twin Strike","Flame Barrier"],"picked":"Clothesline","floor":6},{"not_picked":["Twin Strike","Inflame"],"picked":"Sword Boomerang","floor":8}],"player_experience":540769,"relics_obtained":[{"floor":6,"key":"Centennial Puzzle"},{"floor":8,"key":"Ornamental Fan"},{"floor":9,"key":"Pear"}],"event_choices":[{"damage_healed":0,"gold_gain":0,"player_choice":"Damaged","damage_taken":8,"max_hp_gain":0,"max_hp_loss":0,"event_name":"Wheel of Change","floor":3,"gold_loss":0}],"is_beta":false,"boss_relics":[],"items_purged_floors":[5],"is_endless":false,"potions_floor_spawned":[4,6],"killed_by":"Lagavulin","ascension_level":3}