{"gold_per_floor":[118,193,193,205,222,253,253,281,354,366,366,378,395,360,360,460,460,471,83,83,36,48,67,99,99,168,183,183,194,194,219,219,314,314,330,230,0,52,64,64],"floor_reached":40,"playtime":1024,"items_purged":["Defend_R","Defend_R"],"score":501,"play_id":"e96fc98d-1237-4121-b435-05fc6f9de292","local_time":"20190325003814","is_ascension_mode":true,"campfire_choices":[{"floor":7,"key":"REST"},{"data":"Cleave","floor":11,"key":"SMITH"},{"floor":15,"key":"REST"},{"floor":28,"key":"REST"},{"floor":30,"key":"REST"},{"data":"Flex","floor":32,"key":"SMITH"}],"neow_cost":"NONE","seed_source_timestamp":7868481225610983,"circlet_count":0,"master_deck":["Strike_R","Strike_R","Strike_R","Strike_R","Strike_R","Defend_R","Defend_R","Bash","Inflame","Cleave+1","Inflame","Ghostly Armor","Hemokinesis+1","Twin Strike+1","Pummel+1","Flash of Steel+1","Flex+1","Flex+1","Double Tap"],"relics":["Burning Blood","Strawberry","Ice Cream","Bag of Marbles","Molten Egg 2","Busted Crown","Centennial Puzzle","Sundial","MutagenicStrength","Pantograph","Champion Belt","Mark of Pain","Red Mask","Ginger"],"potions_floor_usage":[4,10,22,27,31,39],"damage_taken":[{"damage":11,"enemies":"2 Louse","floor":1,"turns":2},{"damage":14,"enemies":"Small Slimes","floor":4,"turns":3},{"damage":11,"enemies":"Cultist","floor":5,"turns":4},{"damage":50,"enemies":"3 Sentries","floor":6,"turns":7},{"damage":20,"enemies":"Gremlin Nob","floor":8,"turns":4},{"damage":11,"enemies":"Looter","floor":10,"turns":3},{"damage":12,"enemies":"Exordium Wildlife","floor":12,"turns":2},{"damage":8,"enemies":"Exordium Thugs","floor":13,"turns":3},{"damage":57,"enemies":"Slime Boss","floor":16,"turns":7},{"damage":14,"enemies":"2 Thieves","floor":18,"turns":3},{"damage":14,"enemies":"Chosen","floor":22,"turns":2},{"damage":13,"enemies":"Sentry and Sphere","floor":23,"turns":3},{"damage":68,"enemies":"Gremlin Leader","floor":24,"turns":5},{"damage":0,"enemies":"Centurion and Healer","floor":27,"turns":2},{"damage":14,"enemies":"Shelled Parasite and Fungi","floor":29,"turns":2},{"damage":15,"enemies":"Book of Stabbing","floor":31,"turns":3},{"damage":61,"enemies":"Automaton","floor":33,"turns":8},{"damage":12,"enemies":"3 Shapes","floor":35,"turns":1},{"damage":32,"enemies":"2 Orb Walkers","floor":38,"turns":5},{"damage":14,"enemies":"Orb Walker","floor":39,"turns":3},{"damage":66,"enemies":"Reptomancer","floor":40,"turns":4}],"seed_played":"7641678733072375448","potions_obtained":[{"floor":1,"key":"SpeedPotion"},{"floor":3,"key":"PowerPotion"},{"floor":3,"key":"FairyPotion"},{"floor":8,"key":"SpeedPotion"},{"floor":10,"key":"LiquidBronze"},{"floor":13,"key":"BloodPotion"},{"floor":24,"key":"SteroidPotion"},{"floor":27,"key":"FearPotion"},{"floor":33,"key":"Poison Potion"}],"is_trial":false,"path_per_floor":["M","?","?","M","M","E","R","E","T","M","R","M","M","?","R","B",null,"M","$","?","$","M","M","E","?","T","M","R","M","R","E","R","B",null,"M","$","?","?","M","E"],"character_chosen":"IRONCLAD","items_purchased":["Pummel+1","Flash of Steel+1","Centennial Puzzle","Flex"],"campfire_rested":4,"item_purchase_floors":[19,19,19,21],"current_hp_per_floor":[82,71,71,63,58,14,40,26,26,21,21,15,13,34,60,9,87,79,79,79,79,79,72,10,10,10,16,42,34,60,51,51,21,87,81,81,81,55,47,0],"gold":64,"neow_bonus":"RANDOM_COMMON_RELIC","is_prod":false,"is_daily":false,"chose_seed":false,"campfire_upgraded":2,"win_rate":0,"timestamp":1553488694,"path_taken":["M","?","?","M","M","E","R","E","T","?","R","M","M","?","R","BOSS","M","$","?","$","M","M","E","?","T","?","R","M","R","E","R","BOSS","M","$","?","?","M","E"],"build_version":"2019-01-23","purchased_purges":2,"victory":false,"max_hp_per_floor":[87,87,87,87,87,87,87,87,87,87,87,87,87,87,87,87,87,87,87,87,87,87,87,87,87,87,87,87,87,87,87,87,87,87,87,87,87,87,87,87],"card_choices":[{"not_picked":["Heavy Blade","Twin Strike"],"picked":"Inflame","floor":1},{"not_picked":["Clothesline","Rupture","True Grit"],"picked":"SKIP","floor":4},{"not_picked":["Entrench","Clash"],"picked":"Cleave","floor":5},{"not_picked":["Iron Wave","Body Slam"],"picked":"Inflame","floor":6},{"not_picked":["Bloodletting","Dropkick"],"picked":"Ghostly Armor","floor":8},{"not_picked":["Dropkick+1","Power Through"],"picked":"Hemokinesis+1","floor":10},{"not_picked":["Rupture","Clothesline+1","Cleave+1"],"picked":"SKIP","floor":12},{"not_picked":["Anger+1","Clash+1"],"picked":"Twin Strike+1","floor":13},{"not_picked":["Rampage+1"],"picked":"SKIP","floor":18},{"not_picked":["Clothesline+1"],"picked":"SKIP","floor":22},{"not_picked":["Metallicize+1"],"picked":"SKIP","floor":23},{"not_picked":["Infernal Blade"],"picked":"SKIP","floor":24},{"not_picked":["Feel No Pain"],"picked":"SKIP","floor":27},{"not_picked":[],"picked":"Flex+1","floor":29},{"not_picked":["Uppercut+1"],"picked":"SKIP","floor":31},{"not_picked":[],"picked":"Double Tap","floor":33},{"not_picked":["Heavy Blade+1"],"picked":"SKIP","floor":35},{"not_picked":["Rage"],"picked":"SKIP","floor":39}],"player_experience":489469,"relics_obtained":[{"floor":6,"key":"Ice Cream"},{"floor":8,"key":"Bag of Marbles"},{"floor":9,"key":"Molten Egg 2"},{"floor":24,"key":"Sundial"},{"floor":26,"key":"Pantograph"},{"floor":31,"key":"Champion Belt"},{"floor":38,"key":"Ginger"}],"event_choices":[{"damage_healed":0,"gold_gain":75,"player_choice":"Gather Gold","damage_taken":11,"max_hp_gain":0,"max_hp_loss":0,"event_name":"World of Goop","floor":2,"gold_loss":0},{"damage_healed":0,"gold_gain":0,"player_choice":"Got Potions","damage_taken":0,"max_hp_gain":0,"max_hp_loss":0,"event_name":"Lab","floor":3,"gold_loss":0},{"damage_healed":21,"gold_gain":0,"player_choice":"Healed","damage_taken":0,"max_hp_gain":0,"max_hp_loss":0,"event_name":"The Cleric","floor":14,"gold_loss":35},{"damage_healed":0,"gold_gain":0,"player_choice":"Ignored","damage_taken":0,"max_hp_gain":0,"max_hp_loss":0,"event_name":"The Mausoleum","floor":20,"gold_loss":0},{"damage_healed":0,"gold_gain":0,"player_choice":"Inject Mutagens","damage_taken":0,"relics_obtained":["MutagenicStrength"],"max_hp_gain":0,"max_hp_loss":0,"event_name":"Drug Dealer","floor":25,"gold_loss":0},{"damage_healed":0,"gold_gain":0,"player_choice":"Paid","damage_taken":0,"relics_obtained":["Red Mask"],"max_hp_gain":0,"max_hp_loss":0,"event_name":"Tomb of Lord Red Mask","floor":37,"gold_loss":230},{"damage_healed":0,"gold_gain":0,"player_choice":"Fight","damage_taken":0,"max_hp_gain":0,"max_hp_loss":0,"event_name":"Mysterious Sphere","floor":38,"gold_loss":0}],"is_beta":false,"boss_relics":[{"not_picked":["Sozu","Tiny House"],"picked":"Busted Crown"},{"not_picked":["Black Blood","Runic Pyramid"],"picked":"Mark of Pain"}],"items_purged_floors":[19,36],"is_endless":false,"potions_floor_spawned":[1,8,10,13,24,27,33],"killed_by":"Reptomancer","ascension_level":3}