{"gold_per_floor":[117,292,292,310,185,212,212,226,226,259,271,271,271,287,287,383,383,394,218,238,256,256,256,274,149,149,149,149,168,184,184,184,280,280,293,313,313,313,328,328,8,8],"floor_reached":42,"playtime":1660,"items_purged":["Defend_G","Doubt","Outmaneuver","Deadly Poison"],"score":408,"play_id":"ef7b70e6-13b9-488e-98ab-f7366e2efd77","local_time":"20180708020800","is_ascension_mode":false,"campfire_choices":[{"floor":13,"key":"REST"},{"data":"Finisher","floor":15,"key":"SMITH"},{"floor":23,"key":"REST"},{"floor":32,"key":"REST"},{"floor":40,"key":"REST"}],"neow_cost":"","seed_source_timestamp":1468520368213720,"circlet_count":0,"master_deck":["Survivor","Neutralize","Dagger Throw","Flying Knee","Backflip","Quick Slash","Finisher+1","Footwork+1","Tools of the Trade+1","Accuracy+1","Dagger Throw","Blade Dance","Sucker Punch","Accuracy+1","Cloak And Dagger","Terror","Blade Dance","Cloak And Dagger+1","Madness","Madness"],"relics":["Ring of the Snake","Frozen Egg 2","Incense Burner","Mercury Hourglass","Calipers","Shuriken","Pandora\u0027s Box","Lantern","Letter Opener","Runic Dome"],"potions_floor_usage":[16,33,33,33],"damage_taken":[{"damage":0,"enemies":"2 Louse","floor":1,"turns":2},{"damage":2,"enemies":"Small Slimes","floor":4,"turns":4},{"damage":36,"enemies":"Lagavulin","floor":6,"turns":10},{"damage":0,"enemies":"Jaw Worm","floor":8,"turns":3},{"damage":6,"enemies":"3 Sentries","floor":10,"turns":6},{"damage":1,"enemies":"Red Slaver","floor":11,"turns":2},{"damage":0,"enemies":"2 Fungi Beasts","floor":14,"turns":3},{"damage":35,"enemies":"Hexaghost","floor":16,"turns":9},{"damage":5,"enemies":"3 Byrds","floor":18,"turns":4},{"damage":10,"enemies":"Chosen","floor":20,"turns":3},{"damage":30,"enemies":"Snake Plant","floor":21,"turns":4},{"damage":18,"enemies":"Centurion and Healer","floor":24,"turns":4},{"damage":6,"enemies":"Cultist and Chosen","floor":29,"turns":4},{"damage":14,"enemies":"Slaver and Parasite","floor":30,"turns":3},{"damage":26,"enemies":"Collector","floor":33,"turns":6},{"damage":26,"enemies":"3 Shapes","floor":35,"turns":3},{"damage":1,"enemies":"Orb Walker","floor":36,"turns":2},{"damage":13,"enemies":"Maw","floor":39,"turns":5},{"damage":43,"enemies":"Sphere and 2 Shapes","floor":42,"turns":3}],"seed_played":"-254930643773515808","potions_obtained":[{"floor":10,"key":"Weak Potion"},{"floor":11,"key":"EssenceOfSteel"},{"floor":18,"key":"Explosive Potion"},{"floor":21,"key":"SteroidPotion"}],"is_trial":false,"path_per_floor":["M","?","T","M","$","E","?","M","T","E","M","?","R","M","R","B",null,"M","$","M","M","?","R","M","$","T","$","?","M","M","?","R","B",null,"M","M","?","?","M","R","$"],"character_chosen":"THE_SILENT","items_purchased":["Backflip","Blade Dance","Swift Potion","SteroidPotion","EssenceOfSteel"],"campfire_rested":4,"item_purchase_floors":[5,19,41,41,41],"current_hp_per_floor":[70,70,70,68,68,32,55,55,55,49,48,36,57,57,57,22,70,65,65,55,25,25,46,28,28,28,28,28,22,8,8,29,3,70,44,43,34,34,21,42,42,0],"gold":8,"neow_bonus":"","is_prod":false,"is_daily":false,"chose_seed":false,"campfire_upgraded":1,"win_rate":0.0,"timestamp":1531030080,"path_taken":["M","?","?","?","$","E","?","M","T","E","?","?","R","M","R","BOSS","M","?","M","M","?","R","?","$","T","$","?","M","M","?","R","BOSS","M","M","?","?","M","R","$","?"],"build_version":"2018-07-05","purchased_purges":4,"victory":false,"max_hp_per_floor":[70,70,70,70,70,70,70,70,70,70,70,70,70,70,70,70,70,70,70,70,70,70,70,70,70,70,70,70,70,70,70,70,70,70,70,70,70,70,70,70,70,70],"card_choices":[{"not_picked":["Poisoned Stab","Outmaneuver"],"picked":"Dagger Throw","floor":1},{"not_picked":["Dodge and Roll","Bane"],"picked":"Flying Knee","floor":4},{"not_picked":["Dagger Throw","Poisoned Stab"],"picked":"Quick Slash","floor":6},{"not_picked":["Heel Hook","Eviscerate","Underhanded Strike"],"picked":"SKIP","floor":8},{"not_picked":["Expertise","Quick Slash"],"picked":"Finisher","floor":10},{"not_picked":["PiercingWail","Noxious Fumes+1"],"picked":"Footwork+1","floor":11},{"not_picked":["Bane","Masterful Stab","Sucker Punch"],"picked":"SKIP","floor":14},{"not_picked":["Doppelganger","Grand Finale"],"picked":"Tools of the Trade+1","floor":16},{"not_picked":["Endless Agony","Finisher","Eviscerate"],"picked":"SKIP","floor":18},{"not_picked":["Slice","Flying Knee","Reflex"],"picked":"SKIP","floor":20},{"not_picked":["Prepared","PiercingWail","Dagger Throw"],"picked":"SKIP","floor":21},{"not_picked":["Dagger Throw","Leg Sweep","Prepared"],"picked":"SKIP","floor":24},{"not_picked":["Masterful Stab","Slice"],"picked":"Cloak And Dagger+1","floor":29},{"not_picked":["Poisoned Stab","Bane","Finisher"],"picked":"SKIP","floor":30},{"not_picked":["Finisher","Catalyst+1","Skewer"],"picked":"SKIP","floor":35},{"not_picked":["Infinite Blades+1","Bane+1","Cloak And Dagger"],"picked":"SKIP","floor":36},{"not_picked":["Dagger Throw+1","Acrobatics+1","After Image+1"],"picked":"SKIP","floor":39}],"player_experience":123209,"relics_obtained":[{"floor":3,"key":"Frozen Egg 2"},{"floor":6,"key":"Incense Burner"},{"floor":9,"key":"Mercury Hourglass"},{"floor":10,"key":"Calipers"},{"floor":26,"key":"Letter Opener"}],"event_choices":[{"event_name":"Liars Game","player_choice":"agreed","floor":2,"damage_taken":0},{"event_name":"Big Fish","player_choice":"Banana","floor":7,"damage_taken":0},{"event_name":"Scrap Ooze","player_choice":"success","floor":12,"damage_taken":12},{"event_name":"The Mausoleum","player_choice":"Yes","floor":22,"damage_taken":0},{"event_name":"Vampires","player_choice":"Ignored","floor":28,"damage_taken":0},{"event_name":"Back to Basics","player_choice":"Elegance","floor":31,"damage_taken":0},{"event_name":"Winding Halls","player_choice":"Embrace Madness","floor":37,"damage_taken":0},{"event_name":"SensoryStone","player_choice":"Memory 1","floor":38,"damage_taken":0}],"boss_relics":[{"not_picked":["Velvet Choker","Eternal Feather"],"picked":"Pandora\u0027s Box"},{"not_picked":["Cursed Key","Tiny House"],"picked":"Runic Dome"}],"items_purged_floors":[5,19,25,41],"is_endless":false,"potions_floor_spawned":[10,11,18,21],"killed_by":"Sphere and 2 Shapes","ascension_level":0}