{"gold_per_floor":[118,132,207,5,24,49,49,49,49,49,63,63,63,63,63,168,168,184,213,213,231,242,242,242,242,242,259,259,277,277,277,277,277],"floor_reached":33,"playtime":2738,"items_purged":[],"score":245,"play_id":"b1217ad7-fc43-4ffb-81bd-48603870caee","local_time":"20190307172812","is_ascension_mode":false,"campfire_choices":[{"floor":7,"key":"REST"},{"data":"Double Tap","floor":10,"key":"SMITH"},{"floor":13,"key":"REST"},{"floor":15,"key":"REST"},{"data":"Perfected Strike","floor":23,"key":"SMITH"},{"data":"Double Tap","floor":25,"key":"SMITH"},{"floor":28,"key":"REST"},{"floor":30,"key":"REST"},{"data":"Iron Wave","floor":32,"key":"SMITH"}],"neow_cost":"NONE","seed_source_timestamp":494666569676779,"circlet_count":0,"master_deck":["Strike_R","Strike_R","Strike_R","Strike_R","Strike_R","Defend_R","Defend_R","Defend_R","Bash","Double Tap+1","Perfected Strike+1","Pommel Strike","Double Tap+1","Flex","Limit Break","Immolate","Wild Strike","Sever Soul","Headbutt","Iron Wave+1"],"relics":["Burning Blood","DollysMirror","Ice Cream","Nunchaku","Bird Faced Urn","Mark of Pain","Red Mask"],"potions_floor_usage":[6,12,19,33,33,33],"damage_taken":[{"damage":10,"enemies":"Jaw Worm","floor":1,"turns":4},{"damage":3,"enemies":"2 Louse","floor":2,"turns":4},{"damage":12,"enemies":"Small Slimes","floor":5,"turns":3},{"damage":41,"enemies":"Gremlin Nob","floor":6,"turns":5},{"damage":18,"enemies":"2 Fungi Beasts","floor":11,"turns":3},{"damage":33,"enemies":"Gremlin Gang","floor":12,"turns":6},{"damage":54,"enemies":"Hexaghost","floor":16,"turns":6},{"damage":10,"enemies":"Spheric Guardian","floor":18,"turns":3},{"damage":0,"enemies":"Masked Bandits","floor":19,"turns":2},{"damage":32,"enemies":"3 Byrds","floor":21,"turns":5},{"damage":15,"enemies":"3 Cultists","floor":22,"turns":4},{"damage":16,"enemies":"Cultist and Chosen","floor":27,"turns":4},{"damage":22,"enemies":"Centurion and Healer","floor":29,"turns":3},{"damage":77,"enemies":"Automaton","floor":33,"turns":8}],"seed_played":"2670638515181010466","potions_obtained":[{"floor":5,"key":"GamblersBrew"},{"floor":6,"key":"Swift Potion"},{"floor":11,"key":"SkillPotion"},{"floor":18,"key":"BloodPotion"},{"floor":19,"key":"GamblersBrew"},{"floor":27,"key":"SpeedPotion"}],"is_trial":false,"path_per_floor":["?","?","?","?","?","M","$","?"],"character_chosen":"IRONCLAD","items_purchased":["DollysMirror"],"campfire_rested":5,"item_purchase_floors":[4],"current_hp_per_floor":[76,79,68,68,62,27,51,51,51,51,39,12,36,33,57,9,80,76,80,80,54,45,45,45,45,45,35,59,43,67,67,67,0],"gold":277,"neow_bonus":"ONE_RANDOM_RARE_CARD","is_prod":false,"is_daily":false,"chose_seed":false,"campfire_upgraded":4,"win_rate":0,"timestamp":1551990492,"path_taken":["M","M","?","$","M","E","R","?","T","R","M","M","R","?","R","BOSS","M","?","?","?","M","R","?","R","T","M","R","M","R","?","R","BOSS"],"build_version":"2019-01-23","purchased_purges":0,"victory":false,"max_hp_per_floor":[80,80,80,80,80,80,80,80,80,80,80,80,80,80,80,80,80,80,80,80,80,80,80,80,80,80,80,80,80,80,80,80,80],"card_choices":[{"not_picked":["Twin Strike","Sword Boomerang"],"picked":"Perfected Strike","floor":1},{"not_picked":["Reckless Charge","Searing Blow"],"picked":"Pommel Strike","floor":2},{"not_picked":["Ghostly Armor","Thunderclap"],"picked":"Flex","floor":5},{"not_picked":["Intimidate","Seeing Red"],"picked":"Limit Break","floor":6},{"not_picked":["Havoc","Warcry","Hemokinesis"],"picked":"SKIP","floor":11},{"not_picked":["Anger","Twin Strike","Combust"],"picked":"SKIP","floor":12},{"not_picked":["Demon Form","Bludgeon"],"picked":"Immolate","floor":16},{"not_picked":["Thunderclap","True Grit+1","Heavy Blade"],"picked":"SKIP","floor":18},{"not_picked":["Sword Boomerang","Armaments"],"picked":"Wild Strike","floor":19},{"not_picked":["Armaments","True Grit","Burning Pact"],"picked":"SKIP","floor":21},{"not_picked":["Evolve","Carnage"],"picked":"Headbutt","floor":22},{"not_picked":["Armaments","Limit Break","Whirlwind+1"],"picked":"SKIP","floor":27},{"not_picked":["Sentinel","Clothesline"],"picked":"Iron Wave","floor":29}],"player_experience":272720,"relics_obtained":[{"floor":6,"key":"Ice Cream"},{"floor":9,"key":"Nunchaku"},{"floor":19,"key":"Red Mask"}],"event_choices":[{"damage_healed":0,"gold_gain":75,"player_choice":"Gather Gold","damage_taken":11,"max_hp_gain":0,"max_hp_loss":0,"event_name":"World of Goop","floor":3,"gold_loss":0},{"damage_healed":0,"gold_gain":0,"player_choice":"Ignored","damage_taken":0,"max_hp_gain":0,"max_hp_loss":0,"event_name":"Shining Light","floor":8,"gold_loss":0},{"damage_healed":0,"gold_gain":0,"player_choice":"Success","damage_taken":3,"relics_obtained":["Bird Faced Urn"],"max_hp_gain":0,"max_hp_loss":0,"event_name":"Scrap Ooze","floor":14,"gold_loss":0},{"damage_healed":0,"gold_gain":0,"player_choice":"Fought Bandits","damage_taken":0,"max_hp_gain":0,"max_hp_loss":0,"event_name":"Masked Bandits","floor":19,"gold_loss":0},{"damage_healed":0,"gold_gain":0,"cards_transformed":["Defend_R"],"player_choice":"Transformed","damage_taken":0,"max_hp_gain":0,"max_hp_loss":0,"event_name":"Transmorgrifier","floor":20,"gold_loss":0,"cards_obtained":["Sever Soul"]},{"damage_healed":0,"gold_gain":0,"player_choice":"Ignored","damage_taken":0,"max_hp_gain":0,"max_hp_loss":0,"event_name":"Vampires","floor":31,"gold_loss":0}],"is_beta":false,"boss_relics":[{"not_picked":["Black Blood","Runic Dome"],"picked":"Mark of Pain"}],"items_purged_floors":[],"is_endless":false,"potions_floor_spawned":[5,6,11,18,19,27],"killed_by":"Automaton","ascension_level":0}