{"gold_per_floor":[110,127,140,153,172,172,207,207,207,233,253,253,265,59,59,131,131,145,145,41,56,6,6,36,69,69,69,69,69,104,120,120,120],"floor_reached":33,"playtime":1657,"items_purged":["Strike_R","Strike_R","Strike_R"],"score":502,"play_id":"7146b162-7110-4ded-8871-d1f8ce90a022","local_time":"20190330212037","is_ascension_mode":true,"campfire_choices":[{"data":"Armaments","floor":6,"key":"SMITH"},{"data":"Bash","floor":8,"key":"SMITH"},{"data":"Inflame","floor":12,"key":"SMITH"},{"data":"Spot Weakness","floor":15,"key":"SMITH"},{"data":"Clothesline","floor":23,"key":"SMITH"},{"floor":27,"key":"REST"},{"floor":29,"key":"DIG"},{"floor":32,"key":"REST"}],"neow_cost":"NONE","seed_source_timestamp":34523321639700,"circlet_count":0,"master_deck":["AscendersBane","Strike_R","Strike_R+1","Defend_R","Defend_R","Defend_R","Defend_R","Bash+1","Battle Trance","Inflame+1","Ghostly Armor","Pummel+1","Armaments+1","Spot Weakness+1","Shrug It Off","Impervious","Clothesline+1"],"relics":["Burning Blood","Smiling Mask","Pear","Centennial Puzzle","Happy Flower","Oddly Smooth Stone","Snecko Eye","Whetstone","Tiny Chest","Ornamental Fan","Shovel","Calipers","Omamori"],"potions_floor_usage":[7,13,31],"damage_taken":[{"damage":4,"enemies":"Cultist","floor":1,"turns":5},{"damage":0,"enemies":"Small Slimes","floor":2,"turns":3},{"damage":9,"enemies":"Jaw Worm","floor":3,"turns":4},{"damage":7,"enemies":"3 Louse","floor":4,"turns":5},{"damage":8,"enemies":"Large Slime","floor":5,"turns":4},{"damage":32,"enemies":"Gremlin Nob","floor":7,"turns":4},{"damage":17,"enemies":"3 Sentries","floor":10,"turns":8},{"damage":3,"enemies":"Blue Slaver","floor":11,"turns":3},{"damage":2,"enemies":"Exordium Wildlife","floor":13,"turns":4},{"damage":41,"enemies":"Slime Boss","floor":16,"turns":11},{"damage":0,"enemies":"Shell Parasite","floor":18,"turns":4},{"damage":11,"enemies":"2 Thieves","floor":21,"turns":4},{"damage":47,"enemies":"Slavers","floor":25,"turns":8},{"damage":21,"enemies":"Gremlin Leader","floor":30,"turns":5},{"damage":10,"enemies":"Shelled Parasite and Fungi","floor":31,"turns":7},{"damage":81,"enemies":"Automaton","floor":33,"turns":10}],"seed_played":"-7469590821669703672","potions_obtained":[{"floor":2,"key":"Poison Potion"},{"floor":4,"key":"SpeedPotion"},{"floor":7,"key":"FearPotion"},{"floor":13,"key":"FairyPotion"}],"is_trial":false,"path_per_floor":["T","M","T","?"],"character_chosen":"IRONCLAD","items_purchased":["Oddly Smooth Stone","Clothesline"],"campfire_rested":2,"item_purchase_floors":[14,20],"current_hp_per_floor":[70,75,72,71,69,69,53,53,53,42,45,45,49,49,49,14,67,73,73,73,68,68,68,68,27,27,52,52,52,37,33,58,0],"gold":120,"neow_bonus":"RANDOM_COMMON_RELIC","is_prod":false,"is_daily":false,"chose_seed":false,"campfire_upgraded":5,"win_rate":0,"timestamp":1553995237,"path_taken":["M","M","M","M","M","R","E","R","T","E","M","R","M","$","R","BOSS","M","?","$","?","$","R","?","E","T","R","?","R","E","M","R","BOSS"],"build_version":"2019-01-23","purchased_purges":3,"victory":false,"max_hp_per_floor":[75,75,75,75,75,75,85,85,85,85,85,85,85,85,85,85,85,85,85,85,85,85,85,85,85,85,85,85,85,85,85,85,85],"card_choices":[{"not_picked":["True Grit","Sentinel"],"picked":"Battle Trance","floor":1},{"not_picked":["Searing Blow","Shrug It Off"],"picked":"Inflame","floor":2},{"not_picked":["Body Slam","Flex"],"picked":"Ghostly Armor","floor":3},{"not_picked":["Perfected Strike","Cleave"],"picked":"Pummel","floor":4},{"not_picked":["Carnage","Immolate"],"picked":"Armaments","floor":5},{"not_picked":["Rampage","Armaments"],"picked":"Spot Weakness","floor":7},{"not_picked":["Inflame","Burning Pact","Armaments"],"picked":"SKIP","floor":10},{"not_picked":["Thunderclap","Perfected Strike","Intimidate"],"picked":"SKIP","floor":11},{"not_picked":["Dual Wield","Thunderclap"],"picked":"Shrug It Off","floor":13},{"not_picked":["Immolate","Dark Embrace"],"picked":"Impervious","floor":16},{"not_picked":["Sever Soul","Power Through","Cleave"],"picked":"SKIP","floor":18},{"not_picked":["Armaments+1","Perfected Strike","Thunderclap"],"picked":"SKIP","floor":21},{"not_picked":["Blood for Blood","Pummel","Immolate"],"picked":"SKIP","floor":25},{"not_picked":["Wild Strike","Spot Weakness","Twin Strike"],"picked":"SKIP","floor":30},{"not_picked":["Fire Breathing","Armaments","Reckless Charge"],"picked":"SKIP","floor":31}],"player_experience":359545,"relics_obtained":[{"floor":7,"key":"Pear"},{"floor":9,"key":"Centennial Puzzle"},{"floor":10,"key":"Happy Flower"},{"floor":19,"key":"Whetstone"},{"floor":24,"key":"Tiny Chest"},{"floor":25,"key":"Ornamental Fan"},{"floor":26,"key":"Shovel"},{"floor":29,"key":"Calipers"},{"floor":30,"key":"Omamori"}],"event_choices":[{"damage_healed":0,"gold_gain":0,"player_choice":"Ignored","damage_taken":0,"max_hp_gain":0,"max_hp_loss":0,"event_name":"Vampires","floor":28,"gold_loss":0}],"is_beta":false,"boss_relics":[{"not_picked":["Cursed Key","Orrery"],"picked":"Snecko Eye"}],"items_purged_floors":[14,20,22],"is_endless":false,"potions_floor_spawned":[2,4,7,10,11,13,25],"killed_by":"Automaton","ascension_level":14}