{"gold_per_floor":[110,129,129,129,145,176,206,237,307,307,342,342,356,48,48,147,147,162,261,281,281,331,331,346,346,346,364,326,361,361],"floor_reached":30,"playtime":1462,"items_purged":[],"score":279,"play_id":"a236e789-6e25-4ebe-8f14-3552fe644927","local_time":"20190326100356","is_ascension_mode":true,"campfire_choices":[{"data":"Dagger Spray","floor":10,"key":"SMITH"},{"data":"Backflip","floor":12,"key":"SMITH"},{"floor":15,"key":"REST"},{"data":"Envenom","floor":23,"key":"SMITH"},{"data":"Caltrops","floor":25,"key":"SMITH"}],"neow_cost":"NONE","seed_source_timestamp":7988391405232543,"circlet_count":0,"master_deck":["Defend_G","Defend_G","Defend_G+1","Defend_G+1","Defend_G","Strike_G","Strike_G","Strike_G","Strike_G","Strike_G","Survivor","Neutralize+1","Backflip+1","Quick Slash","Dagger Spray+1","Envenom+1","Acrobatics+1","Caltrops+1","Skewer","Storm of Steel"],"relics":["Ring of the Snake","NeowsBlessing","Turnip","Centennial Puzzle","Mango","Paper Crane","Art of War","War Paint","Regal Pillow","Philosopher\u0027s Stone","Pen Nib","FossilizedHelix"],"potions_floor_usage":[6,11,18,29,29],"damage_taken":[{"damage":0,"enemies":"Cultist","floor":1,"turns":1},{"damage":0,"enemies":"Jaw Worm","floor":2,"turns":1},{"damage":0,"enemies":"2 Louse","floor":5,"turns":1},{"damage":25,"enemies":"Lagavulin","floor":6,"turns":9},{"damage":16,"enemies":"Gremlin Nob","floor":8,"turns":5},{"damage":7,"enemies":"Lagavulin","floor":11,"turns":6},{"damage":0,"enemies":"Blue Slaver","floor":13,"turns":4},{"damage":50,"enemies":"The Guardian","floor":16,"turns":22},{"damage":2,"enemies":"3 Byrds","floor":18,"turns":3},{"damage":10,"enemies":"Shell Parasite","floor":20,"turns":6},{"damage":14,"enemies":"Centurion and Healer","floor":24,"turns":7},{"damage":5,"enemies":"Snecko","floor":27,"turns":5},{"damage":43,"enemies":"Slavers","floor":29,"turns":5},{"damage":14,"enemies":"Shelled Parasite and Fungi","floor":30,"turns":2}],"seed_played":"-4813714832738649754","potions_obtained":[{"floor":5,"key":"EssenceOfSteel"},{"floor":6,"key":"PowerPotion"},{"floor":8,"key":"Explosive Potion"},{"floor":16,"key":"Block Potion"},{"floor":20,"key":"GamblersBrew"},{"floor":29,"key":"Strength Potion"}],"is_trial":false,"path_per_floor":["M","M","$","?","M","E","?","E","T","R","E","R","M","$","R","B",null,"M","?","M","?","?","R","M","R","T","M","$","E","M"],"character_chosen":"THE_SILENT","items_purchased":["War Paint","Regal Pillow","Skewer"],"campfire_rested":1,"item_purchase_floors":[14,14,28],"current_hp_per_floor":[70,70,70,70,70,45,45,43,43,43,36,36,36,36,76,26,84,82,82,72,72,72,72,58,58,58,53,53,10,0],"gold":361,"neow_bonus":"THREE_ENEMY_KILL","is_prod":false,"is_daily":false,"chose_seed":false,"campfire_upgraded":4,"win_rate":0,"timestamp":1553609036,"path_taken":["M","?","$","?","M","E","?","E","T","R","E","R","M","$","R","BOSS","M","?","M","?","?","R","M","R","T","M","$","E","?"],"build_version":"2019-01-23","purchased_purges":0,"victory":false,"max_hp_per_floor":[70,70,70,70,70,70,70,84,84,84,84,84,84,84,84,84,84,84,84,84,84,84,84,84,84,84,84,84,84,84],"card_choices":[{"not_picked":["Blade Dance","Quick Slash"],"picked":"Backflip","floor":1},{"not_picked":["Outmaneuver","Terror"],"picked":"Quick Slash","floor":2},{"not_picked":["Setup","Deflect","Distraction"],"picked":"SKIP","floor":5},{"not_picked":["Leg Sweep","Sucker Punch","Underhanded Strike"],"picked":"SKIP","floor":6},{"not_picked":["Acrobatics","Night Terror"],"picked":"Dagger Spray","floor":8},{"not_picked":["Backflip","Deflect","Poisoned Stab"],"picked":"SKIP","floor":11},{"not_picked":["Skewer","Infinite Blades","Dagger Spray"],"picked":"SKIP","floor":13},{"not_picked":["Venomology","Wraith Form v2"],"picked":"Envenom","floor":16},{"not_picked":["Deadly Poison","Backflip"],"picked":"Acrobatics+1","floor":18},{"not_picked":["Blade Dance","Deadly Poison"],"picked":"Caltrops","floor":20},{"not_picked":["Underhanded Strike","Predator","Accuracy"],"picked":"SKIP","floor":24},{"not_picked":["Eviscerate","Outmaneuver+1","Poisoned Stab+1"],"picked":"SKIP","floor":27},{"not_picked":["Doppelganger","Flying Knee"],"picked":"Storm of Steel","floor":29}],"player_experience":534266,"relics_obtained":[{"floor":6,"key":"Turnip"},{"floor":8,"key":"Mango"},{"floor":9,"key":"Paper Crane"},{"floor":11,"key":"Art of War"},{"floor":26,"key":"Pen Nib"},{"floor":29,"key":"FossilizedHelix"}],"event_choices":[{"damage_healed":0,"gold_gain":0,"player_choice":"Grow","damage_taken":0,"max_hp_gain":0,"max_hp_loss":0,"event_name":"Living Wall","floor":4,"gold_loss":0,"cards_upgraded":["Neutralize"]},{"damage_healed":0,"gold_gain":30,"player_choice":"Searched \u00272\u0027 times","damage_taken":0,"relics_obtained":["Centennial Puzzle"],"max_hp_gain":0,"max_hp_loss":0,"event_name":"Dead Adventurer","floor":7,"gold_loss":0},{"damage_healed":0,"gold_gain":99,"player_choice":"Stole From Cult","damage_taken":0,"max_hp_gain":0,"max_hp_loss":0,"event_name":"Nest","floor":19,"gold_loss":0},{"damage_healed":0,"gold_gain":0,"player_choice":"Ignored","damage_taken":0,"max_hp_gain":0,"max_hp_loss":0,"event_name":"Ghosts","floor":21,"gold_loss":0},{"damage_healed":0,"gold_gain":100,"player_choice":"Bet on Murderer","damage_taken":0,"max_hp_gain":0,"max_hp_loss":0,"event_name":"The Joust","floor":22,"gold_loss":50}],"is_beta":false,"boss_relics":[{"not_picked":["Lizard Tail","Calling Bell"],"picked":"Philosopher\u0027s Stone"}],"items_purged_floors":[],"is_endless":false,"potions_floor_spawned":[5,6,8,16,20,29],"killed_by":"Shelled Parasite and Fungi","ascension_level":1}