{"gold_per_floor":[212,227,227,227,177,202,202,219,219,219,219,231,231,242,242,343,343,361,374,289,309,309,336,354,366,366,104,104,104,122,142,142,245,245,260,260,227,227,242,242,276,376,376,376,395,395,406,406,406,406,406,406,44,44],"floor_reached":54,"playtime":5455,"items_purged":[],"score":762,"play_id":"a9deae63-54d5-4281-a163-75cf47499fbf","local_time":"20190306081445","is_ascension_mode":false,"campfire_choices":[{"data":"Bash","floor":7,"key":"SMITH"},{"data":"1","floor":11,"key":"LIFT"},{"data":"2","floor":13,"key":"LIFT"},{"data":"3","floor":15,"key":"LIFT"},{"floor":28,"key":"REST"},{"floor":29,"key":"REST"},{"data":"Limit Break","floor":32,"key":"SMITH"},{"floor":40,"key":"RECALL"},{"floor":44,"key":"REST"},{"floor":49,"key":"REST"},{"data":"Dual Wield","floor":52,"key":"SMITH"}],"neow_cost":"NONE","seed_source_timestamp":372335885875718,"circlet_count":0,"master_deck":["Bash+1","Seeing Red+1","Iron Wave","Shrug It Off","Iron Wave","Battle Trance","Anger","Feel No Pain","Feed","Exhume","Reckless Charge","Dual Wield+1","Hemokinesis","Pummel","Metallicize","Heavy Blade","Flex+1","Limit Break+1","Shrug It Off","Metallicize","Metallicize","Heavy Blade","Seeing Red+1","Thunderclap+1","Ghostly Armor+1","Metallicize"],"relics":["Burning Blood","Darkstone Periapt","Girya","Pandora\u0027s Box","Art of War","Bottled Tornado","WingedGreaves","Shuriken","Lizard Tail","Pocketwatch","Ginger"],"potions_floor_usage":[16,19,23,24,24,25,33,33,45,50],"damage_taken":[{"damage":14,"enemies":"Jaw Worm","floor":1,"turns":4},{"damage":0,"enemies":"Small Slimes","floor":2,"turns":2},{"damage":41,"enemies":"3 Sentries","floor":6,"turns":13},{"damage":2,"enemies":"Cultist","floor":8,"turns":4},{"damage":3,"enemies":"Lots of Slimes","floor":12,"turns":5},{"damage":3,"enemies":"Large Slime","floor":14,"turns":5},{"damage":38,"enemies":"The Guardian","floor":16,"turns":9},{"damage":10,"enemies":"Shell Parasite","floor":18,"turns":3},{"damage":15,"enemies":"2 Thieves","floor":19,"turns":4},{"damage":17,"enemies":"Centurion and Healer","floor":21,"turns":5},{"damage":62,"enemies":"Slavers","floor":23,"turns":8},{"damage":11,"enemies":"Shelled Parasite and Fungi","floor":24,"turns":3},{"damage":10,"enemies":"3 Cultists","floor":25,"turns":4},{"damage":17,"enemies":"Snecko","floor":30,"turns":5},{"damage":7,"enemies":"Cultist and Chosen","floor":31,"turns":4},{"damage":48,"enemies":"Collector","floor":33,"turns":9},{"damage":10,"enemies":"3 Shapes","floor":35,"turns":3},{"damage":12,"enemies":"Orb Walker","floor":39,"turns":4},{"damage":107,"enemies":"Nemesis","floor":41,"turns":7},{"damage":21,"enemies":"Sphere and 2 Shapes","floor":45,"turns":5},{"damage":24,"enemies":"4 Shapes","floor":47,"turns":4},{"damage":75,"enemies":"Donu and Deca","floor":50,"turns":8},{"damage":132,"enemies":"Shield and Spear","floor":54,"turns":8}],"seed_played":"755976327046782359","potions_obtained":[{"floor":6,"key":"FearPotion"},{"floor":10,"key":"PowerPotion"},{"floor":10,"key":"Weak Potion"},{"floor":12,"key":"Ancient Potion"},{"floor":18,"key":"FearPotion"},{"floor":21,"key":"Weak Potion"},{"floor":24,"key":"AttackPotion"},{"floor":30,"key":"Block Potion"},{"floor":31,"key":"LiquidBronze"},{"floor":41,"key":"FearPotion"},{"floor":45,"key":"BloodPotion"}],"is_trial":false,"path_per_floor":["?","?","?","?","M","M","?","?","M","M","?","?","M","?"],"character_chosen":"IRONCLAD","items_purchased":["Shuriken","Metallicize","Ginger","Metallicize"],"campfire_rested":4,"item_purchase_floors":[27,37,53,53],"current_hp_per_floor":[72,78,78,78,78,43,43,47,47,47,47,50,50,53,53,21,80,79,76,76,68,68,12,13,12,12,12,42,72,61,63,63,24,107,103,103,103,103,100,100,64,64,64,97,85,85,70,70,105,47,119,119,119,0],"gold":44,"neow_bonus":"HUNDRED_GOLD","is_prod":false,"is_daily":false,"chose_seed":false,"campfire_upgraded":3,"win_rate":0,"timestamp":1551870885,"path_taken":["M","M","?","?","?","E","R","M","T","?","R","?","R","M","R","BOSS","M","?","?","M","?","E","M","M","T","$","R","R","?","?","R","BOSS","M","$","$","?","M","R","E","?","T","R","?","$","M","?","R","BOSS","R","$","E"],"build_version":"2019-01-23","purchased_purges":0,"victory":false,"max_hp_per_floor":[80,80,80,80,80,80,80,80,80,80,80,80,80,80,80,80,80,83,89,89,92,92,92,98,101,101,101,101,101,101,104,104,107,107,107,107,107,107,110,110,113,113,113,113,116,116,119,119,119,119,119,119,119,119],"card_choices":[{"not_picked":["Sword Boomerang","Warcry"],"picked":"Seeing Red","floor":1},{"not_picked":["Armaments","Havoc"],"picked":"Iron Wave","floor":2},{"not_picked":["Heavy Blade","Demon Form"],"picked":"Shrug It Off","floor":6},{"not_picked":["Infernal Blade","Thunderclap"],"picked":"Iron Wave","floor":8},{"not_picked":["Burning Pact","Dropkick"],"picked":"Battle Trance","floor":12},{"not_picked":["Rupture","Warcry"],"picked":"Anger","floor":14},{"not_picked":["Bloodletting","Reckless Charge"],"picked":"Heavy Blade","floor":18},{"not_picked":["Heavy Blade","Clothesline"],"picked":"Flex+1","floor":19},{"not_picked":["Havoc","Thunderclap","Sword Boomerang"],"picked":"SKIP","floor":21},{"not_picked":["Perfected Strike","Thunderclap"],"picked":"Limit Break","floor":23},{"not_picked":["Burning Pact","Thunderclap"],"picked":"Shrug It Off","floor":24},{"not_picked":["Clothesline+1","Perfected Strike","Heavy Blade"],"picked":"SKIP","floor":25},{"not_picked":["Carnage","Sentinel","Evolve"],"picked":"SKIP","floor":30},{"not_picked":["Warcry+1","Sentinel"],"picked":"Metallicize","floor":31},{"not_picked":["Wild Strike","Seeing Red+1"],"picked":"Inflame","floor":35},{"not_picked":["Blood for Blood+1","Clash"],"picked":"Heavy Blade","floor":39},{"not_picked":["Sword Boomerang","Clash+1"],"picked":"Seeing Red+1","floor":41},{"not_picked":["Combust+1","Twin Strike"],"picked":"Thunderclap+1","floor":45},{"not_picked":["Perfected Strike+1","Carnage+1"],"picked":"Ghostly Armor+1","floor":47}],"player_experience":257466,"relics_obtained":[{"floor":6,"key":"Darkstone Periapt"},{"floor":9,"key":"Girya"},{"floor":23,"key":"Bottled Tornado"},{"floor":26,"key":"WingedGreaves"},{"floor":41,"key":"Pocketwatch"}],"event_choices":[{"damage_healed":0,"gold_gain":0,"player_choice":"Ignored","damage_taken":0,"max_hp_gain":0,"max_hp_loss":0,"event_name":"Shining Light","floor":3,"gold_loss":0},{"damage_healed":0,"gold_gain":0,"player_choice":"Grow","damage_taken":0,"max_hp_gain":0,"max_hp_loss":0,"event_name":"Living Wall","floor":4,"gold_loss":0,"cards_upgraded":["Seeing Red"]},{"cards_removed":["Strike_R"],"damage_healed":0,"gold_gain":0,"player_choice":"Card Removal","damage_taken":0,"max_hp_gain":0,"max_hp_loss":0,"event_name":"The Cleric","floor":5,"gold_loss":50},{"damage_healed":0,"gold_gain":0,"player_choice":"Got Potions","damage_taken":0,"max_hp_gain":0,"max_hp_loss":0,"event_name":"Lab","floor":10,"gold_loss":0},{"damage_healed":0,"gold_gain":0,"player_choice":"Obtained Relic","damage_taken":0,"relics_obtained":["Art of War"],"max_hp_gain":0,"max_hp_loss":0,"event_name":"Addict","floor":20,"gold_loss":85},{"damage_healed":0,"gold_gain":0,"player_choice":"Ignored","damage_taken":0,"max_hp_gain":0,"max_hp_loss":0,"event_name":"NoteForYourself","floor":22,"gold_loss":0},{"cards_removed":["Inflame"],"damage_healed":0,"gold_gain":0,"player_choice":"Removed Power","damage_taken":0,"max_hp_gain":0,"max_hp_loss":0,"event_name":"Falling","floor":38,"gold_loss":0},{"damage_healed":0,"gold_gain":100,"player_choice":"Pray","damage_taken":0,"max_hp_gain":0,"max_hp_loss":0,"event_name":"Golden Shrine","floor":42,"gold_loss":0},{"damage_healed":0,"gold_gain":0,"player_choice":"Ignored","damage_taken":0,"max_hp_gain":0,"max_hp_loss":0,"event_name":"Tomb of Lord Red Mask","floor":48,"gold_loss":0}],"is_beta":false,"boss_relics":[{"not_picked":["White Beast Statue","Calling Bell"],"picked":"Pandora\u0027s Box"},{"not_picked":["Black Blood","Coffee Dripper"],"picked":"Lizard Tail"}],"items_purged_floors":[],"is_endless":false,"potions_floor_spawned":[6,12,14,18,21,24,30,31,41,45],"killed_by":"Shield and Spear","ascension_level":0}