{"gold_per_floor":[217,217,217,231,251,251,251,282,282,303,279,279,298,323,323,323],"floor_reached":16,"playtime":1662,"items_purged":[],"score":104,"play_id":"f52f6fcd-fe9f-4c9f-87f1-83cf3910b372","local_time":"20190209223022","is_ascension_mode":false,"campfire_choices":[{"floor":6,"key":"RECALL"},{"floor":12,"key":"REST"},{"floor":15,"key":"REST"}],"neow_cost":"NONE","seed_source_timestamp":30470596244048,"circlet_count":0,"master_deck":["Strike_R","Strike_R","Strike_R","Strike_R","Defend_R","Defend_R","Defend_R","Defend_R","Bash","Injury","Ghostly Armor","Armaments","Iron Wave","Headbutt"],"relics":["Burning Blood","Golden Idol","Gremlin Horn","Matryoshka"],"potions_floor_usage":[7,8,8,8,16],"damage_taken":[{"damage":12,"enemies":"2 Louse","floor":1,"turns":3},{"damage":0,"enemies":"Small Slimes","floor":4,"turns":3},{"damage":13,"enemies":"Cultist","floor":5,"turns":5},{"damage":58,"enemies":"3 Sentries","floor":8,"turns":18},{"damage":13,"enemies":"2 Fungi Beasts","floor":10,"turns":5},{"damage":7,"enemies":"Exordium Thugs","floor":11,"turns":5},{"damage":20,"enemies":"Red Slaver","floor":13,"turns":5},{"damage":21,"enemies":"Gremlin Gang","floor":14,"turns":9},{"damage":66,"enemies":"The Guardian","floor":16,"turns":10}],"seed_played":"-8184212197446044278","potions_obtained":[{"floor":1,"key":"AttackPotion"},{"floor":5,"key":"EssenceOfSteel"},{"floor":7,"key":"Fruit Juice"},{"floor":7,"key":"BloodPotion"},{"floor":13,"key":"Energy Potion"},{"floor":14,"key":"Strength Potion"}],"is_trial":false,"path_per_floor":["?","?","?","M"],"character_chosen":"IRONCLAD","items_purchased":[],"campfire_rested":2,"item_purchase_floors":[],"current_hp_per_floor":[74,67,67,73,66,66,71,27,27,20,19,44,30,15,40,0],"gold":323,"neow_bonus":"HUNDRED_GOLD","is_prod":false,"is_daily":false,"chose_seed":false,"campfire_upgraded":0,"win_rate":0,"timestamp":1549762222,"path_taken":["M","?","?","M","M","R","?","E","T","M","M","R","?","M","R","BOSS"],"build_version":"2019-01-23","purchased_purges":0,"victory":false,"max_hp_per_floor":[80,80,80,80,80,80,85,85,85,85,85,85,85,85,85,85],"card_choices":[{"not_picked":["Thunderclap","Searing Blow","Fire Breathing"],"picked":"SKIP","floor":1},{"not_picked":["Wild Strike","Twin Strike","Intimidate"],"picked":"SKIP","floor":4},{"not_picked":["Corruption","Uppercut"],"picked":"Ghostly Armor","floor":5},{"not_picked":["Twin Strike","Wild Strike"],"picked":"Armaments","floor":8},{"not_picked":["True Grit","Intimidate","Anger"],"picked":"SKIP","floor":10},{"not_picked":["Sentinel","Sword Boomerang","Power Through"],"picked":"SKIP","floor":11},{"not_picked":["Sever Soul","Twin Strike"],"picked":"Iron Wave","floor":13},{"not_picked":["Hemokinesis","Bludgeon"],"picked":"Headbutt","floor":14}],"player_experience":145006,"relics_obtained":[{"floor":8,"key":"Gremlin Horn"},{"floor":9,"key":"Matryoshka"}],"event_choices":[{"cards_removed":["Strike_R"],"damage_healed":0,"gold_gain":0,"player_choice":"Card Removal","damage_taken":7,"max_hp_gain":0,"max_hp_loss":0,"event_name":"Golden Wing","floor":2,"gold_loss":0},{"damage_healed":0,"gold_gain":0,"player_choice":"Take Wound","damage_taken":0,"relics_obtained":["Golden Idol"],"max_hp_gain":0,"max_hp_loss":0,"event_name":"Golden Idol","floor":3,"gold_loss":0,"cards_obtained":["Injury"]},{"damage_healed":0,"gold_gain":0,"player_choice":"Got Potions","damage_taken":0,"max_hp_gain":0,"max_hp_loss":0,"event_name":"Lab","floor":7,"gold_loss":0}],"is_beta":false,"boss_relics":[],"items_purged_floors":[],"is_endless":false,"potions_floor_spawned":[1,5,13,14],"killed_by":"The Guardian","ascension_level":0}