{"gold_per_floor":[111,123,73,86,4,4,18,18,87,107,107,28,28,38,38,133,133,147,147,72,72,85,85,184,194,194,194,214,139,139],"floor_reached":30,"playtime":1380,"items_purged":["Defend_R"],"score":295,"play_id":"c976d501-5ffa-4429-b3c1-91fc9ff47bd5","local_time":"20180706130225","is_ascension_mode":false,"campfire_choices":[{"data":"Inflame","floor":6,"key":"SMITH"},{"data":"Perfected Strike","floor":8,"key":"SMITH"},{"floor":11,"key":"REST"},{"data":"Whirlwind","floor":15,"key":"SMITH"},{"data":"Inflame","floor":23,"key":"SMITH"},{"floor":27,"key":"REST"}],"neow_cost":"NONE","seed_source_timestamp":1335263602904207,"circlet_count":0,"master_deck":["Strike_R","Strike_R","Strike_R","Strike_R","Strike_R","Defend_R","Bash","Inflame+1","Perfected Strike+1","Inflame+1","Whirlwind+1","Thunderclap","Bludgeon","Bludgeon","Perfected Strike","Battle Trance"],"relics":["White Beast Statue","Mercury Hourglass","Philosopher\u0027s Stone","Bottled Lightning"],"potions_floor_usage":[4,22,28],"damage_taken":[{"damage":6,"enemies":"Cultist","floor":1,"turns":3},{"damage":11,"enemies":"Jaw Worm","floor":2,"turns":2},{"damage":7,"enemies":"2 Louse","floor":4,"turns":3},{"damage":13,"enemies":"2 Fungi Beasts","floor":7,"turns":3},{"damage":18,"enemies":"Lots of Slimes","floor":10,"turns":3},{"damage":13,"enemies":"Red Slaver","floor":14,"turns":2},{"damage":0,"enemies":"Slime Boss","floor":16,"turns":5},{"damage":5,"enemies":"3 Byrds","floor":18,"turns":3},{"damage":12,"enemies":"Spheric Guardian","floor":22,"turns":3},{"damage":22,"enemies":"Cultist and Chosen","floor":25,"turns":4},{"damage":29,"enemies":"Chosen and Byrds","floor":28,"turns":3},{"damage":30,"enemies":"Slaver and Parasite","floor":30,"turns":1}],"seed_played":"6027288641772276880","potions_obtained":[{"floor":1,"key":"SneckoOil"},{"floor":2,"key":"BloodPotion"},{"floor":4,"key":"Poison Potion"},{"floor":7,"key":"Weak Potion"},{"floor":10,"key":"Strength Potion"},{"floor":18,"key":"BloodPotion"},{"floor":22,"key":"GamblersBrew"},{"floor":28,"key":"Strength Potion"}],"is_trial":false,"path_per_floor":["M","M","?","M","$","R","M","R","T","M","R","$","?","M","R","B",null,"M","?","$","?","M","R","?","M","T","R","M","?"],"character_chosen":"IRONCLAD","items_purchased":["Inflame","Perfected Strike","Whirlwind"],"campfire_rested":2,"item_purchase_floors":[5,5,12],"current_hp_per_floor":[74,63,63,64,64,64,51,51,51,33,57,57,77,64,64,64,80,75,60,60,60,56,56,56,34,34,59,30,30,0],"gold":139,"neow_bonus":"BOSS_RELIC","is_prod":false,"is_daily":false,"chose_seed":false,"campfire_upgraded":4,"win_rate":0,"timestamp":1530896545,"path_taken":["M","?","?","?","?","R","M","R","T","?","R","?","?","?","R","BOSS","M","?","?","?","?","R","?","M","T","R","M","?","?"],"build_version":"2018-07-05","purchased_purges":1,"victory":false,"max_hp_per_floor":[80,80,80,80,80,80,80,80,80,80,80,80,80,80,80,80,80,80,85,85,85,85,85,85,85,85,85,85,82,82],"card_choices":[{"not_picked":["Heavy Blade","Armaments","Warcry"],"picked":"SKIP","floor":1},{"not_picked":["Clash","Anger","Blood for Blood"],"picked":"SKIP","floor":2},{"not_picked":["Body Slam","Dark Embrace","Anger"],"picked":"SKIP","floor":4},{"not_picked":["Iron Wave","Headbutt","Impervious"],"picked":"SKIP","floor":7},{"not_picked":["Perfected Strike","Headbutt"],"picked":"Inflame","floor":10},{"not_picked":["Havoc","Clothesline"],"picked":"Thunderclap","floor":14},{"not_picked":["Double Tap","Immolate"],"picked":"Bludgeon","floor":16},{"not_picked":["Iron Wave","Clash","Evolve"],"picked":"SKIP","floor":18},{"not_picked":["Shockwave","Armaments+1"],"picked":"Perfected Strike","floor":22},{"not_picked":["Evolve","Dropkick"],"picked":"Battle Trance","floor":25},{"not_picked":["Entrench","Heavy Blade","Warcry"],"picked":"SKIP","floor":28}],"player_experience":89719,"relics_obtained":[{"floor":9,"key":"Mercury Hourglass"},{"floor":26,"key":"Bottled Lightning"}],"event_choices":[{"event_name":"The Cleric","player_choice":"Card Removal","floor":3,"damage_taken":0},{"event_name":"Mushrooms","player_choice":"Healed and dodged fight","floor":13,"damage_taken":0},{"event_name":"Forgotten Altar","player_choice":"Shed Blood","floor":19,"damage_taken":0},{"event_name":"Transmorgrifier","player_choice":"Transform","floor":21,"damage_taken":0},{"event_name":"Nest","player_choice":"Stole From Cult","floor":24,"damage_taken":0},{"event_name":"Beggar","player_choice":"Gave Gold","floor":29,"damage_taken":0}],"boss_relics":[{"not_picked":["Lizard Tail","Fusion Hammer"],"picked":"Philosopher\u0027s Stone"}],"items_purged_floors":[20],"is_endless":false,"potions_floor_spawned":[1,2,4,7,10,14,16,18,22,25,28],"killed_by":"Slaver and Parasite","ascension_level":0}