{"gold_per_floor":[109,109,109,109,34,34,65,65,90,123,141,157,332,375,375,375],"floor_reached":16,"playtime":284,"items_purged":["Defend_R"],"score":191,"play_id":"ef8dcbd8-aad0-4d42-8d6c-0463261457be","local_time":"20190326102354","is_ascension_mode":true,"campfire_choices":[{"data":"Armaments","floor":6,"key":"SMITH"},{"data":"Perfected Strike","floor":8,"key":"SMITH"},{"data":"Shrug It Off","floor":15,"key":"SMITH"}],"neow_cost":"NONE","seed_source_timestamp":7990767587464537,"circlet_count":0,"master_deck":["Strike_R","Strike_R","Strike_R","Strike_R+1","Defend_R","Defend_R","Defend_R+1","Bash","Armaments+1","Burning Pact","Perfected Strike+1","Twin Strike","Shrug It Off+1","Doubt"],"relics":["Burning Blood","NeowsBlessing","Golden Idol","Unceasing Top","Vajra","Prayer Wheel","Shovel"],"potions_floor_usage":[14],"damage_taken":[{"damage":0,"enemies":"2 Louse","floor":1,"turns":1},{"damage":0,"enemies":"Lagavulin","floor":7,"turns":1},{"damage":0,"enemies":"Gremlin Nob","floor":10,"turns":1},{"damage":7,"enemies":"Jaw Worm","floor":11,"turns":3},{"damage":1,"enemies":"Cultist","floor":12,"turns":3},{"damage":19,"enemies":"Lagavulin","floor":14,"turns":5},{"damage":51,"enemies":"The Guardian","floor":16,"turns":8}],"seed_played":"-982841937990500089","potions_obtained":[{"floor":1,"key":"PowerPotion"},{"floor":12,"key":"EssenceOfSteel"},{"floor":14,"key":"Swift Potion"}],"is_trial":false,"path_per_floor":["M","?","?","?","$","R","E","R","T","E","M","M","?","E","R","B"],"character_chosen":"IRONCLAD","items_purchased":[],"campfire_rested":0,"item_purchase_floors":[],"current_hp_per_floor":[80,60,44,44,44,44,50,50,50,56,55,60,60,47,47,0],"gold":375,"neow_bonus":"THREE_ENEMY_KILL","is_prod":false,"is_daily":false,"chose_seed":false,"campfire_upgraded":3,"win_rate":0,"timestamp":1553610234,"path_taken":["M","?","?","?","$","R","E","R","T","E","M","?","?","E","R","BOSS"],"build_version":"2019-01-23","purchased_purges":1,"victory":false,"max_hp_per_floor":[80,80,80,80,80,80,80,80,80,80,80,80,80,80,80,80],"card_choices":[{"not_picked":["Body Slam","Intimidate"],"picked":"Armaments","floor":1},{"not_picked":["Dark Embrace","True Grit"],"picked":"Perfected Strike","floor":7},{"not_picked":["Heavy Blade","Havoc","Clash"],"picked":"SKIP","floor":10},{"not_picked":["Wild Strike","Feed"],"picked":"Twin Strike","floor":11},{"not_picked":["Shockwave","Power Through","Combust"],"picked":"SKIP","floor":11},{"not_picked":["Blood for Blood","Clash"],"picked":"Shrug It Off","floor":12},{"not_picked":["Pummel","Power Through","Warcry"],"picked":"SKIP","floor":12},{"not_picked":["Reaper","Juggernaut","Flex"],"picked":"SKIP","floor":14}],"player_experience":536610,"relics_obtained":[{"floor":7,"key":"Unceasing Top"},{"floor":9,"key":"Vajra"},{"floor":10,"key":"Prayer Wheel"},{"floor":14,"key":"Shovel"}],"event_choices":[{"damage_healed":0,"gold_gain":0,"player_choice":"Take Damage","damage_taken":20,"relics_obtained":["Golden Idol"],"max_hp_gain":0,"max_hp_loss":0,"event_name":"Golden Idol","floor":2,"gold_loss":0},{"damage_healed":0,"gold_gain":0,"player_choice":"Entered Light","damage_taken":16,"max_hp_gain":0,"max_hp_loss":0,"event_name":"Shining Light","floor":3,"gold_loss":0,"cards_upgraded":["Defend_R","Strike_R"]},{"damage_healed":0,"gold_gain":0,"cards_transformed":["Strike_R"],"player_choice":"Transformed","damage_taken":0,"max_hp_gain":0,"max_hp_loss":0,"event_name":"Transmorgrifier","floor":4,"gold_loss":0,"cards_obtained":["Burning Pact"]},{"damage_healed":0,"gold_gain":175,"player_choice":"AGREE","damage_taken":0,"max_hp_gain":0,"max_hp_loss":0,"event_name":"Liars Game","floor":13,"gold_loss":0,"cards_obtained":["Doubt"]}],"is_beta":false,"boss_relics":[],"items_purged_floors":[5],"is_endless":false,"potions_floor_spawned":[1,12,14],"killed_by":"The Guardian","ascension_level":3}