{"gold_per_floor":[114,69,81,6,24,44,119,119,143,218,231,231,248,266,266,266],"floor_reached":16,"playtime":1629,"items_purged":["Defend_B"],"score":94,"play_id":"ec0d887e-e83f-44a1-a038-089eb38c36b1","local_time":"20180801105315","is_ascension_mode":false,"campfire_choices":[{"floor":8,"key":"REST"},{"data":"Gash","floor":12,"key":"SMITH"},{"floor":15,"key":"REST"}],"neow_cost":"NONE","seed_source_timestamp":1823411327498350,"circlet_count":0,"master_deck":["Strike_B","Strike_B","Strike_B","Strike_B","Defend_B","Defend_B","Defend_B","Zap","Dualcast","Gash+1","Beam Cell"],"relics":["Cracked Core","Anchor"],"potions_floor_usage":[13],"damage_taken":[{"damage":1,"enemies":"2 Louse","floor":1,"turns":2},{"damage":1,"enemies":"Cultist","floor":3,"turns":3},{"damage":7,"enemies":"Small Slimes","floor":5,"turns":2},{"damage":12,"enemies":"Blue Slaver","floor":6,"turns":2},{"damage":0,"enemies":"3 Louse","floor":11,"turns":2},{"damage":4,"enemies":"Gremlin Gang","floor":13,"turns":4},{"damage":16,"enemies":"Exordium Thugs","floor":14,"turns":4},{"damage":61,"enemies":"Hexaghost","floor":16,"turns":8}],"seed_played":"-3427304781572484832","potions_obtained":[{"floor":3,"key":"SpeedPotion"},{"floor":11,"key":"Block Potion"},{"floor":13,"key":"Poison Potion"}],"is_trial":false,"path_per_floor":["M","$","M","$","M","M","?","R","T","?","M","R","M","M","R"],"character_chosen":"DEFECT","items_purchased":["Beam Cell"],"campfire_rested":2,"item_purchase_floors":[2],"current_hp_per_floor":[74,74,73,73,66,54,47,69,69,58,58,58,54,38,60,0],"gold":266,"neow_bonus":"THREE_CARDS","is_prod":false,"is_daily":false,"chose_seed":false,"campfire_upgraded":1,"win_rate":0,"timestamp":1533135195,"path_taken":["M","$","M","$","M","M","?","R","T","?","M","R","?","M","R","BOSS"],"build_version":"2018-07-26","purchased_purges":1,"victory":false,"max_hp_per_floor":[75,75,75,75,75,75,75,75,75,75,75,75,75,75,75,75],"card_choices":[{"not_picked":["Rip and Tear","Coolheaded"],"picked":"Gash","floor":0},{"not_picked":["Redo","Hologram","White Noise"],"picked":"SKIP","floor":1},{"not_picked":["Reprogram","Rebound","Rip and Tear"],"picked":"SKIP","floor":3},{"not_picked":["Sweeping Beam","Leap","Rainbow"],"picked":"SKIP","floor":5},{"not_picked":["Streamline","White Noise","Rebound"],"picked":"SKIP","floor":6},{"not_picked":["Chill","Turbo","Ball Lightning"],"picked":"SKIP","floor":11},{"not_picked":["Streamline","Self Repair","Go for the Eyes"],"picked":"SKIP","floor":13},{"not_picked":["Beam Cell","Turbo","Fusion"],"picked":"SKIP","floor":14}],"player_experience":302535,"relics_obtained":[{"floor":9,"key":"Anchor"}],"event_choices":[{"event_name":"FaceTrader","player_choice":"Touch","floor":7,"damage_taken":0},{"event_name":"World of Goop","player_choice":"Gather Gold","floor":10,"damage_taken":0}],"is_beta":false,"boss_relics":[],"items_purged_floors":[4],"is_endless":false,"potions_floor_spawned":[3,11,13],"killed_by":"Hexaghost","ascension_level":0}