{"gold_per_floor":[112,287,307,321,332,332,348,367,367,241,241,251,264,55,55,156,156,166,166,179,79,92,92],"floor_reached":23,"playtime":791,"items_purged":["Doubt","Defend_R"],"score":206,"play_id":"aaa58df9-b3f9-4a43-b99d-3c0fcc4f2ed9","local_time":"20180926125110","is_ascension_mode":true,"campfire_choices":[{"data":"Thunderclap","floor":6,"key":"SMITH"},{"floor":11,"key":"REST"},{"data":"Carnage","floor":15,"key":"SMITH"}],"neow_cost":"NONE","seed_source_timestamp":437935682031790,"circlet_count":0,"master_deck":["Strike_R","Strike_R","Strike_R","Strike_R","Strike_R","Defend_R","Defend_R","Defend_R","Bash","Carnage+1","Thunderclap+1","Pommel Strike","Twin Strike","Inflame","Shrug It Off","Bludgeon"],"relics":["Burning Blood","Pen Nib","Calipers","Brimstone","Velvet Choker"],"potions_floor_usage":[3,7,12,22],"damage_taken":[{"damage":12,"enemies":"Small Slimes","floor":1,"turns":3},{"damage":7,"enemies":"Jaw Worm","floor":3,"turns":3},{"damage":6,"enemies":"Cultist","floor":4,"turns":3},{"damage":9,"enemies":"2 Fungi Beasts","floor":5,"turns":3},{"damage":34,"enemies":"Gremlin Gang","floor":7,"turns":5},{"damage":14,"enemies":"3 Louse","floor":8,"turns":3},{"damage":0,"enemies":"Blue Slaver","floor":12,"turns":1},{"damage":6,"enemies":"Exordium Thugs","floor":13,"turns":4},{"damage":60,"enemies":"The Guardian","floor":16,"turns":6},{"damage":5,"enemies":"3 Byrds","floor":18,"turns":3},{"damage":24,"enemies":"2 Thieves","floor":20,"turns":2},{"damage":27,"enemies":"Snake Plant","floor":22,"turns":2},{"damage":45,"enemies":"Gremlin Leader","floor":23,"turns":3}],"seed_played":"6052006558823187502","potions_obtained":[{"floor":1,"key":"SkillPotion"},{"floor":4,"key":"EssenceOfSteel"},{"floor":13,"key":"Swift Potion"},{"floor":16,"key":"LiquidBronze"},{"floor":18,"key":"Ancient Potion"}],"is_trial":false,"path_per_floor":["M","?","M","M","M","R","M","M","T","$","R","M","M","$","R","B",null,"M","?","M","$","M"],"character_chosen":"IRONCLAD","items_purchased":["Fire Potion","Brimstone"],"campfire_rested":1,"item_purchase_floors":[10,14],"current_hp_per_floor":[74,74,73,73,70,70,42,34,34,34,58,64,64,64,64,10,80,80,80,62,62,41,0],"gold":92,"neow_bonus":"RANDOM_COMMON_RELIC","is_prod":false,"is_daily":false,"chose_seed":false,"campfire_upgraded":2,"win_rate":0,"timestamp":1537980670,"path_taken":["M","?","?","M","M","R","M","M","T","$","R","M","M","$","R","BOSS","M","?","M","$","M","E"],"build_version":"2018-09-20","purchased_purges":2,"victory":false,"max_hp_per_floor":[80,80,80,80,80,80,80,80,80,80,80,80,80,80,80,80,80,80,80,80,80,80,80],"card_choices":[{"not_picked":["Twin Strike","Cleave"],"picked":"Carnage","floor":1},{"not_picked":["Sword Boomerang","Dropkick"],"picked":"Thunderclap","floor":3},{"not_picked":["Rupture","Clothesline"],"picked":"Pommel Strike","floor":4},{"not_picked":["Thunderclap","Feel No Pain"],"picked":"Twin Strike","floor":5},{"not_picked":["Body Slam","Infernal Blade","Shockwave"],"picked":"SKIP","floor":7},{"not_picked":["Intimidate","Rampage","Heavy Blade"],"picked":"SKIP","floor":8},{"not_picked":["Dual Wield","Headbutt"],"picked":"Inflame","floor":12},{"not_picked":["True Grit","Cleave"],"picked":"Shrug It Off","floor":13},{"not_picked":["Juggernaut","Immolate"],"picked":"Bludgeon","floor":16},{"not_picked":["Clothesline","Blood for Blood","Power Through+1"],"picked":"SKIP","floor":18},{"not_picked":["Body Slam+1","Sentinel","Iron Wave"],"picked":"SKIP","floor":20},{"not_picked":["Second Wind","Pommel Strike","Feel No Pain"],"picked":"SKIP","floor":22}],"player_experience":416301,"relics_obtained":[{"floor":9,"key":"Calipers"}],"event_choices":[{"event_name":"Liars Game","player_choice":"agreed","floor":2,"damage_taken":0},{"event_name":"Match and Keep!","player_choice":"0 cards matched","floor":19,"damage_taken":0}],"is_beta":false,"boss_relics":[{"not_picked":["Sozu","Black Star"],"picked":"Velvet Choker"}],"items_purged_floors":[10,21],"is_endless":false,"potions_floor_spawned":[1,4,13,16,18],"killed_by":"Gremlin Leader","ascension_level":2}