{"gold_per_floor":[117,133,308,325,80,80,114,114,114,128,128,159,159,159,159,257,257,267,10,29,29,39,66,66,91,115,115,115,144,19,54,54,153,153,173,186,461,472,482,482,497,497,497,517,532,564,564,578,578,578],"floor_reached":50,"playtime":2347,"items_purged":["Doubt","Strike_R","Parasite"],"score":675,"play_id":"7b1fbbf0-8651-448e-9be9-e9f431348b7d","local_time":"20190327082954","is_ascension_mode":true,"campfire_choices":[{"data":"Sword Boomerang","floor":6,"key":"SMITH"},{"data":"Bash","floor":8,"key":"SMITH"},{"data":"1","floor":13,"key":"LIFT"},{"data":"2","floor":15,"key":"LIFT"},{"floor":24,"key":"REST"},{"data":"3","floor":28,"key":"LIFT"},{"floor":32,"key":"REST"},{"floor":40,"key":"REST"},{"floor":42,"key":"REST"},{"floor":47,"key":"REST"},{"floor":49,"key":"REST"}],"neow_cost":"TEN_PERCENT_HP_LOSS","seed_source_timestamp":8068267977258729,"circlet_count":0,"master_deck":["Strike_R+1","Defend_R","Defend_R","Defend_R","Defend_R","Bash+1","Dual Wield","Double Tap","Wild Strike","Inflame","Spot Weakness","Sword Boomerang+1","Shrug It Off","Heavy Blade","Cleave+1","Fiend Fire","Shrug It Off","Uppercut+1","Exhume","Immolate","Burning Pact+1","Regret","Injury"],"relics":["Burning Blood","Vajra","Bottled Flame","Kunai","Girya","Centennial Puzzle","Fusion Hammer","Whetstone","Orichalcum","Red Mask","PreservedInsect","Art of War","Paper Frog","Cursed Key","Bronze Scales","Singing Bowl"],"potions_floor_usage":[7,22,22,23,31,50,50,50],"damage_taken":[{"damage":10,"enemies":"Cultist","floor":1,"turns":5},{"damage":10,"enemies":"Small Slimes","floor":2,"turns":3},{"damage":9,"enemies":"2 Louse","floor":4,"turns":3},{"damage":40,"enemies":"Gremlin Nob","floor":7,"turns":4},{"damage":0,"enemies":"Large Slime","floor":10,"turns":4},{"damage":17,"enemies":"3 Sentries","floor":12,"turns":4},{"damage":21,"enemies":"Slime Boss","floor":16,"turns":7},{"damage":34,"enemies":"2 Thieves","floor":18,"turns":3},{"damage":4,"enemies":"Chosen","floor":20,"turns":2},{"damage":14,"enemies":"Centurion and Healer","floor":22,"turns":4},{"damage":38,"enemies":"Book of Stabbing","floor":23,"turns":4},{"damage":0,"enemies":"Masked Bandits","floor":25,"turns":2},{"damage":5,"enemies":"Slavers","floor":29,"turns":3},{"damage":33,"enemies":"Gremlin Leader","floor":31,"turns":3},{"damage":5,"enemies":"Automaton","floor":33,"turns":5},{"damage":18,"enemies":"3 Shapes","floor":35,"turns":2},{"damage":0,"enemies":"Orb Walker","floor":36,"turns":1},{"damage":31,"enemies":"Writhing Mass","floor":38,"turns":3},{"damage":11,"enemies":"Spire Growth","floor":39,"turns":3},{"damage":2,"enemies":"3 Darklings","floor":41,"turns":3},{"damage":12,"enemies":"4 Shapes","floor":44,"turns":1},{"damage":11,"enemies":"Jaw Worm Horde","floor":45,"turns":3},{"damage":0,"enemies":"Giant Head","floor":46,"turns":4},{"damage":3,"enemies":"Spire Growth","floor":48,"turns":2},{"damage":74,"enemies":"Donu and Deca","floor":50,"turns":4}],"seed_played":"-6987887332498945437","potions_obtained":[{"floor":1,"key":"Poison Potion"},{"floor":10,"key":"Poison Potion"},{"floor":12,"key":"Energy Potion"},{"floor":16,"key":"Energy Potion"},{"floor":20,"key":"Weak Potion"},{"floor":25,"key":"PowerPotion"},{"floor":33,"key":"PowerPotion"},{"floor":35,"key":"LiquidBronze"},{"floor":38,"key":"LiquidBronze"},{"floor":46,"key":"SteroidPotion"}],"is_trial":false,"path_per_floor":["M","M","?","M","$","R","E","R","T","M","?","E","R","?","R","B",null,"M","$","M","?","M","E","R","?","T","?","R","E","$","E","R","B",null,"M","M","?","M","M","R","M","R","T","M","M","E","R","M","R","B"],"character_chosen":"IRONCLAD","items_purchased":["Vajra","Sword Boomerang","Whetstone"],"campfire_rested":6,"item_purchase_floors":[5,5,19],"current_hp_per_floor":[68,64,64,61,61,61,27,27,27,33,51,40,40,28,28,13,72,44,44,46,70,62,30,51,57,57,57,57,58,58,31,51,52,69,57,63,63,38,33,53,57,69,69,63,58,66,71,73,73,0],"gold":578,"neow_bonus":"TRANSFORM_TWO_CARDS","is_prod":false,"is_daily":false,"chose_seed":false,"campfire_upgraded":2,"win_rate":0,"timestamp":1553689794,"path_taken":["M","M","?","M","$","R","E","R","T","M","?","E","R","?","R","BOSS","M","$","M","?","M","E","R","?","T","?","R","E","$","E","R","BOSS","M","M","?","?","M","R","M","R","T","M","M","E","R","M","R","BOSS"],"build_version":"2019-01-23","purchased_purges":3,"victory":false,"max_hp_per_floor":[72,72,72,72,72,72,72,72,72,72,72,72,72,72,72,72,72,72,72,72,72,72,72,72,72,72,72,72,72,69,69,69,69,69,69,69,69,69,69,69,69,69,69,69,69,71,71,73,73,73],"card_choices":[{"not_picked":["Metallicize","Evolve"],"picked":"Wild Strike","floor":1},{"not_picked":["Rupture","Heavy Blade"],"picked":"Inflame","floor":2},{"not_picked":["Reckless Charge","Shockwave"],"picked":"Spot Weakness","floor":4},{"not_picked":["Shrug It Off","Warcry","Combust"],"picked":"SKIP","floor":7},{"not_picked":["Warcry","Combust"],"picked":"Shrug It Off","floor":7},{"not_picked":["Second Wind","Disarm"],"picked":"Heavy Blade","floor":10},{"not_picked":["Armaments","Bloodletting"],"picked":"Cleave","floor":12},{"not_picked":["Reaper","Double Tap"],"picked":"Fiend Fire","floor":16},{"not_picked":["Flex+1","Sword Boomerang"],"picked":"Shrug It Off","floor":18},{"not_picked":["True Grit","Corruption","Searing Blow+1"],"picked":"SKIP","floor":20},{"not_picked":["Twin Strike","Clash","Wild Strike"],"picked":"SKIP","floor":22},{"not_picked":["Metallicize","True Grit","Cleave+1"],"picked":"SKIP","floor":23},{"not_picked":["Reckless Charge+1","Twin Strike"],"picked":"Uppercut+1","floor":25},{"not_picked":["Warcry","Blood for Blood+1","Corruption+1"],"picked":"SKIP","floor":29},{"not_picked":["Rampage","Infernal Blade","True Grit"],"picked":"SKIP","floor":31},{"not_picked":["Feed","Demon Form"],"picked":"Immolate","floor":33},{"not_picked":["Disarm","Heavy Blade","Perfected Strike"],"picked":"SKIP","floor":35},{"not_picked":["Perfected Strike+1","Pommel Strike"],"picked":"Burning Pact+1","floor":36},{"not_picked":["Body Slam+1","Combust+1","Havoc+1"],"picked":"SKIP","floor":38},{"not_picked":["True Grit+1","Thunderclap+1","Body Slam+1"],"picked":"SKIP","floor":39},{"not_picked":["Armaments+1","Perfected Strike+1","Infernal Blade"],"picked":"SKIP","floor":41},{"not_picked":["Wild Strike","Armaments+1","Anger+1"],"picked":"SKIP","floor":44},{"not_picked":["Cleave+1","Clash","Wild Strike+1"],"picked":"SKIP","floor":45},{"not_picked":["Evolve","Sever Soul+1","Flame Barrier"],"picked":"Singing Bowl","floor":46},{"not_picked":["Pommel Strike","Flex","Uppercut"],"picked":"Singing Bowl","floor":48}],"player_experience":538422,"relics_obtained":[{"floor":7,"key":"Bottled Flame"},{"floor":9,"key":"Kunai"},{"floor":12,"key":"Girya"},{"floor":23,"key":"Orichalcum"},{"floor":25,"key":"Red Mask"},{"floor":26,"key":"PreservedInsect"},{"floor":29,"key":"Art of War"},{"floor":31,"key":"Paper Frog"},{"floor":43,"key":"Bronze Scales"},{"floor":46,"key":"Singing Bowl"}],"event_choices":[{"damage_healed":0,"gold_gain":175,"player_choice":"AGREE","damage_taken":0,"max_hp_gain":0,"max_hp_loss":0,"event_name":"Liars Game","floor":3,"gold_loss":0,"cards_obtained":["Doubt"]},{"damage_healed":18,"gold_gain":0,"player_choice":"Healed and dodged fight","damage_taken":0,"max_hp_gain":0,"max_hp_loss":0,"event_name":"Mushrooms","floor":11,"gold_loss":0,"cards_obtained":["Parasite"]},{"damage_healed":0,"gold_gain":0,"player_choice":"Success","damage_taken":12,"relics_obtained":["Centennial Puzzle"],"max_hp_gain":0,"max_hp_loss":0,"event_name":"Scrap Ooze","floor":14,"gold_loss":0},{"damage_healed":24,"gold_gain":0,"player_choice":"Heal","damage_taken":0,"max_hp_gain":0,"max_hp_loss":0,"event_name":"The Library","floor":21,"gold_loss":0},{"damage_healed":0,"gold_gain":0,"player_choice":"Fought Bandits","damage_taken":0,"max_hp_gain":0,"max_hp_loss":0,"event_name":"Masked Bandits","floor":25,"gold_loss":0},{"damage_healed":0,"gold_gain":0,"cards_transformed":["Strike_R"],"player_choice":"Transformed","damage_taken":0,"max_hp_gain":0,"max_hp_loss":0,"event_name":"Transmorgrifier","floor":27,"gold_loss":0,"cards_obtained":["Exhume"]},{"damage_healed":0,"gold_gain":275,"player_choice":"Desecrate","damage_taken":0,"max_hp_gain":0,"max_hp_loss":0,"event_name":"Golden Shrine","floor":37,"gold_loss":0,"cards_obtained":["Regret"]}],"is_beta":false,"boss_relics":[{"not_picked":["Pandora\u0027s Box","Black Star"],"picked":"Fusion Hammer"},{"not_picked":["Calling Bell","Coffee Dripper"],"picked":"Cursed Key"}],"items_purged_floors":[5,19,30],"is_endless":false,"potions_floor_spawned":[1,10,12,16,20,25,33,35,38,44,45,46],"killed_by":"Donu and Deca","ascension_level":3}