{"gold_per_floor":[119,69,69,69,81,81,94,94,94,108,108,122,153,28,28,127,127,147,247,266,266],"floor_reached":21,"playtime":2502,"items_purged":["Normality"],"score":179,"play_id":"20dffc7b-36bc-4e35-83fe-8924fbf007f3","local_time":"20190201023700","is_ascension_mode":false,"campfire_choices":[{"floor":6,"key":"DIG"},{"floor":8,"key":"DIG"},{"floor":11,"key":"REST"},{"floor":15,"key":"REST"}],"neow_cost":"NONE","seed_source_timestamp":23732670482536,"circlet_count":0,"master_deck":["Defend_G","Defend_G+1","Defend_G","Defend_G","Defend_G","Strike_G","Strike_G","Strike_G","Strike_G+1","Strike_G","Survivor","Neutralize","Normality","Well Laid Plans","Noxious Fumes","Outmaneuver","Dash","Dagger Spray","Poisoned Stab","Bullet Time","Bane","Deflect","Acrobatics+1"],"relics":["Calling Bell","Bag of Marbles","Meat on the Bone","Shovel","Ancient Tea Set","Bottled Lightning","Omamori","Shuriken","Snake Skull","Orrery"],"potions_floor_usage":[13,16,18],"damage_taken":[{"damage":3,"enemies":"2 Louse","floor":1,"turns":4},{"damage":2,"enemies":"Cultist","floor":5,"turns":4},{"damage":5,"enemies":"Small Slimes","floor":7,"turns":6},{"damage":3,"enemies":"3 Louse","floor":10,"turns":6},{"damage":6,"enemies":"Exordium Wildlife","floor":12,"turns":7},{"damage":30,"enemies":"Lagavulin","floor":13,"turns":10},{"damage":17,"enemies":"Slime Boss","floor":16,"turns":8},{"damage":38,"enemies":"Spheric Guardian","floor":18,"turns":6},{"damage":17,"enemies":"Chosen","floor":20,"turns":6},{"damage":40,"enemies":"3 Cultists","floor":21,"turns":4}],"seed_played":"8665099824292095192","potions_obtained":[{"floor":1,"key":"Strength Potion"},{"floor":5,"key":"AttackPotion"},{"floor":13,"key":"Poison Potion"},{"floor":16,"key":"PowerPotion"},{"floor":18,"key":"Poison Potion"}],"is_trial":false,"path_per_floor":["?","?","?","?","M"],"character_chosen":"THE_SILENT","items_purchased":["Poisoned Stab"],"campfire_rested":2,"item_purchase_floors":[14],"current_hp_per_floor":[67,67,53,46,44,44,39,39,39,36,57,51,33,33,54,37,70,44,44,39,0],"gold":266,"neow_bonus":"BOSS_RELIC","is_prod":false,"is_daily":false,"chose_seed":false,"campfire_upgraded":0,"win_rate":0.0,"timestamp":1548999420,"path_taken":["M","?","?","?","M","R","M","R","T","M","R","M","E","$","R","BOSS","M","?","M","?"],"build_version":"2019-01-23","purchased_purges":1,"victory":false,"max_hp_per_floor":[70,70,70,70,70,70,70,70,70,70,70,70,70,70,70,70,70,70,70,70,70],"card_choices":[{"not_picked":["PiercingWail","Blade Dance"],"picked":"Well Laid Plans","floor":1},{"not_picked":["Underhanded Strike","Sucker Punch","Choke"],"picked":"SKIP","floor":5},{"not_picked":["Endless Agony","PiercingWail"],"picked":"Noxious Fumes","floor":7},{"not_picked":["Riddle With Holes","Backflip"],"picked":"Outmaneuver","floor":10},{"not_picked":["PiercingWail","Acrobatics"],"picked":"Dash","floor":12},{"not_picked":["Heel Hook","Underhanded Strike"],"picked":"Dagger Spray","floor":13},{"not_picked":["Burst","Die Die Die"],"picked":"Bullet Time","floor":16},{"not_picked":["Noxious Fumes","Flying Knee"],"picked":"Bane","floor":17},{"not_picked":["Quick Slash","Dagger Spray"],"picked":"Deflect","floor":18},{"not_picked":["PiercingWail+1","Sucker Punch+1"],"picked":"Acrobatics+1","floor":20}],"player_experience":51730,"relics_obtained":[{"floor":0,"key":"Bag of Marbles"},{"floor":0,"key":"Meat on the Bone"},{"floor":0,"key":"Shovel"},{"floor":6,"key":"Bottled Lightning"},{"floor":8,"key":"Omamori"},{"floor":9,"key":"Shuriken"},{"floor":13,"key":"Snake Skull"}],"event_choices":[{"cards_removed":["Regret"],"damage_healed":0,"gold_gain":0,"player_choice":"Card Removal","damage_taken":0,"max_hp_gain":0,"max_hp_loss":0,"event_name":"The Cleric","floor":2,"gold_loss":50},{"damage_healed":0,"gold_gain":0,"player_choice":"Entered Light","damage_taken":14,"max_hp_gain":0,"max_hp_loss":0,"event_name":"Shining Light","floor":3,"gold_loss":0,"cards_upgraded":["Defend_G","Strike_G"]},{"damage_healed":0,"gold_gain":0,"player_choice":"Success","damage_taken":7,"relics_obtained":["Ancient Tea Set"],"max_hp_gain":0,"max_hp_loss":0,"event_name":"Scrap Ooze","floor":4,"gold_loss":0},{"damage_healed":0,"gold_gain":100,"player_choice":"Pray","damage_taken":0,"max_hp_gain":0,"max_hp_loss":0,"event_name":"Golden Shrine","floor":19,"gold_loss":0}],"is_beta":false,"boss_relics":[{"not_picked":["Astrolabe","Ectoplasm"],"picked":"Orrery"}],"items_purged_floors":[14],"is_endless":false,"potions_floor_spawned":[1,5,13,16,18],"killed_by":"3 Cultists","ascension_level":0}