{"gold_per_floor":[118,293,10,29,43,43,76,76,76,76,94,94,94,123,123,219,219,239,239,239,338,358,358,258,272,272,305,305,325,345,345],"floor_reached":31,"playtime":573,"items_purged":["Doubt","Defend_R+1"],"score":360,"play_id":"923fb1e1-fe59-4f98-9c11-2685bc627c26","local_time":"20190325010649","is_ascension_mode":true,"campfire_choices":[{"data":"Immolate","floor":6,"key":"SMITH"},{"data":"Flex","floor":8,"key":"SMITH"},{"data":"Thunderclap","floor":10,"key":"SMITH"},{"data":"Flex","floor":12,"key":"SMITH"},{"data":"Twin Strike","floor":15,"key":"SMITH"},{"data":"Bash","floor":23,"key":"SMITH"}],"neow_cost":"NONE","seed_source_timestamp":7870647981100525,"circlet_count":0,"master_deck":["Strike_R+1","Strike_R+1","Strike_R+1","Strike_R+1","Strike_R+1","Defend_R+1","Defend_R+1","Defend_R+1","Bash+1","Thunderclap+1","Flex+1","Immolate+1","Twin Strike+1","Flex+1","Pommel Strike+1"],"relics":["Burning Blood","Vajra","WingedGreaves","Darkstone Periapt","Molten Egg 2","Coffee Dripper","Mercury Hourglass","Ancient Tea Set"],"potions_floor_usage":[11,27,27],"damage_taken":[{"damage":10,"enemies":"Small Slimes","floor":1,"turns":3},{"damage":6,"enemies":"2 Louse","floor":4,"turns":2},{"damage":0,"enemies":"Cultist","floor":5,"turns":2},{"damage":40,"enemies":"Lagavulin","floor":7,"turns":5},{"damage":12,"enemies":"3 Louse","floor":11,"turns":3},{"damage":18,"enemies":"Gremlin Nob","floor":14,"turns":3},{"damage":0,"enemies":"Slime Boss","floor":16,"turns":5},{"damage":11,"enemies":"Shell Parasite","floor":18,"turns":3},{"damage":11,"enemies":"2 Thieves","floor":22,"turns":2},{"damage":24,"enemies":"Snake Plant","floor":25,"turns":2},{"damage":17,"enemies":"Book of Stabbing","floor":27,"turns":3},{"damage":12,"enemies":"Cultist and Chosen","floor":29,"turns":2},{"damage":13,"enemies":"Snecko","floor":30,"turns":4},{"damage":16,"enemies":"Snake Plant","floor":31,"turns":1}],"seed_played":"-7186147933077182204","potions_obtained":[{"floor":4,"key":"Regen Potion"},{"floor":5,"key":"SneckoOil"},{"floor":7,"key":"Weak Potion"},{"floor":16,"key":"Poison Potion"},{"floor":29,"key":"Weak Potion"},{"floor":30,"key":"Explosive Potion"}],"is_trial":false,"path_per_floor":["M","?","$","M","M","R","E","R","T","R","M","R","$","E","R","B",null,"M","?","?","?","M","R","$","M","T","E","R","M","M","M"],"character_chosen":"IRONCLAD","items_purchased":["Flex","Immolate"],"campfire_rested":0,"item_purchase_floors":[3,3],"current_hp_per_floor":[76,76,76,76,80,80,46,46,46,46,49,49,49,37,37,43,80,75,75,60,60,55,55,55,37,37,26,26,20,13,0],"gold":345,"neow_bonus":"RANDOM_COMMON_RELIC","is_prod":false,"is_daily":false,"chose_seed":false,"campfire_upgraded":6,"win_rate":0,"timestamp":1553490409,"path_taken":["M","?","$","M","M","R","E","R","T","R","M","R","$","E","R","BOSS","M","?","?","?","M","R","$","M","T","E","R","M","M","M"],"build_version":"2019-01-23","purchased_purges":2,"victory":false,"max_hp_per_floor":[80,80,80,80,80,80,80,80,80,80,80,80,80,80,80,80,80,80,80,85,85,85,85,85,85,85,85,85,85,85,85],"card_choices":[{"not_picked":["True Grit","Feel No Pain"],"picked":"Thunderclap","floor":1},{"not_picked":["Perfected Strike","Sentinel"],"picked":"Twin Strike","floor":4},{"not_picked":["Cleave","Iron Wave","Whirlwind"],"picked":"SKIP","floor":5},{"not_picked":["Hemokinesis","Anger"],"picked":"Flex","floor":7},{"not_picked":["Perfected Strike","Cleave","Rupture"],"picked":"SKIP","floor":11},{"not_picked":["Feel No Pain","Metallicize","Whirlwind"],"picked":"SKIP","floor":14},{"not_picked":["Headbutt+1","Warcry+1","True Grit"],"picked":"SKIP","floor":18},{"not_picked":["Metallicize+1","Iron Wave+1","Shockwave"],"picked":"SKIP","floor":22},{"not_picked":["Combust","Blood for Blood+1","Clash+1"],"picked":"SKIP","floor":25},{"not_picked":["Clothesline+1","Warcry"],"picked":"Pommel Strike+1","floor":27},{"not_picked":["Demon Form","Armaments","Intimidate+1"],"picked":"SKIP","floor":29},{"not_picked":["Rupture","Shrug It Off","Entrench"],"picked":"SKIP","floor":30}],"player_experience":491606,"relics_obtained":[{"floor":7,"key":"WingedGreaves"},{"floor":9,"key":"Darkstone Periapt"},{"floor":14,"key":"Molten Egg 2"},{"floor":26,"key":"Mercury Hourglass"},{"floor":27,"key":"Ancient Tea Set"}],"event_choices":[{"damage_healed":0,"gold_gain":175,"player_choice":"AGREE","damage_taken":0,"max_hp_gain":0,"max_hp_loss":0,"event_name":"Liars Game","floor":2,"gold_loss":0,"cards_obtained":["Doubt"]},{"damage_healed":0,"gold_gain":0,"player_choice":"Simplicity","damage_taken":0,"max_hp_gain":0,"max_hp_loss":0,"event_name":"Back to Basics","floor":19,"gold_loss":0,"cards_upgraded":["Strike_R","Strike_R","Strike_R","Strike_R","Strike_R","Defend_R","Defend_R","Defend_R","Defend_R"]},{"damage_healed":0,"gold_gain":0,"player_choice":"Shed Blood","damage_taken":20,"max_hp_gain":5,"max_hp_loss":0,"event_name":"Forgotten Altar","floor":20,"gold_loss":0},{"damage_healed":0,"gold_gain":99,"player_choice":"Stole From Cult","damage_taken":0,"max_hp_gain":0,"max_hp_loss":0,"event_name":"Nest","floor":21,"gold_loss":0}],"is_beta":false,"boss_relics":[{"not_picked":["Snecko Eye","Lizard Tail"],"picked":"Coffee Dripper"}],"items_purged_floors":[3,24],"is_endless":false,"potions_floor_spawned":[4,5,7,16,29,30],"killed_by":"Snake Plant","ascension_level":3}