{"gold_per_floor":[19,19,37,49,49,79,79,94,143,161,172,182,132,132,132,227,227,238,163,163,55,70,70,70,70,96,116,116,130,163,63,63,164,194,205,216,216,216,230,230,105,118,193,248,262,277,6,16,16,16],"floor_reached":51,"playtime":3618,"items_purged":["Defend_G","Strike_G","Strike_G"],"score":646,"play_id":"6d06d83b-c0c4-46e4-ad84-1f322f79b85a","local_time":"20180709092908","is_ascension_mode":false,"campfire_choices":[{"data":"Tools of the Trade","floor":7,"key":"SMITH"},{"data":"Cloak And Dagger","floor":15,"key":"SMITH"},{"data":"Blade Dance","floor":24,"key":"SMITH"},{"data":"Doppelganger","floor":28,"key":"SMITH"},{"floor":32,"key":"REST"},{"data":"Storm of Steel","floor":40,"key":"SMITH"},{"data":"Madness","floor":49,"key":"SMITH"}],"neow_cost":"NO_GOLD","seed_source_timestamp":1579425050174284,"circlet_count":0,"master_deck":["Defend_G","Strike_G","Strike_G","Survivor","Neutralize","Acrobatics","Quick Slash+1","Tools of the Trade+1","Flying Knee","Cloak And Dagger+1","Backstab+1","Doppelganger+1","Infinite Blades+1","Accuracy+1","Accuracy+1","Blade Dance+1","Storm of Steel+1","After Image+1","Backflip+1","Infinite Blades+1","Madness+1","Adrenaline","Accuracy+1","Footwork+1"],"relics":["Ring of the Snake","Bird Faced Urn","Mummified Hand","Dream Catcher","Frozen Egg 2","Empty Cage","Oddly Smooth Stone","Boot","Tiny House","Bottled Tornado","Gambling Chip","DollysMirror"],"potions_floor_usage":[3,6,6,8,27,27,29,45,50,50],"damage_taken":[{"damage":4,"enemies":"Jaw Worm","floor":1,"turns":4},{"damage":1,"enemies":"Cultist","floor":3,"turns":4},{"damage":5,"enemies":"Small Slimes","floor":4,"turns":5},{"damage":17,"enemies":"Lagavulin","floor":6,"turns":8},{"damage":0,"enemies":"3 Louse","floor":8,"turns":3},{"damage":1,"enemies":"Gremlin Gang","floor":10,"turns":3},{"damage":8,"enemies":"Blue Slaver","floor":11,"turns":3},{"damage":0,"enemies":"Large Slime","floor":12,"turns":6},{"damage":46,"enemies":"Slime Boss","floor":16,"turns":15},{"damage":5,"enemies":"3 Byrds","floor":18,"turns":4},{"damage":6,"enemies":"Chosen","floor":22,"turns":3},{"damage":14,"enemies":"Slaver and Parasite","floor":27,"turns":3},{"damage":16,"enemies":"Snake Plant","floor":29,"turns":3},{"damage":27,"enemies":"Book of Stabbing","floor":30,"turns":4},{"damage":46,"enemies":"Automaton","floor":33,"turns":7},{"damage":5,"enemies":"3 Shapes","floor":35,"turns":3},{"damage":8,"enemies":"Orb Walker","floor":36,"turns":3},{"damage":0,"enemies":"3 Darklings","floor":39,"turns":4},{"damage":3,"enemies":"Maw","floor":42,"turns":6},{"damage":25,"floor":44,"turns":4},{"damage":0,"enemies":"Sphere and 2 Shapes","floor":45,"turns":3},{"damage":3,"enemies":"4 Shapes","floor":46,"turns":3},{"damage":11,"enemies":"3 Darklings","floor":48,"turns":3},{"damage":83,"enemies":"Time Eater","floor":50,"turns":10}],"seed_played":"1305561580940287096","potions_obtained":[{"floor":2,"key":"FearPotion"},{"floor":2,"key":"Fruit Juice"},{"floor":2,"key":"Block Potion"},{"floor":6,"key":"Fruit Juice"},{"floor":10,"key":"GamblersBrew"},{"floor":16,"key":"AttackPotion"},{"floor":18,"key":"SkillPotion"},{"floor":27,"key":"AttackPotion"},{"floor":34,"key":"Weak Potion"},{"floor":42,"key":"Swift Potion"},{"floor":46,"key":"Poison Potion"}],"is_trial":false,"path_per_floor":["M","?","M","M","?","E","R","M","T","M","M","M","?","T","R","B",null,"M","?","?","$","M","$","R","?","T","M","R","M","E","$","R","B",null,"M","M","?","?","M","R","$","M","T","?","M","M","$","M","R","B"],"character_chosen":"THE_SILENT","items_purchased":["Accuracy+1","DollysMirror","Footwork+1"],"campfire_rested":1,"item_purchase_floors":[21,47,47],"current_hp_per_floor":[66,66,70,65,65,48,48,55,55,56,50,52,52,52,52,8,80,77,77,77,77,78,78,78,78,78,72,72,64,45,45,69,31,85,80,81,70,70,80,80,80,82,82,67,79,84,84,74,74,6],"gold":16,"neow_bonus":"ONE_RARE_RELIC","is_prod":false,"is_daily":false,"chose_seed":false,"campfire_upgraded":6,"win_rate":0.0,"timestamp":1531142948,"path_taken":["M","?","M","M","?","E","R","M","T","M","M","?","?","?","R","BOSS","M","?","?","$","M","$","R","?","T","M","R","M","E","$","R","BOSS","M","M","?","?","M","R","$","M","T","?","M","M","$","M","R","BOSS"],"build_version":"2018-07-05","purchased_purges":3,"victory":true,"max_hp_per_floor":[70,70,75,75,75,75,75,80,80,80,80,80,80,80,80,80,80,80,80,80,80,80,80,80,80,80,80,80,80,80,80,80,80,85,85,85,85,85,85,85,85,85,85,85,85,85,85,85,85,85],"card_choices":[{"not_picked":["Underhanded Strike","Sucker Punch"],"picked":"Acrobatics","floor":1},{"not_picked":["Choke","Reflex","Dodge and Roll"],"picked":"SKIP","floor":3},{"not_picked":["Distraction","PiercingWail"],"picked":"Quick Slash","floor":4},{"not_picked":["Dagger Spray","Deadly Poison"],"picked":"Tools of the Trade","floor":6},{"not_picked":["Poisoned Stab","Finisher"],"picked":"Flying Knee","floor":8},{"not_picked":["Deflect","Sucker Punch"],"picked":"Cloak And Dagger","floor":10},{"not_picked":["Concentrate","Escape Plan","Outmaneuver"],"picked":"SKIP","floor":11},{"not_picked":["Concentrate","Slice"],"picked":"Backstab","floor":12},{"not_picked":["Grand Finale","Bullet Time"],"picked":"Doppelganger","floor":16},{"not_picked":["Slice","Backflip"],"picked":"Infinite Blades+1","floor":18},{"not_picked":["Concentrate","Cloak And Dagger+1"],"picked":"Blade Dance","floor":22},{"not_picked":["Skewer","Dagger Spray","Bane"],"picked":"SKIP","floor":27},{"not_picked":["Underhanded Strike+1","Dagger Spray+1","Outmaneuver+1"],"picked":"SKIP","floor":29},{"not_picked":["Noxious Fumes+1","Night Terror"],"picked":"Storm of Steel","floor":30},{"not_picked":["Tactician","Glass Knife"],"picked":"After Image+1","floor":33},{"not_picked":["Dagger Throw","Catalyst"],"picked":"Backflip+1","floor":34},{"not_picked":["Quick Slash","Poisoned Stab"],"picked":"Infinite Blades+1","floor":35},{"not_picked":["Escape Plan","Blade Dance","Flying Knee"],"picked":"SKIP","floor":36},{"not_picked":["Distraction","Acrobatics","Cloak And Dagger+1"],"picked":"SKIP","floor":39},{"not_picked":["Leg Sweep+1","Prepared"],"picked":"Adrenaline","floor":42},{"not_picked":["Dodge and Roll+1","Malaise+1","Flying Knee+1"],"picked":"SKIP","floor":45},{"not_picked":["Eviscerate+1","Prepared+1","Blade Dance"],"picked":"SKIP","floor":46},{"not_picked":["Dagger Throw","Prepared+1","Tools of the Trade+1"],"picked":"SKIP","floor":48}],"player_experience":132207,"relics_obtained":[{"floor":6,"key":"Mummified Hand"},{"floor":9,"key":"Dream Catcher"},{"floor":14,"key":"Frozen Egg 2"},{"floor":26,"key":"Oddly Smooth Stone"},{"floor":30,"key":"Boot"},{"floor":43,"key":"Bottled Tornado"},{"floor":44,"key":"Gambling Chip"}],"event_choices":[{"event_name":"The Lab","player_choice":"Got Potions","floor":2,"damage_taken":0},{"event_name":"Accursed Blacksmith","player_choice":"Forge","floor":5,"damage_taken":0},{"event_name":"The Cleric","player_choice":"Card Removal","floor":13,"damage_taken":0},{"event_name":"Beggar","player_choice":"Gave Gold","floor":19,"damage_taken":0},{"event_name":"The Library","player_choice":"Read","floor":20,"damage_taken":0},{"event_name":"Ghosts","player_choice":"Ignored","floor":25,"damage_taken":0},{"event_name":"Winding Halls","player_choice":"Embrace Madness","floor":37,"damage_taken":0},{"event_name":"Falling","player_choice":"Removed Skill","floor":38,"damage_taken":0},{"event_name":"Mysterious Sphere","player_choice":"Fight","floor":44,"damage_taken":0}],"boss_relics":[{"not_picked":["Runic Dome","Ectoplasm"],"picked":"Empty Cage"},{"not_picked":["White Beast Statue","Runic Pyramid"],"picked":"Tiny House"}],"items_purged_floors":[21,31,41],"is_endless":false,"potions_floor_spawned":[6,10,16,18,22,27,42,46],"ascension_level":0}