{"gold_per_floor":[117,132,149,113,125,50,50,67,67,86,100,118,131,148,148,253,253,273,28,45,45,55,55,75,75,99,109,9,25,25,43,43,146,146,158,168,168,185,202,202,202,202,202,77,77,93,103,34,34,34],"floor_reached":50,"playtime":2432,"items_purged":["Zap","Dualcast","Defend_B"],"score":496,"play_id":"75a63baf-e606-452f-9058-7957e91a13e8","local_time":"20190324005217","is_ascension_mode":false,"campfire_choices":[{"data":"Gash","floor":7,"key":"SMITH"},{"floor":15,"key":"REST"},{"floor":23,"key":"REST"},{"floor":25,"key":"REST"},{"floor":30,"key":"REST"},{"floor":32,"key":"REST"},{"floor":40,"key":"REST"},{"data":"Gash","floor":42,"key":"SMITH"},{"data":"Reprogram","floor":45,"key":"SMITH"},{"floor":49,"key":"REST"}],"neow_cost":"NONE","seed_source_timestamp":7781513090788445,"circlet_count":0,"master_deck":["Strike_B","Strike_B","Strike_B","Strike_B","Defend_B","Defend_B","Defend_B","Purity","Gash+1","Hologram","Reprogram+1","FTL","Gash+1","All For One","Rebound","All For One","Beam Cell","Go for the Eyes+1","Gash+1","Scrape"],"relics":["Cracked Core","Blood Vial","Philosopher\u0027s Stone","Bottled Lightning","DataDisk","Bag of Preparation","Runic Dome","Shovel"],"potions_floor_usage":[12,12,13,14,24,29,29,36,50],"damage_taken":[{"damage":0,"enemies":"2 Louse","floor":1,"turns":2},{"damage":6,"enemies":"Cultist","floor":2,"turns":3},{"damage":0,"enemies":"Small Slimes","floor":3,"turns":3},{"damage":22,"enemies":"Exordium Wildlife","floor":5,"turns":5},{"damage":16,"enemies":"Blue Slaver","floor":8,"turns":3},{"damage":6,"enemies":"2 Fungi Beasts","floor":10,"turns":3},{"damage":5,"enemies":"Red Slaver","floor":11,"turns":3},{"damage":0,"enemies":"3 Louse","floor":12,"turns":1},{"damage":6,"enemies":"Large Slime","floor":13,"turns":3},{"damage":8,"enemies":"Exordium Wildlife","floor":14,"turns":3},{"damage":0,"enemies":"Slime Boss","floor":16,"turns":5},{"damage":30,"enemies":"3 Byrds","floor":18,"turns":4},{"damage":7,"enemies":"Chosen","floor":20,"turns":3},{"damage":41,"enemies":"Shelled Parasite and Fungi","floor":22,"turns":4},{"damage":16,"enemies":"Cultist and Chosen","floor":24,"turns":4},{"damage":0,"enemies":"Snecko","floor":27,"turns":2},{"damage":0,"enemies":"Chosen and Byrds","floor":29,"turns":2},{"damage":21,"enemies":"Shelled Parasite and Fungi","floor":31,"turns":2},{"damage":24,"enemies":"Automaton","floor":33,"turns":5},{"damage":28,"enemies":"3 Shapes","floor":35,"turns":2},{"damage":3,"enemies":"Orb Walker","floor":36,"turns":2},{"damage":31,"enemies":"Maw","floor":38,"turns":5},{"damage":9,"enemies":"Spire Growth","floor":39,"turns":3},{"damage":0,"enemies":"Transient","floor":46,"turns":5},{"damage":18,"enemies":"Jaw Worm Horde","floor":47,"turns":3},{"damage":76,"enemies":"Donu and Deca","floor":50,"turns":4}],"seed_played":"-1075808141744256569","potions_obtained":[{"floor":1,"key":"SteroidPotion"},{"floor":5,"key":"SteroidPotion"},{"floor":11,"key":"Dexterity Potion"},{"floor":12,"key":"Strength Potion"},{"floor":13,"key":"Weak Potion"},{"floor":16,"key":"SpeedPotion"},{"floor":20,"key":"Regen Potion"},{"floor":27,"key":"LiquidBronze"},{"floor":33,"key":"Fire Potion"},{"floor":35,"key":"Ancient Potion"},{"floor":46,"key":"Energy Potion"}],"is_trial":false,"path_per_floor":["M","M","M","$","M","$","R","M","T","M","M","M","M","M","R","B",null,"M","$","M","?","M","R","M","R","T","M","$","M","R","M","R","B",null,"M","M","?","M","M","R","?","R","T","$","R","M","M","$","R","B"],"character_chosen":"DEFECT","items_purchased":["Reprogram","Bottled Lightning","Scrape"],"campfire_rested":7,"item_purchase_floors":[4,19,48],"current_hp_per_floor":[75,69,69,69,47,47,47,31,31,27,24,26,22,16,38,40,75,45,45,40,40,1,23,9,31,31,33,33,35,57,38,60,38,75,47,46,46,17,10,32,66,66,66,66,66,66,48,48,66,0],"gold":34,"neow_bonus":"RANDOM_COLORLESS","is_prod":false,"is_daily":false,"chose_seed":false,"campfire_upgraded":3,"win_rate":0,"timestamp":1553403137,"path_taken":["M","M","M","$","M","$","R","M","T","M","M","M","M","M","R","BOSS","M","$","M","?","M","R","M","R","T","M","?","M","R","M","R","BOSS","M","M","?","M","M","R","?","R","T","?","R","M","?","$","R","BOSS"],"build_version":"2019-01-23","purchased_purges":3,"victory":false,"max_hp_per_floor":[75,75,75,75,75,75,75,75,75,75,75,75,75,75,75,75,75,75,75,75,75,75,75,75,75,75,75,75,75,75,75,75,75,75,75,75,75,75,75,75,66,66,66,66,66,66,66,66,66,66],"card_choices":[{"not_picked":["Coolheaded","Sunder"],"picked":"Gash","floor":1},{"not_picked":["Turbo","Glacier","Barrage"],"picked":"SKIP","floor":2},{"not_picked":["Static Discharge","Coolheaded"],"picked":"Hologram","floor":3},{"not_picked":["Reinforced Body","Darkness"],"picked":"FTL","floor":5},{"not_picked":["Heatsinks","Stack"],"picked":"Gash","floor":8},{"not_picked":["Streamline","Capacitor"],"picked":"All For One","floor":10},{"not_picked":["Consume","Leap"],"picked":"Rebound","floor":11},{"not_picked":["Static Discharge","Recycle","Steam Power"],"picked":"SKIP","floor":12},{"not_picked":["Recycle","Coolheaded","Hologram"],"picked":"SKIP","floor":13},{"not_picked":["Blizzard","Conserve Battery","Defragment"],"picked":"SKIP","floor":14},{"not_picked":["Thunder Strike","Core Surge"],"picked":"All For One","floor":16},{"not_picked":["Recycle","Rebound","Glacier"],"picked":"SKIP","floor":18},{"not_picked":["Conserve Battery","Darkness+1","Consume"],"picked":"SKIP","floor":20},{"not_picked":["Rebound+1","Ball Lightning+1","Streamline"],"picked":"SKIP","floor":22},{"not_picked":["Go for the Eyes+1","Compile Driver"],"picked":"Beam Cell","floor":24},{"not_picked":["Blizzard","Defragment","Turbo"],"picked":"SKIP","floor":27},{"not_picked":["Echo Form","Chill"],"picked":"Go for the Eyes+1","floor":29},{"not_picked":["Barrage","Steam","Beam Cell"],"picked":"SKIP","floor":31},{"not_picked":["Streamline+1","Ball Lightning+1","Turbo"],"picked":"SKIP","floor":35},{"not_picked":["Steam+1","Coolheaded","Sunder+1"],"picked":"SKIP","floor":36},{"not_picked":["Stack+1","Ball Lightning+1"],"picked":"Gash+1","floor":38},{"not_picked":["Barrage","Doom and Gloom+1","Lockon+1"],"picked":"SKIP","floor":39},{"not_picked":["Cold Snap+1","Turbo","Go for the Eyes+1"],"picked":"SKIP","floor":46},{"not_picked":["Streamline","Conserve Battery+1","Melter"],"picked":"SKIP","floor":47}],"player_experience":457401,"relics_obtained":[{"floor":9,"key":"Blood Vial"},{"floor":26,"key":"Bag of Preparation"},{"floor":43,"key":"Shovel"}],"event_choices":[{"damage_healed":0,"gold_gain":0,"player_choice":"Gave Potion","damage_taken":0,"relics_obtained":["DataDisk"],"max_hp_gain":0,"max_hp_loss":0,"event_name":"WeMeetAgain","floor":21,"gold_loss":0},{"damage_healed":0,"gold_gain":0,"player_choice":"Memory 1","damage_taken":0,"max_hp_gain":0,"max_hp_loss":0,"event_name":"SensoryStone","floor":37,"gold_loss":0},{"damage_healed":66,"gold_gain":0,"player_choice":"Heal","damage_taken":0,"max_hp_gain":0,"max_hp_loss":9,"event_name":"The Moai Head","floor":41,"gold_loss":0}],"is_beta":false,"boss_relics":[{"not_picked":["Ectoplasm","Snecko Eye"],"picked":"Philosopher\u0027s Stone"},{"not_picked":["FrozenCore","White Beast Statue"],"picked":"Runic Dome"}],"items_purged_floors":[6,28,44],"is_endless":false,"potions_floor_spawned":[1,5,11,12,13,16,20,27,33,35,46],"killed_by":"Donu and Deca","ascension_level":0}