{"gold_per_floor":[113,125,125,90,106,106,117,134,204,204,204,214,246,263,263,263],"floor_reached":16,"playtime":1454,"items_purged":[],"score":104,"play_id":"e9f23917-dcd8-4f14-8415-9c6a95cfa9b0","local_time":"20190209142253","is_ascension_mode":false,"campfire_choices":[{"floor":6,"key":"RECALL"},{"floor":10,"key":"REST"},{"floor":15,"key":"REST"}],"neow_cost":"NONE","seed_source_timestamp":1428899109216,"circlet_count":0,"master_deck":["Strike_R","Strike_R","Strike_R","Strike_R","Strike_R","Defend_R","Defend_R","Defend_R","Defend_R","Bash","Blood for Blood","Heavy Blade","Exhume+1","Flex","Rage","Headbutt","Bloodletting"],"relics":["Burning Blood","Sundial","Torii"],"potions_floor_usage":[13,16,16],"damage_taken":[{"damage":11,"enemies":"Jaw Worm","floor":1,"turns":2},{"damage":15,"enemies":"2 Louse","floor":2,"turns":4},{"damage":0,"enemies":"Small Slimes","floor":5,"turns":4},{"damage":24,"enemies":"3 Louse","floor":7,"turns":5},{"damage":41,"enemies":"Large Slime","floor":8,"turns":8},{"damage":21,"enemies":"Exordium Thugs","floor":12,"turns":4},{"damage":10,"enemies":"Gremlin Nob","floor":13,"turns":3},{"damage":2,"enemies":"Exordium Wildlife","floor":14,"turns":3},{"damage":60,"enemies":"Slime Boss","floor":16,"turns":7}],"seed_played":"8811116478967489086","potions_obtained":[{"floor":1,"key":"LiquidBronze"},{"floor":8,"key":"PowerPotion"},{"floor":14,"key":"Fire Potion"}],"is_trial":false,"path_per_floor":["?","?","?"],"character_chosen":"IRONCLAD","items_purchased":[],"campfire_rested":2,"item_purchase_floors":[],"current_hp_per_floor":[75,66,66,80,80,80,62,27,27,51,51,36,32,36,60,0],"gold":263,"neow_bonus":"THREE_SMALL_POTIONS","is_prod":false,"is_daily":false,"chose_seed":false,"campfire_upgraded":0,"win_rate":0,"timestamp":1549732973,"path_taken":["M","M","?","?","M","R","M","M","T","R","?","M","E","M","R","BOSS"],"build_version":"2019-01-23","purchased_purges":0,"victory":false,"max_hp_per_floor":[80,80,80,80,80,80,80,80,80,80,80,80,80,80,80,80],"card_choices":[{"not_picked":["Fire Breathing","Wild Strike"],"picked":"Blood for Blood","floor":1},{"not_picked":["Shrug It Off","Sword Boomerang"],"picked":"Heavy Blade","floor":2},{"not_picked":["Reckless Charge","Body Slam"],"picked":"Exhume","floor":5},{"not_picked":["Corruption","Sword Boomerang","Blood for Blood"],"picked":"SKIP","floor":7},{"not_picked":["Intimidate","Cleave"],"picked":"Flex","floor":8},{"not_picked":["Second Wind","Bloodletting"],"picked":"Rage","floor":12},{"not_picked":["Fire Breathing","Combust"],"picked":"Headbutt","floor":13},{"not_picked":["Infernal Blade","True Grit"],"picked":"Bloodletting","floor":14}],"player_experience":137098,"relics_obtained":[{"floor":9,"key":"Sundial"},{"floor":13,"key":"Torii"}],"event_choices":[{"damage_healed":0,"gold_gain":0,"player_choice":"Fled","damage_taken":0,"max_hp_gain":0,"max_hp_loss":0,"event_name":"Scrap Ooze","floor":3,"gold_loss":0},{"damage_healed":20,"gold_gain":0,"player_choice":"Healed","damage_taken":0,"max_hp_gain":0,"max_hp_loss":0,"event_name":"The Cleric","floor":4,"gold_loss":35},{"damage_healed":0,"gold_gain":0,"player_choice":"Grow","damage_taken":0,"max_hp_gain":0,"max_hp_loss":0,"event_name":"Living Wall","floor":11,"gold_loss":0,"cards_upgraded":["Exhume"]}],"is_beta":false,"boss_relics":[],"items_purged_floors":[],"is_endless":false,"potions_floor_spawned":[1,8,14],"killed_by":"Slime Boss","ascension_level":0}