{"gold_per_floor":[114,134,134,434,305,305,315,315,339,350,350,350,350,368,368,472,472,490,507,507,507,507,507,262,293,319,329,329,204,220,238,238,341,341,341],"floor_reached":35,"playtime":1349,"items_purged":["Regret","Defend_B","Defend_B"],"score":408,"play_id":"c6633624-2d40-4b79-8bda-d58b5cc3b0e4","local_time":"20180921092748","is_ascension_mode":true,"campfire_choices":[{"data":"Streamline","floor":6,"key":"SMITH"},{"data":"Gash","floor":8,"key":"SMITH"},{"data":"Hologram","floor":11,"key":"SMITH"},{"data":"Gash","floor":15,"key":"SMITH"},{"data":"Seek","floor":23,"key":"SMITH"},{"floor":28,"key":"REST"},{"floor":32,"key":"REST"}],"neow_cost":"NONE","seed_source_timestamp":623658192561072,"circlet_count":0,"master_deck":["Defend_B+1","Defend_B+1","Zap+1","Dualcast","Streamline+1","Gash+1","Hologram+1","Parasite","Gash+1","Seek+1","J.A.X.","Bite","Bite","Bite","Bite","Bite","Scrape","Reboot"],"relics":["Cracked Core","Old Coin","Whetstone","Bottled Lightning","Runic Dome","Vajra","Bag of Marbles","Thread and Needle","DataDisk","Black Star"],"potions_floor_usage":[10,16,27,31,33,33,33],"damage_taken":[{"damage":6,"enemies":"Cultist","floor":1,"turns":3},{"damage":0,"enemies":"Small Slimes","floor":2,"turns":2},{"damage":11,"enemies":"Jaw Worm","floor":7,"turns":2},{"damage":0,"enemies":"2 Fungi Beasts","floor":10,"turns":2},{"damage":5,"enemies":"3 Louse","floor":14,"turns":2},{"damage":52,"enemies":"The Guardian","floor":16,"turns":8},{"damage":0,"enemies":"Spheric Guardian","floor":18,"turns":3},{"damage":5,"enemies":"Chosen","floor":19,"turns":3},{"damage":36,"enemies":"Book of Stabbing","floor":25,"turns":4},{"damage":0,"enemies":"3 Cultists","floor":27,"turns":4},{"damage":9,"enemies":"Chosen and Byrds","floor":30,"turns":4},{"damage":18,"enemies":"Snake Plant","floor":31,"turns":3},{"damage":44,"enemies":"Collector","floor":33,"turns":7}],"seed_played":"-2633230742033466399","potions_obtained":[{"floor":7,"key":"Poison Potion"},{"floor":10,"key":"LiquidBronze"},{"floor":14,"key":"FocusPotion"},{"floor":16,"key":"Block Potion"},{"floor":18,"key":"Poison Potion"},{"floor":30,"key":"EssenceOfSteel"},{"floor":31,"key":"AttackPotion"}],"is_trial":false,"path_per_floor":["M","M","?","?","$","R","M","R","T","M","R","?","T","M","R","B",null,"M","M","?","?","?","R","$","E","T","M","R","$","M","M","R","B",null],"character_chosen":"DEFECT","items_purchased":["Gash","Bag of Marbles"],"campfire_rested":2,"item_purchase_floors":[5,24],"current_hp_per_floor":[69,69,54,54,54,54,43,43,43,43,43,61,61,56,56,4,75,75,70,70,52,52,52,52,26,26,36,51,51,46,34,49,25,52,0],"gold":341,"neow_bonus":"UPGRADE_CARD","is_prod":false,"is_daily":false,"chose_seed":false,"campfire_upgraded":5,"win_rate":0,"timestamp":1537536468,"path_taken":["M","?","?","?","$","R","?","R","T","M","R","?","?","M","R","BOSS","M","M","?","?","?","R","$","E","T","M","R","$","?","M","R","BOSS","M"],"build_version":"2018-09-20","purchased_purges":3,"victory":false,"max_hp_per_floor":[75,75,75,75,75,75,75,75,75,75,75,75,75,75,75,75,75,75,75,75,52,52,52,52,52,52,52,52,52,52,52,52,52,52,52],"card_choices":[{"not_picked":["Rebound","Steam","Sunder"],"picked":"SKIP","floor":1},{"not_picked":["Fusion","Conserve Battery"],"picked":"Streamline","floor":2},{"not_picked":["Hello World","Heatsinks","Steam"],"picked":"SKIP","floor":7},{"not_picked":["Sweeping Beam","Conserve Battery"],"picked":"Hologram","floor":10},{"not_picked":["FTL","Leap"],"picked":"Gash","floor":14},{"not_picked":["Meteor Strike","Rainbow"],"picked":"Seek","floor":16},{"not_picked":["Defragment","Hologram","Hello World"],"picked":"SKIP","floor":18},{"not_picked":["Compile Driver","Barrage","Conserve Battery"],"picked":"SKIP","floor":19},{"not_picked":["Hologram","Leap","Conserve Battery"],"picked":"SKIP","floor":25},{"not_picked":["Hologram","Leap","Conserve Battery"],"picked":"SKIP","floor":25},{"not_picked":["Reinforced Body","Consume","Sweeping Beam+1"],"picked":"SKIP","floor":27},{"not_picked":["Fusion","Leap"],"picked":"Scrape","floor":30},{"not_picked":["Self Repair","Aggregate","Ball Lightning"],"picked":"SKIP","floor":31},{"not_picked":["Creative AI","Seek"],"picked":"Reboot","floor":33}],"player_experience":367012,"relics_obtained":[{"floor":9,"key":"Whetstone"},{"floor":13,"key":"Bottled Lightning"},{"floor":25,"key":"Thread and Needle"},{"floor":26,"key":"DataDisk"}],"event_choices":[{"event_name":"Shining Light","player_choice":"Entered Light","floor":3,"damage_taken":0},{"event_name":"Big Fish","player_choice":"Box","floor":4,"damage_taken":0},{"event_name":"Mushrooms","player_choice":"Healed and dodged fight","floor":12,"damage_taken":0},{"event_name":"Drug Dealer","player_choice":"Got JAX","floor":20,"damage_taken":0},{"event_name":"Vampires","player_choice":"Became a vampire","floor":21,"damage_taken":0},{"event_name":"The Mausoleum","player_choice":"Yes","floor":22,"damage_taken":0}],"is_beta":false,"boss_relics":[{"not_picked":["FrozenCore","Fusion Hammer"],"picked":"Runic Dome"},{"not_picked":["Velvet Choker","Snecko Eye"],"picked":"Black Star"}],"items_purged_floors":[5,24,29],"is_endless":false,"potions_floor_spawned":[7,10,14,16,18,30,31],"killed_by":"3 Shapes","ascension_level":1}