{"gold_per_floor":[109,284,284,294,313,348,348,366,366,366,379,399,399,413,413,515,515,529,207,225,241,166,166,66,81,104,136,136,136,11,31,31,131,131,147,165,165],"floor_reached":37,"playtime":2385,"items_purged":["Gash","Redo","Zap+1"],"score":393,"play_id":"d501047e-8d52-4819-96cf-149c9418bba8","local_time":"20180712095342","is_ascension_mode":false,"campfire_choices":[{"floor":7,"key":"REST"},{"data":"Fusion","floor":10,"key":"SMITH"},{"floor":15,"key":"REST"},{"data":"Chaos","floor":23,"key":"SMITH"},{"floor":28,"key":"REST"},{"floor":32,"key":"REST"}],"neow_cost":"NONE","seed_source_timestamp":91050111671834,"circlet_count":0,"master_deck":["Dualcast","Rebound","Skim","Self Repair","Fusion+1","Cold Snap","Biased Cognition","Ball Lightning","Amplify","Steam","Ball Lightning","Stack","Chaos+1","Redo+1","Coolheaded+1","Creative AI","Streamline+1","Rainbow","Chaos+1"],"relics":["Cracked Core","Bottled Flame","Mummified Hand","Pandora\u0027s Box","Cables","Bag of Preparation","Bronze Scales","Velvet Choker"],"potions_floor_usage":[16,21,25,31,33,37],"damage_taken":[{"damage":1,"enemies":"Jaw Worm","floor":1,"turns":4},{"damage":10,"enemies":"2 Louse","floor":4,"turns":3},{"damage":0,"enemies":"Small Slimes","floor":5,"turns":3},{"damage":36,"enemies":"3 Sentries","floor":6,"turns":7},{"damage":7,"enemies":"Blue Slaver","floor":8,"turns":2},{"damage":17,"enemies":"3 Louse","floor":11,"turns":2},{"damage":11,"enemies":"Lots of Slimes","floor":12,"turns":5},{"damage":6,"enemies":"Large Slime","floor":14,"turns":4},{"damage":34,"enemies":"Hexaghost","floor":16,"turns":9},{"damage":4,"enemies":"Chosen","floor":18,"turns":3},{"damage":40,"enemies":"2 Thieves","floor":20,"turns":4},{"damage":10,"enemies":"Cultist and Chosen","floor":21,"turns":4},{"damage":12,"enemies":"Centurion and Healer","floor":25,"turns":3},{"damage":12,"enemies":"Book of Stabbing","floor":27,"turns":4},{"damage":19,"enemies":"Chosen and Byrds","floor":31,"turns":4},{"damage":53,"enemies":"Automaton","floor":33,"turns":8},{"damage":13,"enemies":"3 Shapes","floor":35,"turns":3},{"damage":11,"enemies":"Orb Walker","floor":36,"turns":3},{"damage":93,"floor":37,"turns":6}],"seed_played":"-5542978453055626168","potions_obtained":[{"floor":1,"key":"Ancient Potion"},{"floor":4,"key":"FearPotion"},{"floor":6,"key":"Swift Potion"},{"floor":8,"key":"SpeedPotion"},{"floor":12,"key":"Block Potion"},{"floor":16,"key":"Poison Potion"},{"floor":21,"key":"Explosive Potion"},{"floor":31,"key":"AttackPotion"},{"floor":33,"key":"GamblersBrew"},{"floor":35,"key":"SpeedPotion"}],"is_trial":false,"path_per_floor":["M","?","?","M","M","E","R","M","T","R","M","M","?","M","R","B",null,"M","$","M","M","?","R","$","M","T","E","R","?","$","M","R","B",null,"M","M"],"character_chosen":"DEFECT","items_purchased":["Cables"],"campfire_rested":4,"item_purchase_floors":[19],"current_hp_per_floor":[74,74,59,49,49,20,42,35,35,35,18,14,14,15,37,10,75,75,75,35,32,32,32,32,27,27,22,44,44,44,32,54,15,75,75,71,0],"gold":165,"neow_bonus":"THREE_CARDS","is_prod":false,"is_daily":false,"chose_seed":false,"campfire_upgraded":2,"win_rate":0,"timestamp":1531403622,"path_taken":["M","?","?","M","M","E","R","M","T","R","?","M","?","M","R","BOSS","M","$","M","?","?","R","?","M","T","E","R","?","$","M","R","BOSS","M","M","?"],"build_version":"2018-07-05","purchased_purges":3,"victory":false,"max_hp_per_floor":[75,75,75,75,75,75,75,75,75,75,75,75,75,75,75,75,75,75,75,75,75,75,75,75,75,75,75,75,75,75,75,75,75,75,75,75,75],"card_choices":[{"not_picked":["Stack","Barrage"],"picked":"Rebound","floor":0},{"not_picked":["Tempest","Loop","Hologram"],"picked":"SKIP","floor":1},{"not_picked":["Darkness","Stack"],"picked":"Skim","floor":4},{"not_picked":["Ball Lightning","Beam Cell"],"picked":"Self Repair","floor":5},{"not_picked":["Chill","Leap"],"picked":"Fusion","floor":6},{"not_picked":["Scrape","Streamline"],"picked":"Cold Snap","floor":8},{"not_picked":["Go for the Eyes","Lockon"],"picked":"Biased Cognition","floor":11},{"not_picked":["Coolheaded","Sunder"],"picked":"Ball Lightning","floor":12},{"not_picked":["Turbo","Beam Cell","Cold Snap"],"picked":"SKIP","floor":14},{"not_picked":["Fission","Machine Learning"],"picked":"Amplify","floor":16},{"not_picked":["Double Energy+1","Storm"],"picked":"Redo+1","floor":18},{"not_picked":["Gash","White Noise","Streamline"],"picked":"SKIP","floor":20},{"not_picked":["Steam","All For One","Capacitor"],"picked":"SKIP","floor":21},{"not_picked":["Barrage","Gash"],"picked":"Coolheaded+1","floor":25},{"not_picked":["Conserve Battery","Redo+1","Loop"],"picked":"SKIP","floor":27},{"not_picked":["Compile Driver","Scrape"],"picked":"Streamline+1","floor":31},{"not_picked":["Hyperbeam","Echo Form"],"picked":"Rainbow","floor":33},{"not_picked":["Ball Lightning","Cold Snap+1","Leap"],"picked":"SKIP","floor":35},{"not_picked":["Sunder+1","Capacitor"],"picked":"Chaos+1","floor":36}],"player_experience":234831,"relics_obtained":[{"floor":6,"key":"Bottled Flame"},{"floor":9,"key":"Mummified Hand"},{"floor":26,"key":"Bag of Preparation"},{"floor":27,"key":"Bronze Scales"}],"event_choices":[{"event_name":"Liars Game","player_choice":"agreed","floor":2,"damage_taken":0},{"event_name":"Shining Light","player_choice":"Entered Light","floor":3,"damage_taken":0},{"event_name":"Living Wall","player_choice":"Forget","floor":13,"damage_taken":0},{"event_name":"Beggar","player_choice":"Gave Gold","floor":22,"damage_taken":0},{"event_name":"Transmorgrifier","player_choice":"Transform","floor":29,"damage_taken":0},{"event_name":"Mysterious Sphere","player_choice":"Fight","floor":37,"damage_taken":0}],"boss_relics":[{"not_picked":["Lizard Tail","Coffee Dripper"],"picked":"Pandora\u0027s Box"},{"not_picked":["Inserter","Runic Dome"],"picked":"Velvet Choker"}],"items_purged_floors":[19,24,30],"is_endless":false,"potions_floor_spawned":[1,4,6,8,12,16,18,21,31,33,35,36],"ascension_level":0}