{"gold_per_floor":[109,34,44,61,61,61,79,79,79,109,109,123,140,140,140,239,239,255,255,266,120,48,67,67,80,80,80,0,17,29,41,41,137,137,149,149,166,166],"floor_reached":38,"playtime":1408,"items_purged":["Defend_B","Strike_B"],"score":380,"play_id":"4d6f6ec1-3570-4491-a16f-9a71dcb2c476","local_time":"20180709230446","is_ascension_mode":false,"campfire_choices":[{"floor":6,"key":"REST"},{"floor":8,"key":"REST"},{"floor":11,"key":"REST"},{"data":"Chaos","floor":15,"key":"SMITH"},{"floor":24,"key":"REST"},{"data":"Chaos","floor":27,"key":"SMITH"},{"data":"Defragment","floor":32,"key":"SMITH"}],"neow_cost":"FIFTY_PERCENT_DAMAGE","seed_source_timestamp":1628162054933307,"circlet_count":0,"master_deck":["Strike_B","Strike_B","Defend_B","Zap","Dualcast","Conserve Battery","Coolheaded","Chaos+1","Defragment+1","Biased Cognition","Compile Driver","Chaos+1","Amplify","Rebound","Ball Lightning","Capacitor","Barrage","Thunder Strike"],"special_seed":17722,"relics":["Cracked Core","Happy Flower","Letter Opener","Nuclear Battery","FaceOfCleric","Pantograph","Busted Crown"],"potions_floor_usage":[16,30],"damage_taken":[{"damage":1,"enemies":"Cultist","floor":1,"turns":3},{"damage":8,"enemies":"Small Slimes","floor":3,"turns":3},{"damage":6,"enemies":"Jaw Worm","floor":4,"turns":3},{"damage":13,"enemies":"Looter","floor":7,"turns":4},{"damage":23,"enemies":"3 Sentries","floor":10,"turns":7},{"damage":6,"enemies":"3 Louse","floor":12,"turns":3},{"damage":0,"enemies":"2 Fungi Beasts","floor":13,"turns":2},{"damage":33,"enemies":"The Guardian","floor":16,"turns":10},{"damage":11,"enemies":"Chosen","floor":18,"turns":6},{"damage":10,"enemies":"2 Thieves","floor":20,"turns":3},{"damage":15,"enemies":"Snake Plant","floor":23,"turns":3},{"damage":19,"enemies":"Centurion and Healer","floor":25,"turns":3},{"damage":16,"enemies":"3 Cultists","floor":29,"turns":4},{"damage":7,"enemies":"Snake Plant","floor":30,"turns":3},{"damage":1,"enemies":"Snecko","floor":31,"turns":4},{"damage":18,"enemies":"Champ","floor":33,"turns":8},{"damage":41,"enemies":"3 Shapes","floor":35,"turns":3},{"damage":35,"enemies":"3 Darklings","floor":37,"turns":4},{"damage":9,"enemies":"Maw","floor":38,"turns":4}],"seed_played":"-163716102511872118","potions_obtained":[{"floor":7,"key":"SteroidPotion"},{"floor":10,"key":"EssenceOfSteel"},{"floor":16,"key":"GamblersBrew"},{"floor":18,"key":"Energy Potion"},{"floor":25,"key":"Regen Potion"},{"floor":31,"key":"SpeedPotion"}],"is_trial":false,"path_per_floor":["M","$","M","M","?","R","M","R","T","E","R","M","M","?","R","B",null,"M","?","M","$","$","M","R","M","T","R","?","M","M","M","R","B",null,"M","?","M"],"character_chosen":"DEFECT","items_purchased":["Ball Lightning","Capacitor"],"campfire_rested":4,"item_purchase_floors":[21,22],"current_hp_per_floor":[37,37,29,23,16,38,25,47,47,24,46,40,40,65,65,32,75,64,64,55,55,55,41,64,46,46,46,46,31,34,34,34,42,82,42,42,8,0],"gold":166,"neow_bonus":"REMOVE_TWO","is_prod":false,"is_daily":false,"chose_seed":false,"campfire_upgraded":3,"win_rate":0.0,"timestamp":1531191886,"path_taken":["M","$","M","M","?","R","M","R","T","E","R","M","M","?","R","BOSS","M","?","M","?","$","M","R","M","T","R","?","M","?","M","R","BOSS","M","?","M","?"],"build_version":"2018-07-05","purchased_purges":2,"victory":false,"max_hp_per_floor":[75,75,75,75,75,75,75,75,75,75,75,75,75,75,75,75,75,75,75,76,76,76,77,77,78,78,78,78,79,80,81,81,82,82,83,83,84,84],"card_choices":[{"not_picked":["Redo","Doom and Gloom"],"picked":"Conserve Battery","floor":1},{"not_picked":["Hello World","Defragment"],"picked":"Coolheaded","floor":3},{"not_picked":["Barrage","Storm"],"picked":"Chaos","floor":4},{"not_picked":["Leap","Sweeping Beam"],"picked":"Defragment","floor":7},{"not_picked":["Scrape","Heatsinks"],"picked":"Biased Cognition","floor":10},{"not_picked":["Ball Lightning","Barrage"],"picked":"Compile Driver","floor":12},{"not_picked":["Defragment","Redo"],"picked":"Chaos","floor":13},{"not_picked":["Thunder Strike","Seek"],"picked":"Amplify","floor":16},{"not_picked":["Auto Shields","Steam"],"picked":"Rebound","floor":18},{"not_picked":["Conserve Battery","Stack+1","Heatsinks"],"picked":"SKIP","floor":20},{"not_picked":["Doom and Gloom","Turbo","Stack"],"picked":"SKIP","floor":23},{"not_picked":["Turbo","Leap","Melter"],"picked":"SKIP","floor":25},{"not_picked":["Ball Lightning","Sweeping Beam+1","Leap"],"picked":"SKIP","floor":29},{"not_picked":["Reboot","Stack"],"picked":"Barrage","floor":30},{"not_picked":["Hello World","Consume","Stack+1"],"picked":"SKIP","floor":31},{"not_picked":["Hyperbeam","Multi-Cast"],"picked":"Thunder Strike","floor":33},{"not_picked":["Storm"],"picked":"SKIP","floor":35},{"not_picked":["Barrage+1"],"picked":"SKIP","floor":37}],"player_experience":164959,"relics_obtained":[{"floor":9,"key":"Happy Flower"},{"floor":10,"key":"Letter Opener"},{"floor":26,"key":"Pantograph"}],"event_choices":[{"event_name":"Golden Wing","player_choice":"Card Removal","floor":5,"damage_taken":0},{"event_name":"Big Fish","player_choice":"Banana","floor":14,"damage_taken":0},{"event_name":"FaceTrader","player_choice":"Trade","floor":19,"damage_taken":0},{"event_name":"Masked Bandits","player_choice":"Paid Bandits 80 gold","floor":28,"damage_taken":0},{"event_name":"Accursed Blacksmith","player_choice":"Ignore","floor":36,"damage_taken":0}],"boss_relics":[{"not_picked":["Black Star","White Beast Statue"],"picked":"Nuclear Battery"},{"not_picked":["Snecko Eye","Eternal Feather"],"picked":"Busted Crown"}],"items_purged_floors":[2,21],"is_endless":false,"potions_floor_spawned":[7,10,16,18,25,29,31,37],"killed_by":"Maw","ascension_level":0}