{"gold_per_floor":[114,114,130,130,145,145,205,205,228,239,239,255,48,48,48,150,150,170,188,203,219,236,236,335,335,335,335,346,346,346,362,362,464,464,481,535,190,190,207,207,207,207,207,226,226,226,101,112,112,112],"floor_reached":50,"playtime":1434,"items_purged":["Defend_R+1","Defend_R","Defend_R"],"score":492,"play_id":"c99d5532-34e6-4c19-b5c4-5fca8b9e2ce8","local_time":"20180706002727","is_ascension_mode":false,"campfire_choices":[{"data":"Sever Soul","floor":6,"key":"SMITH"},{"data":"Carnage","floor":8,"key":"SMITH"},{"floor":15,"key":"REST"},{"floor":23,"key":"REST"},{"data":"Carnage","floor":25,"key":"SMITH"},{"data":"Flex","floor":27,"key":"SMITH"},{"floor":32,"key":"REST"},{"data":"Offering","floor":40,"key":"SMITH"},{"data":"Bludgeon","floor":42,"key":"SMITH"},{"floor":49,"key":"REST"}],"neow_cost":"NONE","seed_source_timestamp":1289908971642725,"circlet_count":0,"master_deck":["Strike_R","Strike_R","Strike_R","Strike_R","Bash+1","Sever Soul+1","Carnage+1","Flex+1","Carnage+1","Bludgeon+1","Anger","Flex","Ghostly","Ghostly","Ghostly","Ghostly","Ghostly","Offering+1","Madness","Madness","Cleave+1"],"relics":["Velvet Choker","Lantern","Tiny Chest","Happy Flower","Busted Crown","Question Card","Strawberry","Mark of Pain","Gambling Chip","Pear","Pantograph"],"potions_floor_usage":[7,16,20,22,33,33,48,50],"damage_taken":[{"damage":0,"enemies":"Small Slimes","floor":1,"turns":3},{"damage":6,"enemies":"Jaw Worm","floor":3,"turns":2},{"damage":0,"enemies":"Cultist","floor":5,"turns":2},{"damage":19,"enemies":"3 Sentries","floor":7,"turns":6},{"damage":4,"enemies":"Gremlin Gang","floor":10,"turns":4},{"damage":0,"enemies":"Large Slime","floor":12,"turns":3},{"damage":16,"enemies":"Slime Boss","floor":16,"turns":5},{"damage":0,"enemies":"Chosen","floor":18,"turns":2},{"damage":12,"enemies":"Shell Parasite","floor":19,"turns":2},{"damage":24,"enemies":"Centurion and Healer","floor":20,"turns":3},{"damage":3,"enemies":"Snecko","floor":21,"turns":3},{"damage":27,"enemies":"3 Cultists","floor":22,"turns":4},{"damage":23,"enemies":"Centurion and Healer","floor":28,"turns":4},{"damage":2,"enemies":"Cultist and Chosen","floor":31,"turns":6},{"damage":33,"enemies":"Automaton","floor":33,"turns":10},{"damage":12,"enemies":"3 Darklings","floor":35,"turns":6},{"damage":10,"floor":36,"turns":6},{"damage":3,"enemies":"Orb Walker","floor":39,"turns":3},{"damage":36,"enemies":"Sphere and 2 Shapes","floor":44,"turns":6},{"damage":9,"enemies":"4 Shapes","floor":48,"turns":4},{"damage":53,"enemies":"Awakened One","floor":50,"turns":7}],"seed_played":"4432752757763116418","potions_obtained":[{"floor":1,"key":"BloodPotion"},{"floor":5,"key":"SpeedPotion"},{"floor":10,"key":"Swift Potion"},{"floor":12,"key":"AttackPotion"},{"floor":18,"key":"Explosive Potion"},{"floor":21,"key":"LiquidBronze"},{"floor":31,"key":"Energy Potion"},{"floor":33,"key":"FearPotion"},{"floor":36,"key":"SkillPotion"},{"floor":48,"key":"SpeedPotion"}],"is_trial":false,"path_per_floor":["M","?","M","?","M","R","E","R","T","M","?","M","$","$","R","B",null,"M","M","M","M","M","R","?","R","T","R","M","?","T","M","R","B",null,"M","?","$","?","M","R","?","R","T","M","?","?","$","M","R"],"character_chosen":"IRONCLAD","items_purchased":["Flex","Carnage","Pear"],"campfire_rested":4,"item_purchase_floors":[13,13,37],"current_hp_per_floor":[80,73,67,51,51,51,40,40,40,36,29,29,29,29,53,37,80,80,68,44,41,14,38,38,38,38,38,15,15,22,20,34,1,47,35,25,35,28,25,25,50,50,50,14,14,14,14,5,20,0],"gold":112,"neow_bonus":"BOSS_RELIC","is_prod":false,"is_daily":false,"chose_seed":false,"campfire_upgraded":6,"win_rate":0.0,"timestamp":1530851247,"path_taken":["M","?","M","?","?","R","E","R","T","M","?","M","?","$","R","BOSS","M","M","M","M","M","R","?","R","T","R","?","?","?","M","R","BOSS","M","?","$","?","M","R","?","R","T","?","?","?","$","M","R","BOSS"],"build_version":"2018-06-28","purchased_purges":3,"victory":false,"max_hp_per_floor":[80,80,80,80,80,80,80,80,80,80,80,80,80,80,80,80,80,80,80,80,80,80,80,80,80,80,80,80,40,47,47,47,47,47,47,47,57,57,57,57,50,50,50,50,50,50,50,50,50,50],"card_choices":[{"not_picked":["Rage","Sword Boomerang"],"picked":"Sever Soul","floor":1},{"not_picked":["Twin Strike","Shrug It Off","Feel No Pain"],"picked":"SKIP","floor":3},{"not_picked":["Wild Strike","Metallicize","Rage"],"picked":"SKIP","floor":5},{"not_picked":["Anger","Power Through"],"picked":"Carnage","floor":7},{"not_picked":["Evolve","Perfected Strike","Heavy Blade"],"picked":"SKIP","floor":10},{"not_picked":["Entrench","Twin Strike","Disarm"],"picked":"SKIP","floor":12},{"not_picked":["Fiend Fire","Exhume"],"picked":"Bludgeon","floor":16},{"not_picked":[],"picked":"Anger","floor":18},{"not_picked":["Dual Wield"],"picked":"SKIP","floor":19},{"not_picked":["Spot Weakness+1"],"picked":"SKIP","floor":20},{"not_picked":[],"picked":"Flex","floor":21},{"not_picked":["Armaments"],"picked":"SKIP","floor":22},{"not_picked":["Perfected Strike","Sentinel"],"picked":"SKIP","floor":28},{"not_picked":["Clash+1","Havoc+1"],"picked":"SKIP","floor":31},{"not_picked":["Juggernaut"],"picked":"Offering","floor":33},{"not_picked":["Shrug It Off+1","Intimidate+1"],"picked":"SKIP","floor":35},{"not_picked":["Evolve","Armaments"],"picked":"SKIP","floor":39},{"not_picked":["Iron Wave","Clash+1"],"picked":"SKIP","floor":44},{"not_picked":["Hemokinesis+1"],"picked":"Cleave+1","floor":48}],"player_experience":69045,"relics_obtained":[{"floor":7,"key":"Tiny Chest"},{"floor":9,"key":"Happy Flower"},{"floor":26,"key":"Question Card"},{"floor":30,"key":"Strawberry"},{"floor":36,"key":"Gambling Chip"},{"floor":43,"key":"Pantograph"}],"event_choices":[{"event_name":"Scrap Ooze","player_choice":"success","floor":2,"damage_taken":7},{"event_name":"Shining Light","player_choice":"Entered Light","floor":4,"damage_taken":0},{"event_name":"Golden Wing","player_choice":"Card Removal","floor":11,"damage_taken":0},{"event_name":"Nest","player_choice":"Stole From Cult","floor":24,"damage_taken":0},{"event_name":"Ghosts","player_choice":"Became a Ghost","floor":29,"damage_taken":0},{"event_name":"Mysterious Sphere","player_choice":"Fight","floor":36,"damage_taken":0},{"event_name":"Winding Halls","player_choice":"Embrace Madness","floor":38,"damage_taken":0},{"event_name":"The Moai Head","player_choice":"Heal","floor":41,"damage_taken":0},{"event_name":"Falling","player_choice":"Removed Attack","floor":45,"damage_taken":0},{"event_name":"SensoryStone","player_choice":"Memory 1","floor":46,"damage_taken":0}],"boss_relics":[{"not_picked":["Black Star","Coffee Dripper"],"picked":"Busted Crown"},{"not_picked":["Runic Pyramid","Sozu"],"picked":"Mark of Pain"}],"items_purged_floors":[13,37,47],"is_endless":false,"potions_floor_spawned":[1,5,10,12,18,21,31,33,36,48],"killed_by":"Awakened One","ascension_level":0}