{"gold_per_floor":[118,130,49,63,75,0,13,13,39,39,4,4,4,21,21,21],"floor_reached":16,"playtime":480,"items_purged":["Defend_G"],"score":92,"play_id":"2717e3fa-f8b1-4917-a239-5563c367e8f7","local_time":"20180711155029","is_ascension_mode":false,"campfire_choices":[{"data":"Cloak And Dagger","floor":10,"key":"SMITH"},{"data":"Cloak And Dagger","floor":12,"key":"SMITH"},{"data":"Infinite Blades","floor":15,"key":"SMITH"}],"neow_cost":"TEN_PERCENT_HP_LOSS","seed_source_timestamp":27962267843698,"circlet_count":0,"master_deck":["Defend_G","Strike_G","Strike_G","Strike_G","Strike_G","Strike_G","Survivor","Neutralize","Cloak And Dagger+1","Infinite Blades+1","Cloak And Dagger+1","Storm of Steel"],"relics":["Ring of the Snake","Anchor"],"potions_floor_usage":[5,16,16],"damage_taken":[{"damage":1,"enemies":"2 Louse","floor":1,"turns":3},{"damage":2,"enemies":"Jaw Worm","floor":2,"turns":3},{"damage":0,"enemies":"Small Slimes","floor":4,"turns":4},{"damage":1,"enemies":"2 Fungi Beasts","floor":5,"turns":5},{"damage":8,"enemies":"3 Louse","floor":7,"turns":3},{"damage":3,"enemies":"Blue Slaver","floor":14,"turns":3},{"damage":73,"enemies":"Hexaghost","floor":16,"turns":10}],"seed_played":"-6616014071416681121","potions_obtained":[{"floor":4,"key":"Fruit Juice"},{"floor":5,"key":"SkillPotion"},{"floor":14,"key":"Fruit Juice"}],"is_trial":false,"path_per_floor":["M","M","$","M","M","$","M","?","T","R","?","R","?","M","R"],"character_chosen":"THE_SILENT","items_purchased":["Infinite Blades"],"campfire_rested":0,"item_purchase_floors":[3],"current_hp_per_floor":[62,60,60,60,64,64,56,49,49,49,66,66,68,65,65,0],"gold":21,"neow_bonus":"REMOVE_TWO","is_prod":false,"is_daily":false,"chose_seed":false,"campfire_upgraded":3,"win_rate":0,"timestamp":1531338629,"path_taken":["M","M","$","M","M","$","M","?","T","R","?","R","?","M","R","BOSS"],"build_version":"2018-07-05","purchased_purges":1,"victory":false,"max_hp_per_floor":[63,63,63,63,68,68,68,68,68,68,68,68,68,68,68,73],"card_choices":[{"not_picked":["Dagger Throw","Sucker Punch"],"picked":"Cloak And Dagger","floor":1},{"not_picked":["Backstab","Concentrate","Predator"],"picked":"SKIP","floor":2},{"not_picked":["Slice","Poisoned Stab","Flying Knee"],"picked":"SKIP","floor":4},{"not_picked":["PiercingWail","Prepared"],"picked":"Cloak And Dagger","floor":5},{"not_picked":["Dagger Throw","Poisoned Stab","Reflex"],"picked":"SKIP","floor":7},{"not_picked":["Skewer","Crippling Poison"],"picked":"Storm of Steel","floor":14}],"player_experience":228190,"relics_obtained":[{"floor":9,"key":"Anchor"}],"event_choices":[{"event_name":"Golden Wing","player_choice":"Card Removal","floor":8,"damage_taken":0},{"event_name":"The Cleric","player_choice":"Healed","floor":11,"damage_taken":0},{"event_name":"Wheel of Change","player_choice":"Full Heal","floor":13,"damage_taken":0}],"boss_relics":[],"items_purged_floors":[6],"is_endless":false,"potions_floor_spawned":[4,5,14],"killed_by":"Hexaghost","ascension_level":0}