{"gold_per_floor":[219,232,97,149,149,177,51,68,93,93,93],"floor_reached":11,"playtime":967,"items_purged":["Strike_G"],"score":82,"play_id":"7485aed7-01da-4b2d-a760-d2462c1dda9c","local_time":"20190329083703","is_ascension_mode":true,"campfire_choices":[{"floor":10,"key":"REST"}],"neow_cost":"NONE","seed_source_timestamp":8242886081703507,"circlet_count":0,"master_deck":["Defend_G","Defend_G","Defend_G","Defend_G","Defend_G","Strike_G","Strike_G","Strike_G","Survivor","Neutralize","Leg Sweep","Footwork","Backstab","Backflip","Sucker Punch","Dagger Spray","Slice"],"relics":["Ring of the Snake","Lantern","Blood Vial"],"potions_floor_usage":[11],"damage_taken":[{"damage":0,"enemies":"Jaw Worm","floor":1,"turns":6},{"damage":5,"enemies":"Small Slimes","floor":2,"turns":3},{"damage":56,"enemies":"Gremlin Nob","floor":6,"turns":6},{"damage":0,"enemies":"Cultist","floor":8,"turns":4},{"damage":32,"enemies":"Lagavulin","floor":11,"turns":16}],"seed_played":"606041531518058568","potions_obtained":[{"floor":2,"key":"Energy Potion"}],"is_trial":false,"path_per_floor":["M","M","$","?","?","E","$","M","T","R","E"],"character_chosen":"THE_SILENT","items_purchased":["Backstab","Backflip","Sucker Punch","Weak Potion"],"campfire_rested":1,"item_purchase_floors":[3,3,3,7],"current_hp_per_floor":[70,65,65,65,65,9,9,9,9,30,0],"gold":93,"neow_bonus":"HUNDRED_GOLD","is_prod":false,"is_daily":false,"chose_seed":false,"campfire_upgraded":0,"win_rate":0,"timestamp":1553863023,"path_taken":["M","M","$","?","?","E","$","M","T","R","E"],"build_version":"2019-01-23","purchased_purges":1,"victory":false,"max_hp_per_floor":[70,70,70,70,70,70,70,70,70,70,70],"card_choices":[{"not_picked":["Deadly Poison","Blur"],"picked":"Leg Sweep","floor":1},{"not_picked":["Accuracy","Dodge and Roll"],"picked":"Footwork","floor":2},{"not_picked":["Calculated Gamble","Poisoned Stab"],"picked":"Dagger Spray","floor":6},{"not_picked":["Bane","Poisoned Stab"],"picked":"Slice","floor":8}],"player_experience":602521,"relics_obtained":[{"floor":6,"key":"Lantern"},{"floor":9,"key":"Blood Vial"}],"event_choices":[{"damage_healed":0,"gold_gain":52,"player_choice":"Gained Gold","damage_taken":0,"max_hp_gain":0,"max_hp_loss":0,"event_name":"Golden Wing","floor":4,"gold_loss":0},{"cards_removed":["Strike_G"],"damage_healed":0,"gold_gain":0,"player_choice":"Offered Basic","damage_taken":0,"max_hp_gain":0,"max_hp_loss":0,"event_name":"Bonfire Elementals","floor":5,"gold_loss":0}],"is_beta":false,"boss_relics":[],"items_purged_floors":[7],"is_endless":false,"potions_floor_spawned":[2],"killed_by":"Lagavulin","ascension_level":3}