{"gold_per_floor":[116,66,66,66,81,110,33,63,63,87,105,123,123,142,142,238,238,256,256,34,44,44,44,44],"floor_reached":24,"playtime":579,"items_purged":["Strike_R"],"score":275,"play_id":"6efd93bd-f2dc-46dc-968c-c94de51fe460","local_time":"20190330214735","is_ascension_mode":true,"campfire_choices":[{"data":"Pommel Strike","floor":13.0,"key":"SMITH"},{"data":"Bash","floor":15.0,"key":"SMITH"},{"floor":23,"key":"REST"}],"neow_cost":"NONE","seed_source_timestamp":8377000359455344,"circlet_count":0,"master_deck":["Defend_R","Defend_R","Defend_R","Bash+1","Pommel Strike+1","Rampage","Offering","Shrug It Off"],"special_seed":0,"relics":["Burning Blood","NeowsBlessing","Gambling Chip","Dream Catcher","Blue Candle","Pen Nib","Empty Cage","Enchiridion","PreservedInsect"],"potions_floor_usage":[24],"damage_taken":[{"damage":0.0,"enemies":"Cultist","floor":1.0,"turns":1.0},{"damage":0.0,"enemies":"2 Louse","floor":5.0,"turns":1.0},{"damage":0.0,"enemies":"Lagavulin","floor":6.0,"turns":1.0},{"damage":16.0,"enemies":"Gremlin Nob","floor":8.0,"turns":3.0},{"damage":0.0,"enemies":"Small Slimes","floor":11.0,"turns":3.0},{"damage":2.0,"enemies":"Looter","floor":12.0,"turns":3.0},{"damage":26.0,"enemies":"Lots of Slimes","floor":14.0,"turns":4.0},{"damage":50.0,"enemies":"Hexaghost","floor":16.0,"turns":6.0},{"damage":28,"enemies":"2 Thieves","floor":18,"turns":3},{"damage":27,"enemies":"Shell Parasite","floor":21,"turns":3},{"damage":58,"enemies":"Slavers","floor":24,"turns":6}],"seed_played":"-8087191114382677452","potions_obtained":[{"floor":6.0,"key":"AttackPotion"},{"floor":8.0,"key":"Swift Potion"},{"floor":11.0,"key":"BloodPotion"}],"is_trial":false,"path_per_floor":["M","?","?","?","M","E","$","E","T","T","M","M","R","M","R","B",null,"M","?","$","M","$","R","E"],"character_chosen":"IRONCLAD","items_purchased":["Rampage","PreservedInsect"],"campfire_rested":1,"item_purchase_floors":[7,20],"current_hp_per_floor":[80,80,73,73,79,80,80,70,70,70,76,80,80,60,60,16,80,58,42,42,21,21,45,0],"gold":44,"neow_bonus":"THREE_ENEMY_KILL","is_prod":false,"is_daily":false,"chose_seed":false,"campfire_upgraded":2,"win_rate":0,"timestamp":1553996855,"path_taken":["M","?","?","?","M","E","$","E","T","?","M","?","R","M","R","BOSS","M","?","$","M","$","R","E"],"build_version":"2019-01-23","purchased_purges":1,"victory":false,"max_hp_per_floor":[80,80,80,80,80,80,80,80,80,80,80,80,80,80,80,80,80,80,80,80,80,80,80,80],"card_choices":[{"not_picked":["Havoc","Clash"],"picked":"Pommel Strike","floor":1.0},{"not_picked":["Armaments","Clothesline","Flex"],"picked":"SKIP","floor":5.0},{"not_picked":["Inflame","Immolate","Warcry"],"picked":"SKIP","floor":6.0},{"not_picked":["Thunderclap","True Grit","Ghostly Armor"],"picked":"SKIP","floor":8.0},{"not_picked":["Wild Strike","Cleave","Warcry"],"picked":"SKIP","floor":11.0},{"not_picked":["Wild Strike","Warcry","Second Wind"],"picked":"SKIP","floor":12.0},{"not_picked":["Bloodletting","Seeing Red","Whirlwind"],"picked":"SKIP","floor":14.0},{"not_picked":["Double Tap","Juggernaut"],"picked":"Offering","floor":16.0},{"not_picked":["Cleave","Clash+1","True Grit"],"picked":"SKIP","floor":18},{"not_picked":["Rage","Heavy Blade+1","Dual Wield"],"picked":"SKIP","floor":21},{"not_picked":["Flame Barrier","Battle Trance"],"picked":"Shrug It Off","floor":23}],"player_experience":643617,"relics_obtained":[{"floor":6.0,"key":"Gambling Chip"},{"floor":8.0,"key":"Dream Catcher"},{"floor":9.0,"key":"Blue Candle"},{"floor":10.0,"key":"Pen Nib"},{"floor":19,"key":"Enchiridion"}],"event_choices":[{"cards_removed":["Strike_R"],"damage_healed":0.0,"max_hp_gain":0.0,"max_hp_loss":0.0,"gold_gain":0.0,"event_name":"The Cleric","player_choice":"Card Removal","floor":2.0,"gold_loss":50.0,"damage_taken":0.0},{"cards_removed":["Defend_R"],"damage_healed":0.0,"max_hp_gain":0.0,"max_hp_loss":0.0,"gold_gain":0.0,"event_name":"Golden Wing","player_choice":"Card Removal","floor":3.0,"gold_loss":0.0,"damage_taken":7.0},{"cards_removed":["Strike_R"],"damage_healed":0.0,"max_hp_gain":0.0,"max_hp_loss":0.0,"gold_gain":0.0,"event_name":"Living Wall","player_choice":"Forget","floor":4.0,"gold_loss":0.0,"damage_taken":0.0},{"damage_healed":0,"gold_gain":0,"player_choice":"Obtained Book","damage_taken":16,"max_hp_gain":0,"max_hp_loss":0,"event_name":"Cursed Tome","floor":19,"gold_loss":0}],"is_beta":false,"boss_relics":[{"not_picked":["Runic Dome","Astrolabe"],"picked":"Empty Cage"}],"items_purged_floors":[20],"is_endless":false,"potions_floor_spawned":[6,8,11,12],"killed_by":"Slavers","ascension_level":4}