{"gold_per_floor":[116,136,136,136,160,160,160,112,135,135,160,179,198,198,198,324,324,342,322,275,296,135,135,175,175,250,250,293,311,336,336,336,336],"floor_reached":33,"playtime":1721,"items_purged":[],"score":289,"play_id":"030a3bc0-a829-43cd-bccd-a403cadf522a","local_time":"20180918150156","is_ascension_mode":true,"campfire_choices":[{"floor":6,"key":"REST"},{"data":"Bouncing Flask","floor":10,"key":"SMITH"},{"floor":15,"key":"REST"},{"floor":23,"key":"REST"},{"floor":25,"key":"REST"},{"data":"Catalyst","floor":27,"key":"SMITH"},{"floor":32,"key":"REST"}],"neow_cost":"NONE","seed_source_timestamp":384133794730614,"circlet_count":0,"master_deck":["Defend_G","Defend_G","Defend_G","Strike_G","Strike_G","Strike_G","Strike_G+1","Strike_G+1","Survivor","Neutralize","Bouncing Flask+1","Catalyst+1","Backflip","Poisoned Stab","Dagger Throw","Acrobatics","Acrobatics","Dagger Spray","Flying Knee","Noxious Fumes","Pain"],"relics":["Ring of the Snake","Golden Idol","Whetstone","Boot","Meat on the Bone","Busted Crown","Tiny Chest","Lantern","Question Card","Oddly Smooth Stone","WarpedTongs"],"potions_floor_usage":[12,13,24,24,24,24],"damage_taken":[{"damage":0,"enemies":"Small Slimes","floor":1,"turns":3},{"damage":11,"enemies":"Jaw Worm","floor":2,"turns":3},{"damage":0,"enemies":"Cultist","floor":5,"turns":3},{"damage":10,"enemies":"Looter","floor":11,"turns":2},{"damage":7,"enemies":"Lots of Slimes","floor":12,"turns":3},{"damage":16,"enemies":"Exordium Thugs","floor":13,"turns":3},{"damage":35,"enemies":"Hexaghost","floor":16,"turns":6},{"damage":22,"enemies":"3 Byrds","floor":18,"turns":4},{"damage":10,"enemies":"Chosen","floor":21,"turns":3},{"damage":24,"enemies":"Slavers","floor":24,"turns":4},{"damage":35,"enemies":"Gremlin Leader","floor":28,"turns":6},{"damage":14,"enemies":"Sentry and Sphere","floor":29,"turns":4},{"damage":32,"enemies":"Snake Plant","floor":30,"turns":4},{"damage":55,"enemies":"Collector","floor":33,"turns":3}],"seed_played":"-6731897748944078132","potions_obtained":[{"floor":5,"key":"Energy Potion"},{"floor":12,"key":"Regen Potion"},{"floor":13,"key":"Weak Potion"},{"floor":16,"key":"FearPotion"},{"floor":19,"key":"EntropicBrew"},{"floor":24,"key":"Weak Potion"},{"floor":30,"key":"SpeedPotion"}],"is_trial":false,"path_per_floor":["M","M","?","?","M","R","T","$","T","R","M","M","M","T","R","B",null,"M","?","$","M","$","R","E","R","T","R","E","M","M","?","R"],"character_chosen":"THE_SILENT","items_purchased":["Dagger Throw","Dagger Spray","Flying Knee","Tiny Chest"],"campfire_rested":5,"item_purchase_floors":[8,20,22,22],"current_hp_per_floor":[70,59,42,35,35,56,56,56,56,56,46,39,28,28,49,26,70,48,48,48,38,38,59,47,68,68,68,45,43,23,23,44,0],"gold":336,"neow_bonus":"TRANSFORM_CARD","is_prod":false,"is_daily":false,"chose_seed":false,"campfire_upgraded":2,"win_rate":0,"timestamp":1537297316,"path_taken":["M","M","?","?","?","R","?","$","T","R","M","M","M","?","R","BOSS","M","?","$","M","$","R","E","R","T","R","E","M","M","?","R","BOSS"],"build_version":"2018-09-06","purchased_purges":0,"victory":false,"max_hp_per_floor":[70,70,70,70,70,70,70,70,70,70,70,70,70,70,70,70,70,70,70,70,70,70,70,70,70,70,70,70,70,70,70,70,70],"card_choices":[{"not_picked":["Sucker Punch","Quick Slash"],"picked":"Catalyst","floor":1},{"not_picked":["Quick Slash","Underhanded Strike"],"picked":"Backflip","floor":2},{"not_picked":["Outmaneuver","Blade Dance"],"picked":"Poisoned Stab","floor":5},{"not_picked":["Dagger Throw","Reflex"],"picked":"Acrobatics","floor":11},{"not_picked":["Dagger Throw","Eviscerate","Dash"],"picked":"SKIP","floor":12},{"not_picked":["Prepared","Acrobatics","Doppelganger"],"picked":"SKIP","floor":13},{"not_picked":[],"picked":"Acrobatics","floor":18},{"not_picked":["Bane+1"],"picked":"SKIP","floor":21},{"not_picked":["Flechettes"],"picked":"SKIP","floor":24},{"not_picked":["Dagger Throw"],"picked":"Noxious Fumes","floor":28},{"not_picked":["Dodge and Roll","Slice"],"picked":"SKIP","floor":29},{"not_picked":["Skewer","Caltrops"],"picked":"SKIP","floor":30}],"player_experience":350724,"relics_obtained":[{"floor":7,"key":"Whetstone"},{"floor":9,"key":"Boot"},{"floor":14,"key":"Meat on the Bone"},{"floor":24,"key":"Lantern"},{"floor":26,"key":"Question Card"},{"floor":28,"key":"Oddly Smooth Stone"}],"event_choices":[{"event_name":"Golden Idol","player_choice":"Take Damage","floor":3,"damage_taken":0},{"event_name":"Golden Wing","player_choice":"Card Removal","floor":4,"damage_taken":0},{"event_name":"The Woman in Blue","player_choice":"Bought 1 Potion","floor":19,"damage_taken":0},{"event_name":"Accursed Blacksmith","player_choice":"Rummage","floor":31,"damage_taken":0}],"is_beta":false,"boss_relics":[{"not_picked":["Runic Pyramid","Ring of the Serpent"],"picked":"Busted Crown"}],"items_purged_floors":[],"is_endless":false,"potions_floor_spawned":[5,12,13,16,21,24,30],"killed_by":"Collector","ascension_level":1}