{"gold_per_floor":[109,8,26,26,43,43,43,68,118,135,152,180,192,146,146,146],"floor_reached":16,"playtime":1319,"items_purged":["Strike_R"],"score":112,"play_id":"f11af506-cdbb-4518-8e8b-f37f9f959b7e","local_time":"20190211101223","is_ascension_mode":false,"campfire_choices":[{"data":"Entrench","floor":6,"key":"SMITH"},{"floor":15,"key":"REST"}],"neow_cost":"NONE","seed_source_timestamp":1441288969962,"circlet_count":0,"master_deck":["Strike_R","Strike_R","Strike_R","Strike_R","Defend_R","Defend_R","Defend_R","Defend_R","Bash","Entrench+1","Flex+1","Flex+1","Headbutt","Exhume","Flex","Shrug It Off","Ghostly Armor"],"relics":["Burning Blood","Pen Nib","War Paint","Strawberry","Vajra"],"potions_floor_usage":[12,13,16],"damage_taken":[{"damage":1,"enemies":"Cultist","floor":1,"turns":3},{"damage":11,"enemies":"Jaw Worm","floor":3,"turns":5},{"damage":8,"enemies":"Small Slimes","floor":5,"turns":3},{"damage":57,"enemies":"Lagavulin","floor":8,"turns":9},{"damage":0,"enemies":"Looter","floor":10,"turns":3},{"damage":7,"enemies":"Large Slime","floor":11,"turns":5},{"damage":25,"enemies":"3 Sentries","floor":12,"turns":10},{"damage":0,"enemies":"2 Fungi Beasts","floor":13,"turns":2},{"damage":47,"enemies":"Slime Boss","floor":16,"turns":8}],"seed_played":"-6392809546975925518","potions_obtained":[{"floor":3,"key":"Ancient Potion"},{"floor":12,"key":"Explosive Potion"},{"floor":13,"key":"Fire Potion"}],"is_trial":false,"path_per_floor":["$","?","?"],"character_chosen":"IRONCLAD","items_purchased":["Flex"],"campfire_rested":1,"item_purchase_floors":[2],"current_hp_per_floor":[80,80,75,75,73,73,73,22,29,35,34,15,21,21,47,0],"gold":146,"neow_bonus":"RANDOM_COMMON_RELIC","is_prod":false,"is_daily":false,"chose_seed":false,"campfire_upgraded":1,"win_rate":0,"timestamp":1549890743,"path_taken":["M","?","M","?","M","R","$","E","T","M","M","E","M","?","R","BOSS"],"build_version":"2019-01-23","purchased_purges":1,"victory":false,"max_hp_per_floor":[80,80,80,80,80,80,80,80,87,87,87,87,87,87,87,87],"card_choices":[{"not_picked":["Twin Strike","Armaments"],"picked":"Entrench","floor":1},{"not_picked":["Wild Strike","Disarm"],"picked":"Flex","floor":3},{"not_picked":["Sword Boomerang","Wild Strike"],"picked":"Headbutt","floor":5},{"not_picked":["Bludgeon","Combust"],"picked":"Exhume","floor":8},{"not_picked":["Flame Barrier","Sword Boomerang"],"picked":"Flex","floor":10},{"not_picked":["Clothesline","Sever Soul"],"picked":"Shrug It Off","floor":11},{"not_picked":["Perfected Strike","Shockwave"],"picked":"Ghostly Armor","floor":12},{"not_picked":["True Grit","Wild Strike","Spot Weakness"],"picked":"SKIP","floor":13}],"player_experience":155394,"relics_obtained":[{"floor":8,"key":"War Paint"},{"floor":9,"key":"Strawberry"},{"floor":12,"key":"Vajra"}],"event_choices":[{"damage_healed":0,"gold_gain":0,"player_choice":"Ignored","damage_taken":0,"max_hp_gain":0,"max_hp_loss":0,"event_name":"Liars Game","floor":4,"gold_loss":0},{"damage_healed":0,"gold_gain":0,"player_choice":"Left Gold","damage_taken":0,"max_hp_gain":0,"max_hp_loss":0,"event_name":"World of Goop","floor":14,"gold_loss":46}],"is_beta":false,"boss_relics":[],"items_purged_floors":[2],"is_endless":false,"potions_floor_spawned":[3,12,13],"killed_by":"Slime Boss","ascension_level":0}