{"gold_per_floor":[117,87,12,24,94,94,44,59,59,10,10,10,10,22,22,126,126,143,43,53,63,162,162,162,162,209,261,280,298,89,116,116,116],"floor_reached":33,"playtime":1270,"items_purged":["Zap","Defend_B"],"score":278,"play_id":"9ad32d14-035f-4f87-bb5d-8b4eec1badac","local_time":"20180921152146","is_ascension_mode":true,"campfire_choices":[{"data":"Rip and Tear","floor":6,"key":"SMITH"},{"data":"Streamline","floor":12,"key":"SMITH"},{"data":"Beam Cell","floor":15,"key":"SMITH"},{"data":"Streamline","floor":23,"key":"SMITH"},{"data":"Melter","floor":25,"key":"SMITH"},{"floor":32,"key":"REST"}],"neow_cost":"","seed_source_timestamp":14483265651524,"circlet_count":0,"master_deck":["Strike_B","Strike_B","Strike_B","Strike_B","Defend_B","Dualcast","Melter+1","Rip and Tear+1","Streamline+1","Beam Cell+1","Darkness","Beam Cell","Streamline+1","Melter","Streamline+1"],"relics":["Cracked Core","Meat on the Bone","Velvet Choker","Orichalcum","Vajra","DollysMirror","Letter Opener"],"potions_floor_usage":[14,16,28,33],"damage_taken":[{"damage":2,"enemies":"Jaw Worm","floor":1,"turns":3},{"damage":1,"enemies":"Cultist","floor":4,"turns":3},{"damage":0,"enemies":"2 Louse","floor":8,"turns":1},{"damage":4,"enemies":"2 Fungi Beasts","floor":14,"turns":2},{"damage":45,"enemies":"The Guardian","floor":16,"turns":6},{"damage":33,"enemies":"2 Thieves","floor":18,"turns":3},{"damage":14,"enemies":"Shell Parasite","floor":20,"turns":2},{"damage":13,"enemies":"Snecko","floor":21,"turns":3},{"damage":19,"enemies":"Snake Plant","floor":28,"turns":3},{"damage":17,"enemies":"Centurion and Healer","floor":29,"turns":3},{"damage":14,"enemies":"Gremlin Leader","floor":31,"turns":4},{"damage":45,"enemies":"Collector","floor":33,"turns":6}],"seed_played":"3262826888804348261","potions_obtained":[{"floor":1,"key":"Ancient Potion"},{"floor":2,"key":"SteroidPotion"},{"floor":2,"key":"Weak Potion"},{"floor":16,"key":"FearPotion"},{"floor":20,"key":"Ancient Potion"},{"floor":28,"key":"LiquidBronze"},{"floor":31,"key":"SpeedPotion"}],"is_trial":false,"path_per_floor":["M","?","$","M","?","R","?","M","T","$","?","R","$","M","R","B",null,"M","$","M","M","?","R","?","R","T","T","M","M","$","E","R"],"character_chosen":"DEFECT","items_purchased":["Beam Cell","DollysMirror"],"campfire_rested":1,"item_purchase_floors":[10,30],"current_hp_per_floor":[73,73,73,72,72,72,72,72,72,72,72,72,72,68,68,35,75,42,42,40,39,39,39,64,64,64,64,45,40,40,38,60,15],"gold":116,"neow_bonus":"","is_prod":false,"is_daily":false,"chose_seed":false,"campfire_upgraded":5,"win_rate":0,"timestamp":1537557706,"path_taken":["M","?","$","M","?","R","?","M","T","$","?","R","$","M","R","BOSS","M","$","M","?","?","R","?","R","T","?","M","?","$","E","R","BOSS"],"build_version":"2018-09-20","purchased_purges":2,"victory":false,"max_hp_per_floor":[75,75,75,75,75,75,75,75,75,75,75,75,75,75,75,75,75,75,75,75,75,75,75,75,75,75,75,75,75,75,75,75,75],"card_choices":[{"not_picked":["Go for the Eyes","Redo"],"picked":"Melter","floor":1},{"not_picked":["Stack","Coolheaded"],"picked":"Rip and Tear","floor":4},{"not_picked":["Tempest","Compile Driver"],"picked":"Streamline","floor":8},{"not_picked":["Steam","Go for the Eyes"],"picked":"Beam Cell","floor":14},{"not_picked":["Stack","Compile Driver","Aggregate+1"],"picked":"SKIP","floor":18},{"not_picked":["Compile Driver","Steam"],"picked":"Streamline","floor":20},{"not_picked":["Self Repair","Go for the Eyes"],"picked":"Melter","floor":21},{"not_picked":["Beam Cell","Streamline+1","Cold Snap"],"picked":"SKIP","floor":28},{"not_picked":["Sweeping Beam+1","Chill","Cold Snap"],"picked":"SKIP","floor":29},{"not_picked":["Turbo+1","Rip and Tear+1","Reprogram+1"],"picked":"SKIP","floor":31}],"player_experience":374609,"relics_obtained":[{"floor":9,"key":"Meat on the Bone"},{"floor":26,"key":"Orichalcum"},{"floor":27,"key":"Vajra"},{"floor":31,"key":"Letter Opener"}],"event_choices":[{"event_name":"The Woman in Blue","player_choice":"Bought 2 Potions","floor":2,"damage_taken":0},{"event_name":"Golden Wing","player_choice":"Gained Gold","floor":5,"damage_taken":0},{"event_name":"The Cleric","player_choice":"Card Removal","floor":7,"damage_taken":0},{"event_name":"Transmorgrifier","player_choice":"Transform","floor":11,"damage_taken":0},{"event_name":"Nest","player_choice":"Stole From Cult","floor":22,"damage_taken":0},{"event_name":"The Library","player_choice":"Heal","floor":24,"damage_taken":0}],"is_beta":false,"boss_relics":[{"not_picked":["Fusion Hammer","Sozu"],"picked":"Velvet Choker"}],"items_purged_floors":[3,19],"is_endless":false,"potions_floor_spawned":[1,16,20,28,31],"killed_by":"Collector","ascension_level":2}