{"gold_per_floor":[361,361,29,48,64,74,74,85,85,113,132,6,31,41,41,41],"floor_reached":16,"playtime":1650,"items_purged":[],"score":114,"play_id":"d4097db0-2e69-4ce0-bcf1-941ce2505d81","local_time":"20190331052940","is_ascension_mode":false,"campfire_choices":[{"data":"Neutralize","floor":7,"key":"SMITH"},{"data":"Tools of the Trade","floor":15,"key":"SMITH"}],"neow_cost":"PERCENT_DAMAGE","seed_source_timestamp":53797240115470,"circlet_count":0,"master_deck":["Defend_G","Defend_G","Defend_G","Defend_G","Defend_G","Strike_G","Strike_G","Strike_G","Strike_G","Strike_G","Survivor","Neutralize+1","Footwork","Dagger Spray","Footwork","Cloak And Dagger","Backflip","Tools of the Trade+1","Blade Dance","PiercingWail"],"relics":["Ring of the Snake","Ninja Scroll","Paper Crane","Snake Skull","Peace Pipe"],"potions_floor_usage":[10,13,13],"damage_taken":[{"damage":0,"enemies":"Small Slimes","floor":1,"turns":3},{"damage":0,"enemies":"Cultist","floor":4,"turns":3},{"damage":0,"enemies":"2 Louse","floor":5,"turns":2},{"damage":0,"enemies":"Looter","floor":6,"turns":3},{"damage":0,"enemies":"2 Fungi Beasts","floor":8,"turns":4},{"damage":13,"enemies":"Lagavulin","floor":10,"turns":15},{"damage":0,"enemies":"3 Louse","floor":11,"turns":2},{"damage":8,"enemies":"Gremlin Nob","floor":13,"turns":4},{"damage":0,"enemies":"Blue Slaver","floor":14,"turns":4},{"damage":54,"enemies":"Slime Boss","floor":16,"turns":20}],"seed_played":"-227053058332237414","potions_obtained":[{"floor":4,"key":"LiquidBronze"},{"floor":5,"key":"Weak Potion"},{"floor":11,"key":"Block Potion"}],"is_trial":false,"path_per_floor":["?","M"],"character_chosen":"THE_SILENT","items_purchased":["Ninja Scroll","Footwork","Tools of the Trade","Blade Dance"],"campfire_rested":0,"item_purchase_floors":[3,3,12,12],"current_hp_per_floor":[49,70,70,70,70,70,70,70,70,57,57,57,49,49,49,0],"gold":41,"neow_bonus":"TWO_FIFTY_GOLD","is_prod":false,"is_daily":false,"chose_seed":false,"campfire_upgraded":2,"win_rate":0,"timestamp":1554020980,"path_taken":["M","?","$","M","M","M","R","M","T","E","M","$","E","?","R","BOSS"],"build_version":"2019-01-23","purchased_purges":0,"victory":false,"max_hp_per_floor":[70,70,70,70,70,70,70,70,70,70,70,70,70,70,70,70],"card_choices":[{"not_picked":["Dagger Throw","Acrobatics","Outmaneuver"],"picked":"SKIP","floor":1},{"not_picked":["Bane","Reflex","Distraction"],"picked":"SKIP","floor":4},{"not_picked":["Crippling Poison","Expertise"],"picked":"Dagger Spray","floor":5},{"not_picked":["Dagger Throw","Acrobatics"],"picked":"Footwork","floor":6},{"not_picked":["Outmaneuver","Masterful Stab"],"picked":"Cloak And Dagger","floor":8},{"not_picked":["Poisoned Stab","Terror"],"picked":"Backflip","floor":10},{"not_picked":["Terror","Choke","Flying Knee"],"picked":"SKIP","floor":11},{"not_picked":["Distraction","Riddle With Holes"],"picked":"PiercingWail","floor":13},{"not_picked":["Bouncing Flask","Quick Slash","Distraction"],"picked":"SKIP","floor":14}],"player_experience":519773,"relics_obtained":[{"floor":9,"key":"Paper Crane"},{"floor":10,"key":"Snake Skull"},{"floor":13,"key":"Peace Pipe"}],"event_choices":[{"damage_healed":21,"gold_gain":0,"player_choice":"Full Heal","damage_taken":0,"max_hp_gain":0,"max_hp_loss":0,"event_name":"Wheel of Change","floor":2,"gold_loss":0}],"is_beta":false,"boss_relics":[],"items_purged_floors":[],"is_endless":false,"potions_floor_spawned":[4,5,11],"killed_by":"Slime Boss","ascension_level":0}