{"gold_per_floor":[369,319,335,47,62,92,92,126,153,164,164,239,239,253,253,350,350,366,351,51,64,74,74],"floor_reached":23,"playtime":1146,"items_purged":["Strike_G"],"score":244,"play_id":"f682f04b-a1ca-4c38-8f7b-4b511a109701","local_time":"20190330012927","is_ascension_mode":true,"campfire_choices":[{"data":"Neutralize","floor":7,"key":"SMITH"},{"data":"Cloak And Dagger","floor":11,"key":"SMITH"},{"data":"Caltrops","floor":13,"key":"SMITH"},{"floor":15,"key":"REST"}],"neow_cost":"PERCENT_DAMAGE","seed_source_timestamp":8303451591148381,"circlet_count":0,"master_deck":["Defend_G","Defend_G","Defend_G","Defend_G","Defend_G","Strike_G+1","Strike_G+1","Strike_G","Survivor","Neutralize+1","Dagger Throw","Dagger Spray","Caltrops+1","Dodge and Roll","Well Laid Plans","Cloak And Dagger+1","PiercingWail","Storm of Steel","Leg Sweep","Noxious Fumes","Noxious Fumes"],"relics":["Ring of the Snake","Bag of Preparation","Vajra","Whetstone","PreservedInsect","Velvet Choker","Blood Vial"],"potions_floor_usage":[6,8,19,22,23,23],"damage_taken":[{"damage":0,"enemies":"2 Louse","floor":1,"turns":2},{"damage":1,"enemies":"Jaw Worm","floor":3,"turns":4},{"damage":0,"enemies":"Small Slimes","floor":5,"turns":2},{"damage":2,"enemies":"3 Sentries","floor":6,"turns":2},{"damage":6,"enemies":"Gremlin Nob","floor":8,"turns":3},{"damage":1,"enemies":"Looter","floor":10,"turns":4},{"damage":3,"enemies":"2 Fungi Beasts","floor":14,"turns":4},{"damage":23,"enemies":"The Guardian","floor":16,"turns":12},{"damage":14,"enemies":"Chosen","floor":18,"turns":4},{"damage":3,"enemies":"2 Thieves","floor":19,"turns":4},{"damage":4,"enemies":"Snake Plant","floor":21,"turns":4},{"damage":25,"enemies":"Snecko","floor":22,"turns":6},{"damage":31,"enemies":"Slavers","floor":23,"turns":2}],"seed_played":"-3398771448924847172","potions_obtained":[{"floor":1,"key":"Strength Potion"},{"floor":3,"key":"AttackPotion"},{"floor":14,"key":"GamblersBrew"},{"floor":16,"key":"Dexterity Potion"},{"floor":18,"key":"Block Potion"},{"floor":22,"key":"Block Potion"}],"is_trial":false,"path_per_floor":["M","?","M","$","M","E","R","E","T","M","R","?","R","M","R","B",null,"M","M","$","M","M","E"],"character_chosen":"THE_SILENT","items_purchased":["Dagger Spray","Caltrops","Bag of Preparation","Noxious Fumes","Blood Vial"],"campfire_rested":1,"item_purchase_floors":[4,4,4,20,20],"current_hp_per_floor":[49,49,48,48,48,46,46,40,40,39,39,28,28,25,46,23,70,56,53,53,51,28,0],"gold":74,"neow_bonus":"TWO_FIFTY_GOLD","is_prod":false,"is_daily":false,"chose_seed":false,"campfire_upgraded":3,"win_rate":0,"timestamp":1553923767,"path_taken":["M","?","M","$","M","E","R","E","T","M","R","?","R","?","R","BOSS","M","M","$","M","M","E"],"build_version":"2019-01-23","purchased_purges":1,"victory":false,"max_hp_per_floor":[70,70,70,70,70,70,70,70,70,70,70,70,70,70,70,70,70,70,70,70,70,70,70],"card_choices":[{"not_picked":["Choke","Bane"],"picked":"Dagger Throw","floor":1},{"not_picked":["Heel Hook","Tactician","Dagger Throw"],"picked":"SKIP","floor":3},{"not_picked":["Concentrate","Heel Hook","Reflex"],"picked":"SKIP","floor":5},{"not_picked":["Flechettes","All Out Attack"],"picked":"Dodge and Roll","floor":6},{"not_picked":["Bouncing Flask","Prepared"],"picked":"Well Laid Plans","floor":8},{"not_picked":["Crippling Poison","Terror"],"picked":"Cloak And Dagger","floor":10},{"not_picked":["Poisoned Stab","Outmaneuver"],"picked":"PiercingWail","floor":14},{"not_picked":["Burst","Wraith Form v2"],"picked":"Storm of Steel","floor":16},{"not_picked":["Accuracy","Outmaneuver","Quick Slash"],"picked":"SKIP","floor":18},{"not_picked":["Bane","Slice"],"picked":"Leg Sweep","floor":19},{"not_picked":["Bane","Deadly Poison+1"],"picked":"Noxious Fumes","floor":21},{"not_picked":["Eviscerate","Dodge and Roll","Bane+1"],"picked":"SKIP","floor":22}],"player_experience":621210,"relics_obtained":[{"floor":6,"key":"Vajra"},{"floor":8,"key":"Whetstone"},{"floor":9,"key":"PreservedInsect"}],"event_choices":[{"cards_removed":["Strike_G"],"damage_healed":0,"gold_gain":0,"player_choice":"Card Removal","damage_taken":0,"max_hp_gain":0,"max_hp_loss":0,"event_name":"The Cleric","floor":2,"gold_loss":50},{"damage_healed":0,"gold_gain":75,"player_choice":"Gather Gold","damage_taken":11,"max_hp_gain":0,"max_hp_loss":0,"event_name":"World of Goop","floor":12,"gold_loss":0}],"is_beta":false,"boss_relics":[{"not_picked":["Astrolabe","Runic Pyramid"],"picked":"Velvet Choker"}],"items_purged_floors":[20],"is_endless":false,"potions_floor_spawned":[1,3,14,16,18,22],"killed_by":"Slavers","ascension_level":4}