{"gold_per_floor":[113,38,51,68,243,263,263,263,263,289,305,305,52,63,63,162,162,176,226,226,151,32,57,10,10,10,24,24,38,38,48,48,48],"floor_reached":33,"playtime":2718,"items_purged":["Defend_G"],"score":278,"play_id":"42c71baa-a974-42f8-92e6-e8529ceafdf1","local_time":"20180918154737","is_ascension_mode":true,"campfire_choices":[{"data":"Blade Dance","floor":7,"key":"SMITH"},{"floor":12,"key":"REST"},{"floor":15,"key":"REST"},{"data":"Infinite Blades","floor":25,"key":"SMITH"},{"data":"Cloak And Dagger","floor":30,"key":"SMITH"},{"data":"Accuracy","floor":32,"key":"SMITH"}],"neow_cost":"NONE","seed_source_timestamp":385878306515538,"circlet_count":0,"master_deck":["Defend_G","Defend_G","Defend_G","Defend_G","Strike_G","Strike_G+1","Strike_G","Strike_G","Strike_G","Survivor","Neutralize","Quick Slash","Blade Dance+1","Dagger Throw","Bandage Up","Finisher+1","Flying Knee","Accuracy+1","Blade Dance","Infinite Blades+1","Flying Knee","Predator+1","Cloak And Dagger+1"],"relics":["Ring of the Snake","Blood Vial","Dodecahedron","Meat on the Bone","Coffee Dripper","Paper Crane","Calipers"],"potions_floor_usage":[16,16,16,16,16,16,23,29,33],"damage_taken":[{"damage":0,"enemies":"Jaw Worm","floor":1,"turns":3},{"damage":0,"enemies":"Small Slimes","floor":3,"turns":3},{"damage":4,"enemies":"Cultist","floor":4,"turns":3},{"damage":10,"enemies":"2 Fungi Beasts","floor":6,"turns":4},{"damage":39,"enemies":"Lagavulin","floor":10,"turns":7},{"damage":14,"enemies":"Gremlin Gang","floor":11,"turns":4},{"damage":10,"enemies":"Looter","floor":14,"turns":2},{"damage":50,"enemies":"Hexaghost","floor":16,"turns":8},{"damage":5,"enemies":"Spheric Guardian","floor":18,"turns":3},{"damage":5,"enemies":"Gremlin Leader","floor":23,"turns":5},{"damage":6,"enemies":"Chosen","floor":27,"turns":4},{"damage":30,"enemies":"Centurion and Healer","floor":29,"turns":6},{"damage":0,"enemies":"Snecko","floor":31,"turns":2},{"damage":68,"enemies":"Automaton","floor":33,"turns":6}],"seed_played":"7192377296274658754","potions_obtained":[{"floor":6,"key":"EntropicBrew"},{"floor":10,"key":"Swift Potion"},{"floor":14,"key":"Swift Potion"},{"floor":18,"key":"Block Potion"},{"floor":27,"key":"SkillPotion"},{"floor":29,"key":"Block Potion"}],"is_trial":false,"path_per_floor":["M","$","M","M","?","M","R","?","T","E","M","R","$","M","R","B",null,"M","?","?","?","$","E","$","R","T","M","$","M","R","M","R"],"character_chosen":"THE_SILENT","items_purchased":["Meat on the Bone","Accuracy","Blade Dance","Flying Knee"],"campfire_rested":2,"item_purchase_floors":[13,22,22,24],"current_hp_per_floor":[70,70,70,66,66,56,56,56,56,23,15,36,36,40,61,29,70,65,65,65,65,65,65,65,65,65,64,64,40,40,42,42,0],"gold":48,"neow_bonus":"UPGRADE_CARD","is_prod":false,"is_daily":false,"chose_seed":false,"campfire_upgraded":4,"win_rate":0,"timestamp":1537300057,"path_taken":["M","$","M","M","?","?","R","?","T","E","M","R","$","M","R","BOSS","M","?","?","?","$","E","$","R","T","M","$","?","R","M","R","BOSS"],"build_version":"2018-09-06","purchased_purges":1,"victory":false,"max_hp_per_floor":[70,70,70,70,70,70,70,70,70,70,70,70,70,70,70,70,70,70,70,70,70,70,70,70,70,70,70,70,70,70,70,70,70],"card_choices":[{"not_picked":["Predator","Expertise"],"picked":"Quick Slash","floor":1},{"not_picked":["Masterful Stab","Prepared"],"picked":"Blade Dance","floor":3},{"not_picked":["PiercingWail","Bane","Predator"],"picked":"SKIP","floor":4},{"not_picked":["Acrobatics","Heel Hook"],"picked":"Dagger Throw","floor":6},{"not_picked":["Storm of Steel","Terror","Sucker Punch"],"picked":"SKIP","floor":10},{"not_picked":["Quick Slash","Dagger Throw","Terror"],"picked":"SKIP","floor":11},{"not_picked":["Heel Hook","Endless Agony"],"picked":"Finisher","floor":14},{"not_picked":["Cloak And Dagger","Expertise"],"picked":"Flying Knee","floor":18},{"not_picked":["Dagger Spray","Flying Knee"],"picked":"Infinite Blades","floor":23},{"not_picked":["Endless Agony","Prepared"],"picked":"Predator+1","floor":27},{"not_picked":["Slice","Riddle With Holes"],"picked":"Cloak And Dagger","floor":29},{"not_picked":["Prepared+1","Riddle With Holes","Slice"],"picked":"SKIP","floor":31}],"player_experience":352445,"relics_obtained":[{"floor":9,"key":"Blood Vial"},{"floor":10,"key":"Dodecahedron"},{"floor":23,"key":"Paper Crane"},{"floor":26,"key":"Calipers"}],"event_choices":[{"event_name":"Liars Game","player_choice":"agreed","floor":5,"damage_taken":0},{"event_name":"Match and Keep!","player_choice":"1 cards matched","floor":8,"damage_taken":0},{"event_name":"The Joust","player_choice":"Bet on Murderer","floor":19,"damage_taken":0},{"event_name":"Accursed Blacksmith","player_choice":"Forge","floor":20,"damage_taken":0},{"event_name":"Beggar","player_choice":"Gave Gold","floor":21,"damage_taken":0}],"is_beta":false,"boss_relics":[{"not_picked":["White Beast Statue","Black Star"],"picked":"Coffee Dripper"}],"items_purged_floors":[2],"is_endless":false,"potions_floor_spawned":[6,10,14,18,27,29],"killed_by":"Automaton","ascension_level":1}