{"gold_per_floor":[116,15,15,33,44,75,75,91,91,91,102,22,34,134,134,134],"floor_reached":16,"playtime":264,"items_purged":["Pain","Demon Form"],"score":102,"play_id":"3950b4ad-5398-4f7a-b5f6-a451b964e5f0","local_time":"20180725141234","is_ascension_mode":false,"campfire_choices":[{"data":"Perfected Strike","floor":10,"key":"SMITH"},{"floor":15,"key":"REST"}],"neow_cost":"CURSE","seed_source_timestamp":1231923608557223,"circlet_count":0,"master_deck":["Strike_R","Strike_R+1","Strike_R","Strike_R","Strike_R","Defend_R","Defend_R","Defend_R","Defend_R","Bash","Perfected Strike+1","Perfected Strike+1","Pommel Strike"],"relics":["Burning Blood","Magic Flower","The Courier"],"potions_floor_usage":[],"damage_taken":[{"damage":9,"enemies":"2 Louse","floor":1,"turns":3},{"damage":5,"enemies":"Small Slimes","floor":4,"turns":2},{"damage":6,"enemies":"Jaw Worm","floor":5,"turns":2},{"damage":27,"enemies":"Gremlin Nob","floor":6,"turns":4},{"damage":10,"enemies":"Looter","floor":8,"turns":2},{"damage":12,"enemies":"Blue Slaver","floor":11,"turns":2},{"damage":24,"enemies":"3 Louse","floor":13,"turns":3},{"damage":47,"enemies":"The Guardian","floor":16,"turns":4}],"seed_played":"-1263130599030275435","potions_obtained":[{"floor":5,"key":"Ancient Potion"}],"is_trial":false,"path_per_floor":["M","$","?","M","M","E","?","M","T","R","M","$","M","?","R"],"character_chosen":"IRONCLAD","items_purchased":["Perfected Strike"],"campfire_rested":1,"item_purchase_floors":[2],"current_hp_per_floor":[77,77,61,62,62,41,41,40,40,40,37,37,22,22,46,0],"gold":134,"neow_bonus":"THREE_RARE_CARDS","is_prod":false,"is_daily":false,"chose_seed":false,"campfire_upgraded":1,"win_rate":0,"timestamp":1532542354,"path_taken":["M","$","?","M","M","E","?","M","T","R","?","$","?","?","R","BOSS"],"build_version":"2018-07-19v2","purchased_purges":2,"victory":false,"max_hp_per_floor":[80,80,80,80,80,80,80,80,80,80,80,80,80,80,80,80],"card_choices":[{"not_picked":["Exhume","Limit Break"],"picked":"Demon Form","floor":0},{"not_picked":["Power Through","Infernal Blade","Wild Strike"],"picked":"SKIP","floor":1},{"not_picked":["Thunderclap","Cleave","Havoc"],"picked":"SKIP","floor":4},{"not_picked":["Sever Soul","Headbutt","Clothesline"],"picked":"SKIP","floor":5},{"not_picked":["Cleave","Entrench","Flame Barrier"],"picked":"SKIP","floor":6},{"not_picked":["Cleave","Entrench","Flame Barrier"],"picked":"SKIP","floor":6},{"not_picked":["Inflame","Whirlwind"],"picked":"Perfected Strike","floor":8},{"not_picked":["Anger","Clash","Rupture"],"picked":"SKIP","floor":11},{"not_picked":["Corruption","Clash"],"picked":"Pommel Strike","floor":13}],"player_experience":277947,"relics_obtained":[{"floor":6,"key":"Magic Flower"},{"floor":9,"key":"The Courier"}],"event_choices":[{"event_name":"Shining Light","player_choice":"Entered Light","floor":3,"damage_taken":0},{"event_name":"Dead Adventurer","player_choice":"Searched \u00271\u0027 times","floor":7,"damage_taken":0},{"event_name":"Golden Shrine","player_choice":"Pray","floor":14,"damage_taken":0}],"is_beta":false,"boss_relics":[],"items_purged_floors":[2,12],"is_endless":false,"potions_floor_spawned":[5],"killed_by":"The Guardian","ascension_level":0}