{"gold_per_floor":[112,112,129,143,161,161,186,186,186,136,163,179,211,221,221,221],"floor_reached":16,"playtime":1762,"items_purged":[],"score":122,"play_id":"0415b6a0-98fc-457f-8b56-a8fa9b1b2d67","local_time":"20190318190347","is_ascension_mode":false,"campfire_choices":[{"data":"Bash","floor":6,"key":"SMITH"},{"floor":8,"key":"REST"},{"floor":15,"key":"REST"}],"neow_cost":"NONE","seed_source_timestamp":453059822282023,"circlet_count":0,"master_deck":["Strike_R","Strike_R","Strike_R","Strike_R","Strike_R","Defend_R","Defend_R+1","Bash+1","Heavy Blade","Armaments","True Grit+1","Shrug It Off","Shrug It Off","Flame Barrier","Thunderclap","Ghostly Armor","Headbutt"],"relics":["Empty Cage","Frozen Egg 2","War Paint","Ancient Tea Set"],"potions_floor_usage":[7,11,11,14],"damage_taken":[{"damage":1,"enemies":"2 Louse","floor":1,"turns":2},{"damage":1,"enemies":"Cultist","floor":3,"turns":3},{"damage":9,"enemies":"Small Slimes","floor":4,"turns":5},{"damage":18,"enemies":"2 Fungi Beasts","floor":5,"turns":4},{"damage":37,"enemies":"3 Sentries","floor":7,"turns":7},{"damage":14,"enemies":"Gremlin Nob","floor":11,"turns":4},{"damage":2,"enemies":"Exordium Wildlife","floor":12,"turns":9},{"damage":15,"enemies":"3 Sentries","floor":13,"turns":11},{"damage":12,"enemies":"Exordium Thugs","floor":14,"turns":9},{"damage":59,"enemies":"The Guardian","floor":16,"turns":8}],"seed_played":"-2603053569866303452","potions_obtained":[{"floor":1,"key":"FearPotion"},{"floor":3,"key":"PowerPotion"},{"floor":5,"key":"Dexterity Potion"},{"floor":7,"key":"Regen Potion"}],"is_trial":false,"path_per_floor":["?","M"],"character_chosen":"IRONCLAD","items_purchased":["Shrug It Off"],"campfire_rested":2,"item_purchase_floors":[10],"current_hp_per_floor":[79,79,78,69,51,51,14,38,38,38,36,34,19,7,31,0],"gold":221,"neow_bonus":"BOSS_RELIC","is_prod":false,"is_daily":false,"chose_seed":false,"campfire_upgraded":1,"win_rate":0,"timestamp":1552946627,"path_taken":["M","?","M","M","M","R","E","R","T","$","E","?","E","M","R","BOSS"],"build_version":"2019-01-23","purchased_purges":0,"victory":false,"max_hp_per_floor":[80,80,80,80,80,80,80,80,80,80,80,80,80,80,80,80],"card_choices":[{"not_picked":["Seeing Red","Warcry"],"picked":"Heavy Blade","floor":1},{"not_picked":["Body Slam","Havoc"],"picked":"Armaments","floor":3},{"not_picked":["Spot Weakness","Feel No Pain"],"picked":"True Grit","floor":4},{"not_picked":["Searing Blow","Warcry","Havoc"],"picked":"SKIP","floor":5},{"not_picked":["Body Slam","Burning Pact"],"picked":"Shrug It Off","floor":7},{"not_picked":["Heavy Blade","Feed"],"picked":"Flame Barrier","floor":11},{"not_picked":["Whirlwind","True Grit"],"picked":"Thunderclap","floor":12},{"not_picked":["Perfected Strike","Cleave"],"picked":"Ghostly Armor","floor":13},{"not_picked":["Twin Strike","Armaments"],"picked":"Headbutt","floor":14}],"player_experience":350924,"relics_obtained":[{"floor":7,"key":"Frozen Egg 2"},{"floor":11,"key":"War Paint"},{"floor":13,"key":"Ancient Tea Set"}],"event_choices":[{"damage_healed":0,"gold_gain":0,"player_choice":"Ignored","damage_taken":0,"max_hp_gain":0,"max_hp_loss":0,"event_name":"NoteForYourself","floor":2,"gold_loss":0}],"is_beta":false,"boss_relics":[],"items_purged_floors":[],"is_endless":false,"potions_floor_spawned":[1,3,5,7],"killed_by":"The Guardian","ascension_level":0}