{"gold_per_floor":[109,122,47,47,47,68,68,87,87,14,38,38,73,21,21,21],"floor_reached":16,"playtime":272,"items_purged":["Defend_R"],"score":100,"play_id":"9e5b2d8c-d838-4012-b8a7-3eb87f6e7cfe","local_time":"20180705233528","is_ascension_mode":false,"campfire_choices":[{"floor":7,"key":"REST"},{"floor":12,"key":"REST"},{"floor":15,"key":"REST"}],"neow_cost":"","seed_source_timestamp":1287953404501334,"circlet_count":0,"master_deck":["Strike_R","Strike_R","Strike_R","Strike_R","Strike_R","Defend_R","Defend_R","Bash","Headbutt","Warcry","Cleave","Pummel","Fiend Fire","Flex"],"relics":["Burning Blood","Golden Idol","Question Card","Paper Frog"],"potions_floor_usage":[16,16],"damage_taken":[{"damage":11,"enemies":"Jaw Worm","floor":1,"turns":2},{"damage":5,"enemies":"2 Louse","floor":2,"turns":3},{"damage":17,"enemies":"Small Slimes","floor":6,"turns":3},{"damage":15,"enemies":"2 Fungi Beasts","floor":8,"turns":3},{"damage":38,"enemies":"Large Slime","floor":11,"turns":5},{"damage":36,"enemies":"Lagavulin","floor":13,"turns":5},{"damage":43,"enemies":"The Guardian","floor":16,"turns":4}],"seed_played":"-4072140232411121590","potions_obtained":[{"floor":1,"key":"FearPotion"},{"floor":13,"key":"SteroidPotion"}],"is_trial":false,"path_per_floor":["M","M","$","?","?","M","R","M","T","$","M","R","E","$","R"],"character_chosen":"IRONCLAD","items_purchased":["Pummel","Flex"],"campfire_rested":3,"item_purchase_floors":[10,14],"current_hp_per_floor":[75,76,76,69,49,38,62,53,53,53,21,45,15,15,39,0],"gold":21,"neow_bonus":"","is_prod":false,"is_daily":false,"chose_seed":false,"campfire_upgraded":0,"win_rate":0.0,"timestamp":1530848128,"path_taken":["M","M","$","?","?","M","R","M","T","$","M","R","E","?","R","BOSS"],"build_version":"2018-06-28","purchased_purges":1,"victory":false,"max_hp_per_floor":[80,80,80,80,80,80,80,80,80,80,80,80,80,80,80,80],"card_choices":[{"not_picked":["Body Slam","Anger"],"picked":"Headbutt","floor":1},{"not_picked":["Armaments","Twin Strike"],"picked":"Warcry","floor":2},{"not_picked":["Body Slam","Power Through","Corruption"],"picked":"SKIP","floor":6},{"not_picked":["Clothesline","Headbutt"],"picked":"Cleave","floor":8},{"not_picked":["Entrench","Corruption","Iron Wave"],"picked":"Fiend Fire","floor":11},{"not_picked":["Iron Wave","Armaments","Metallicize","Twin Strike"],"picked":"SKIP","floor":13}],"player_experience":67144,"relics_obtained":[{"floor":9,"key":"Question Card"},{"floor":13,"key":"Paper Frog"}],"event_choices":[{"event_name":"Golden Wing","player_choice":"Card Removal","floor":4,"damage_taken":0},{"event_name":"Golden Idol","player_choice":"Take Damage","floor":5,"damage_taken":0}],"boss_relics":[],"items_purged_floors":[3],"is_endless":false,"potions_floor_spawned":[1,13],"killed_by":"The Guardian","ascension_level":0}