{"gold_per_floor":[110,128,2,14,14,44,44,76,127,147,166,166,184,195,195,293,293,309,584,441,406,420,420,453,453,453,465,465,481,500,77,77,181,181,195,195,195,209,309,309,321,18,91,91,111,111,0,15,15,15],"floor_reached":51,"playtime":7492,"items_purged":["Regret"],"score":731,"play_id":"0b34207f-453e-415e-ad47-56009fb2248e","local_time":"20190204044258","is_ascension_mode":false,"campfire_choices":[{"data":"Infinite Blades","floor":7.0,"key":"SMITH"},{"data":"Infinite Blades","floor":12.0,"key":"SMITH"},{"floor":15.0,"key":"REST"},{"floor":23.0,"key":"REST"},{"data":"Accuracy","floor":25.0,"key":"SMITH"},{"data":"Footwork","floor":28.0,"key":"SMITH"},{"floor":32.0,"key":"REST"},{"data":"After Image","floor":40,"key":"SMITH"},{"data":"A Thousand Cuts","floor":49,"key":"SMITH"}],"neow_cost":"NONE","seed_source_timestamp":0,"circlet_count":0,"master_deck":["Defend_G","Defend_G","Defend_G","Defend_G","Defend_G","Strike_G","Strike_G","Strike_G","Survivor","Neutralize","Glass Knife","Blur","Infinite Blades+1","Accuracy+1","Dodge and Roll","Dodge and Roll","Infinite Blades+1","Backstab","Infinite Blades","After Image+1","Noxious Fumes","Well Laid Plans","Leg Sweep","Blade Dance","Footwork+1","Dodge and Roll+1","Dodge and Roll","Cloak And Dagger","Accuracy","A Thousand Cuts+1","Finisher+1","Blade Dance","Blur","Footwork","Cloak And Dagger","Finisher+1","Choke+1"],"special_seed":0,"relics":["Ring of the Snake","Matryoshka","Happy Flower","Centennial Puzzle","Snake Skull","Black Star","Ninja Scroll","Lantern","Bottled Flame","Pear","Oddly Smooth Stone","Vajra","Busted Crown","Torii","Pen Nib","Shuriken","Red Mask"],"potions_floor_usage":[39,50,50],"damage_taken":[{"damage":0.0,"enemies":"Cultist","floor":1.0,"turns":4.0},{"damage":0.0,"enemies":"Jaw Worm","floor":2.0,"turns":4.0},{"damage":3.0,"enemies":"Small Slimes","floor":4.0,"turns":4.0},{"damage":13.0,"enemies":"Gremlin Nob","floor":6.0,"turns":5.0},{"damage":14.0,"enemies":"3 Sentries","floor":8.0,"turns":11.0},{"damage":5.0,"enemies":"Red Slaver","floor":10.0,"turns":5.0},{"damage":0.0,"enemies":"Blue Slaver","floor":11.0,"turns":5.0},{"damage":2.0,"enemies":"3 Louse","floor":13.0,"turns":3.0},{"damage":0.0,"enemies":"Red Slaver","floor":14.0,"turns":6.0},{"damage":42.0,"enemies":"The Guardian","floor":16.0,"turns":18.0},{"damage":6.0,"enemies":"Spheric Guardian","floor":18.0,"turns":4.0},{"damage":20.0,"enemies":"2 Thieves","floor":21.0,"turns":5.0},{"damage":13.0,"enemies":"Centurion and Healer","floor":22.0,"turns":7.0},{"damage":8.0,"enemies":"Book of Stabbing","floor":24.0,"turns":7.0},{"damage":21.0,"enemies":"Cultist and Chosen","floor":27.0,"turns":6.0},{"damage":13.0,"enemies":"Snecko","floor":29.0,"turns":5.0},{"damage":3.0,"enemies":"Snake Plant","floor":30.0,"turns":5.0},{"damage":10.0,"enemies":"Champ","floor":33.0,"turns":11.0},{"damage":25,"enemies":"3 Darklings","floor":35,"turns":4},{"damage":1,"enemies":"Orb Walker","floor":38,"turns":2},{"damage":2,"enemies":"Mind Bloom Boss Battle","floor":39,"turns":7},{"damage":1,"enemies":"Transient","floor":41,"turns":5},{"damage":10,"enemies":"Spire Growth","floor":45,"turns":4},{"damage":0,"enemies":"Sphere and 2 Shapes","floor":48,"turns":7},{"damage":52,"enemies":"Time Eater","floor":50,"turns":10}],"seed_played":"-3071724153629435749","potions_obtained":[{"floor":1.0,"key":"Ancient Potion"},{"floor":4.0,"key":"Explosive Potion"},{"floor":10.0,"key":"GhostInAJar"},{"floor":13.0,"key":"Fruit Juice"},{"floor":18.0,"key":"SteroidPotion"},{"floor":22.0,"key":"Swift Potion"},{"floor":24.0,"key":"Explosive Potion"},{"floor":30.0,"key":"SkillPotion"},{"floor":33.0,"key":"PowerPotion"},{"floor":45,"key":"Strength Potion"}],"is_trial":false,"path_per_floor":["M","?","?","?","?","?","M","?","?"],"character_chosen":"THE_SILENT","items_purchased":["Accuracy","Dodge and Roll","Well Laid Plans","Cloak And Dagger","Accuracy","Oddly Smooth Stone","Vajra","Blur","Footwork","Cloak And Dagger","Pen Nib"],"campfire_rested":3,"item_purchase_floors":[3,3,20,31,31,31,31,42,42,42,42],"current_hp_per_floor":[70,70,70,67,72,59,59,45,45,40,40,40,43,43,67,25,80,74,74,74,54,41,65,57,57,67,46,46,33,30,30,57,47,90,65,65,65,64,62,62,61,61,61,90,80,80,80,80,80,28],"gold":15,"neow_bonus":"TRANSFORM_CARD","is_prod":false,"is_daily":false,"chose_seed":false,"campfire_upgraded":6,"win_rate":0.0,"timestamp":1549266178,"path_taken":["M","?","$","M","?","E","R","E","T","M","M","R","M","M","R","BOSS","M","?","$","M","M","R","E","R","T","M","R","M","M","$","R","BOSS","M","?","$","M","?","R","M","$","T","?","?","?","?","M","R","BOSS"],"build_version":"2019-01-23","purchased_purges":1,"victory":true,"max_hp_per_floor":[70,70,70,70,75,75,75,75,75,75,75,75,80,80,80,80,80,80,80,80,80,80,80,80,80,90,90,90,90,90,90,90,90,90,90,90,90,90,90,90,90,90,90,90,90,90,90,90,90,90],"card_choices":[{"not_picked":["Blade Dance","Terror"],"picked":"Blur","floor":1.0},{"not_picked":["Bane","Dagger Spray"],"picked":"Infinite Blades","floor":2.0},{"not_picked":["Dagger Spray","Acrobatics"],"picked":"Dodge and Roll","floor":4.0},{"not_picked":["All Out Attack","Slice","Unload"],"picked":"SKIP","floor":6.0},{"not_picked":["Accuracy","Backstab"],"picked":"Infinite Blades","floor":8.0},{"not_picked":["Distraction","Eviscerate","Expertise"],"picked":"SKIP","floor":10.0},{"not_picked":["Backflip","Terror"],"picked":"Backstab","floor":11.0},{"not_picked":["Reflex","Poisoned Stab","Crippling Poison"],"picked":"SKIP","floor":13.0},{"not_picked":["Quick Slash","Skewer"],"picked":"Infinite Blades","floor":14.0},{"not_picked":["Wraith Form v2","Night Terror"],"picked":"After Image","floor":16.0},{"not_picked":["Acrobatics","Expertise"],"picked":"Noxious Fumes","floor":18.0},{"not_picked":["Flying Knee","Bouncing Flask"],"picked":"Leg Sweep","floor":21.0},{"not_picked":["Dodge and Roll","Dash"],"picked":"Blade Dance","floor":22.0},{"not_picked":["Deadly Poison+1","Outmaneuver+1"],"picked":"Footwork","floor":24.0},{"not_picked":["All Out Attack+1","Sucker Punch"],"picked":"Dodge and Roll+1","floor":27.0},{"not_picked":["Outmaneuver","Prepared+1","Endless Agony+1"],"picked":"SKIP","floor":29.0},{"not_picked":["Acrobatics","Wraith Form v2"],"picked":"Dodge and Roll","floor":30.0},{"not_picked":["Corpse Explosion","Burst"],"picked":"A Thousand Cuts","floor":33.0},{"not_picked":[],"picked":"Finisher+1","floor":35},{"not_picked":[],"picked":"Blade Dance","floor":38},{"not_picked":[],"picked":"Distraction+1","floor":41},{"not_picked":[],"picked":"Finisher+1","floor":45},{"not_picked":[],"picked":"Choke+1","floor":48}],"player_experience":90720,"relics_obtained":[{"floor":6.0,"key":"Matryoshka"},{"floor":8.0,"key":"Happy Flower"},{"floor":9.0,"key":"Centennial Puzzle"},{"floor":9.0,"key":"Snake Skull"},{"floor":24.0,"key":"Ninja Scroll"},{"floor":24.0,"key":"Lantern"},{"floor":26.0,"key":"Bottled Flame"},{"floor":26.0,"key":"Pear"},{"floor":39,"key":"Torii"},{"floor":43,"key":"Shuriken"}],"event_choices":[{"damage_healed":0.0,"max_hp_gain":5.0,"max_hp_loss":0.0,"gold_gain":0.0,"event_name":"Big Fish","player_choice":"Donut","floor":5.0,"gold_loss":0.0,"damage_taken":0.0},{"damage_healed":0.0,"max_hp_gain":0.0,"max_hp_loss":0.0,"gold_gain":275.0,"event_name":"Golden Shrine","player_choice":"Desecrate","floor":19.0,"gold_loss":0.0,"damage_taken":0.0,"cards_obtained":["Regret"]},{"damage_healed":0,"gold_gain":0,"player_choice":"Ignored","damage_taken":0,"max_hp_gain":0,"max_hp_loss":0,"event_name":"Mysterious Sphere","floor":36,"gold_loss":0},{"damage_healed":0,"gold_gain":0,"player_choice":"Fight","damage_taken":0,"max_hp_gain":0,"max_hp_loss":0,"event_name":"MindBloom","floor":39,"gold_loss":0},{"cards_removed":["Distraction"],"damage_healed":29,"gold_gain":0,"player_choice":"Offered Uncommon","damage_taken":0,"max_hp_gain":0,"max_hp_loss":0,"event_name":"Bonfire Elementals","floor":44,"gold_loss":0},{"cards_removed":["Strike_G"],"damage_healed":0,"gold_gain":0,"player_choice":"Removed Attack","damage_taken":0,"max_hp_gain":0,"max_hp_loss":0,"event_name":"Falling","floor":46,"gold_loss":0},{"damage_healed":0,"gold_gain":0,"player_choice":"Paid","damage_taken":0,"relics_obtained":["Red Mask"],"max_hp_gain":0,"max_hp_loss":0,"event_name":"Tomb of Lord Red Mask","floor":47,"gold_loss":111}],"is_beta":false,"boss_relics":[{"not_picked":["Eternal Feather","Snecko Eye"],"picked":"Black Star"},{"not_picked":["Orrery","Empty Cage"],"picked":"Busted Crown"}],"items_purged_floors":[20],"is_endless":false,"potions_floor_spawned":[1,4,10,13,18,22,24,30,33,38,45],"ascension_level":0}