{"gold_per_floor":[115,115,115,15,26,54,54,72,72,72,82,96,73,73,73,178,228,243,62,78,91,91,91],"floor_reached":23,"playtime":809,"items_purged":["Regret"],"score":210,"play_id":"c0ecce52-2f93-4a4c-9a05-f5e4a7b88f37","local_time":"20180924145234","is_ascension_mode":true,"campfire_choices":[{"data":"Body Slam","floor":7,"key":"SMITH"},{"floor":15,"key":"REST"}],"neow_cost":"NONE","seed_source_timestamp":272401580065940,"circlet_count":0,"master_deck":["Strike_R+1","Strike_R","Strike_R","Strike_R","Strike_R","Defend_R","Defend_R","Defend_R","Defend_R","Bash","Thunderclap+1","Shrug It Off","Pommel Strike","Body Slam+1","Armaments","Armaments","Shrug It Off","Shrug It Off","Juggernaut","Battle Trance","Flex"],"relics":["Burning Blood","Matryoshka","Regal Pillow","Mercury Hourglass","Blood Vial","Tiny House","Vajra"],"potions_floor_usage":[5,12,16,16,16,18,21],"damage_taken":[{"damage":12,"enemies":"Jaw Worm","floor":1,"turns":3},{"damage":0,"enemies":"Cultist","floor":5,"turns":2},{"damage":48,"enemies":"Gremlin Nob","floor":6,"turns":5},{"damage":1,"enemies":"2 Louse","floor":8,"turns":2},{"damage":4,"enemies":"Looter","floor":11,"turns":3},{"damage":0,"enemies":"3 Louse","floor":12,"turns":2},{"damage":72,"enemies":"Hexaghost","floor":16,"turns":12},{"damage":18,"enemies":"2 Thieves","floor":18,"turns":4},{"damage":16,"enemies":"Spheric Guardian","floor":20,"turns":4},{"damage":32,"enemies":"Shelled Parasite and Fungi","floor":21,"turns":6},{"damage":52,"enemies":"Gremlin Leader","floor":23,"turns":4}],"seed_played":"-768944575018310769","potions_obtained":[{"floor":1,"key":"Poison Potion"},{"floor":5,"key":"LiquidBronze"},{"floor":8,"key":"SteroidPotion"},{"floor":12,"key":"SteroidPotion"},{"floor":14,"key":"Weak Potion"},{"floor":17,"key":"PowerPotion"},{"floor":18,"key":"PowerPotion"}],"is_trial":false,"path_per_floor":["M","?","?","$","M","E","R","M","T","?","M","M","$","?","R","B",null,"M","$","M","M","$"],"character_chosen":"IRONCLAD","items_purchased":["Shrug It Off","Shrug It Off","Flex","Vajra"],"campfire_rested":1,"item_purchase_floors":[4,13,19,19],"current_hp_per_floor":[74,74,74,74,80,38,38,43,43,36,40,48,48,48,80,14,85,73,73,65,41,41,0],"gold":91,"neow_bonus":"ONE_RANDOM_RARE_CARD","is_prod":false,"is_daily":false,"chose_seed":false,"campfire_upgraded":1,"win_rate":0,"timestamp":1537815154,"path_taken":["M","?","?","$","M","E","R","M","T","?","M","M","?","?","R","BOSS","M","$","M","M","$","E"],"build_version":"2018-09-20","purchased_purges":1,"victory":false,"max_hp_per_floor":[80,80,80,80,80,80,80,80,80,80,80,80,80,80,80,80,85,85,85,85,85,85,85],"card_choices":[{"not_picked":["True Grit","Seeing Red"],"picked":"Thunderclap","floor":1},{"not_picked":["Ghostly Armor","Headbutt"],"picked":"Pommel Strike","floor":5},{"not_picked":["Ghostly Armor","Twin Strike"],"picked":"Body Slam","floor":6},{"not_picked":["Sentinel","Flex"],"picked":"Armaments","floor":8},{"not_picked":["Twin Strike","Infernal Blade"],"picked":"Armaments","floor":11},{"not_picked":["Rage","Clothesline"],"picked":"Shrug It Off","floor":12},{"not_picked":["Limit Break","Impervious"],"picked":"Juggernaut","floor":16},{"not_picked":["Dual Wield","Pommel Strike"],"picked":"Battle Trance","floor":17},{"not_picked":["True Grit","Twin Strike","Warcry"],"picked":"SKIP","floor":18},{"not_picked":["Reckless Charge+1","Rupture","Clothesline"],"picked":"SKIP","floor":20},{"not_picked":["Feel No Pain+1","Rampage","Pommel Strike"],"picked":"SKIP","floor":21}],"player_experience":404168,"relics_obtained":[{"floor":6,"key":"Regal Pillow"},{"floor":9,"key":"Mercury Hourglass"},{"floor":9,"key":"Blood Vial"}],"event_choices":[{"event_name":"Upgrade Shrine","player_choice":"Upgraded","floor":2,"damage_taken":0},{"event_name":"Big Fish","player_choice":"Box","floor":3,"damage_taken":0},{"event_name":"Golden Wing","player_choice":"Card Removal","floor":10,"damage_taken":0},{"event_name":"The Lab","player_choice":"Got Potions","floor":14,"damage_taken":0}],"is_beta":false,"boss_relics":[{"not_picked":["Runic Pyramid","White Beast Statue"],"picked":"Tiny House"}],"items_purged_floors":[4],"is_endless":false,"potions_floor_spawned":[1,5,8,12,18],"killed_by":"Gremlin Leader","ascension_level":2}