{"gold_per_floor":[114,114,39,52,68,68,88,88,88,88,102,118,128,158,158,258,258,274,303,303,273,188,188,204,104,130,130,5,5,5,15,15,111,111,122,171,21,32,132,132,157,173,173,173,173,173,184,203,203,203],"floor_reached":51,"playtime":1151,"items_purged":["Strike_R","Heavy Blade","Iron Wave","Pommel Strike"],"score":770,"play_id":"a0566d0b-fd0f-4cb7-8cd3-de530dffeeb9","local_time":"20180803004131","is_ascension_mode":false,"campfire_choices":[{"data":"Spot Weakness","floor":6,"key":"SMITH"},{"data":"Defend_R","floor":8,"key":"SMITH"},{"data":"Pommel Strike","floor":10,"key":"SMITH"},{"floor":15,"key":"REST"},{"data":"Whirlwind","floor":23,"key":"SMITH"},{"data":"Flex","floor":27,"key":"SMITH"},{"data":"Sword Boomerang","floor":29,"key":"SMITH"},{"data":"Battle Trance","floor":32,"key":"SMITH"},{"data":"Offering","floor":40,"key":"SMITH"},{"floor":44,"key":"REST"},{"data":"Seeing Red","floor":46,"key":"SMITH"},{"floor":49,"key":"REST"}],"neow_cost":"NONE","seed_source_timestamp":1959975304022485,"circlet_count":0,"master_deck":["Spot Weakness+1","Pommel Strike+1","Battle Trance+1","Sword Boomerang+1","Offering+1","Flex+1","Whirlwind+1","Seeing Red+1"],"relics":["Burning Blood","Bottled Flame","Ginger","Pandora\u0027s Box","Red Mask","Pear","Pen Nib","Empty Cage","Gambling Chip","Orichalcum","Art of War","Unceasing Top"],"potions_floor_usage":[12,13,14,19,50,50,50,50,50],"damage_taken":[{"damage":1,"enemies":"2 Louse","floor":1,"turns":3},{"damage":0,"enemies":"Small Slimes","floor":4,"turns":3},{"damage":11,"enemies":"Jaw Worm","floor":5,"turns":2},{"damage":10,"enemies":"Looter","floor":7,"turns":2},{"damage":19,"enemies":"2 Fungi Beasts","floor":11,"turns":3},{"damage":16,"enemies":"Exordium Wildlife","floor":12,"turns":4},{"damage":13,"enemies":"Gremlin Gang","floor":13,"turns":3},{"damage":10,"enemies":"Lagavulin","floor":14,"turns":3},{"damage":35,"enemies":"Slime Boss","floor":16,"turns":10},{"damage":5,"enemies":"Spheric Guardian","floor":18,"turns":2},{"damage":0,"floor":19,"turns":2},{"damage":11,"enemies":"Chosen","floor":24,"turns":3},{"damage":14,"enemies":"Centurion and Healer","floor":31,"turns":2},{"damage":23,"enemies":"Collector","floor":33,"turns":5},{"damage":5,"enemies":"3 Darklings","floor":35,"turns":1},{"damage":21,"floor":36,"turns":2},{"damage":16,"enemies":"Orb Walker","floor":38,"turns":2},{"damage":11,"enemies":"4 Shapes","floor":42,"turns":1},{"damage":47,"floor":45,"turns":3},{"damage":5,"enemies":"Spire Growth","floor":47,"turns":1},{"damage":5,"enemies":"Flame Bruiser 2 Orb","floor":48,"turns":2},{"damage":19,"enemies":"Donu and Deca","floor":50,"turns":2}],"seed_played":"5873867155113642756","potions_obtained":[{"floor":1,"key":"Block Potion"},{"floor":7,"key":"LiquidBronze"},{"floor":11,"key":"FearPotion"},{"floor":16,"key":"Explosive Potion"},{"floor":21,"key":"EssenceOfSteel"},{"floor":21,"key":"EntropicBrew"},{"floor":24,"key":"Explosive Potion"},{"floor":47,"key":"Energy Potion"}],"is_trial":false,"path_per_floor":["M","?","$","M","M","R","M","R","T","R","M","M","M","E","R","B",null,"M","?","?","?","?","R","M","$","T","R","$","R","$","M","R","B",null,"M","?","$","M","?","R","T","M","T","R","?","R","M","M","R","B"],"character_chosen":"IRONCLAD","items_purchased":[],"campfire_rested":3,"item_purchase_floors":[],"current_hp_per_floor":[80,80,80,80,75,75,71,71,71,71,58,48,41,37,61,32,80,80,80,65,65,75,75,70,70,70,70,70,70,70,62,62,45,95,95,80,80,70,70,70,70,65,65,93,52,52,53,54,82,69],"gold":203,"neow_bonus":"REMOVE_CARD","is_prod":false,"is_daily":false,"chose_seed":false,"campfire_upgraded":9,"win_rate":0,"timestamp":1533271291,"path_taken":["M","?","$","M","M","R","M","R","T","R","M","M","M","E","R","BOSS","M","?","?","?","?","R","M","$","T","R","$","R","$","?","R","BOSS","M","?","$","M","?","R","?","?","T","R","?","R","M","M","R","BOSS"],"build_version":"2018-08-02","purchased_purges":4,"victory":true,"max_hp_per_floor":[80,80,80,80,80,80,80,80,80,80,80,80,80,80,80,80,80,80,80,85,85,95,95,95,95,95,95,95,95,95,95,95,95,95,95,95,95,95,95,95,95,95,95,95,95,95,95,95,95,95],"card_choices":[{"not_picked":["Bloodletting","Sword Boomerang"],"picked":"Spot Weakness","floor":1},{"not_picked":["Clothesline","Body Slam"],"picked":"Pommel Strike","floor":4},{"not_picked":["Ghostly Armor","Havoc"],"picked":"Battle Trance","floor":5},{"not_picked":["Clothesline","Intimidate","Seeing Red"],"picked":"SKIP","floor":7},{"not_picked":["Spot Weakness","Rupture","Perfected Strike"],"picked":"SKIP","floor":11},{"not_picked":["Cleave","Ghostly Armor","Body Slam"],"picked":"SKIP","floor":12},{"not_picked":["Dark Embrace","Heavy Blade"],"picked":"Sword Boomerang","floor":13},{"not_picked":["Disarm","Entrench","Armaments"],"picked":"SKIP","floor":14},{"not_picked":["Immolate","Demon Form"],"picked":"Offering","floor":16},{"not_picked":["Reckless Charge+1","Power Through+1","Wild Strike+1"],"picked":"SKIP","floor":18},{"not_picked":["Uppercut","Twin Strike","Cleave"],"picked":"SKIP","floor":24},{"not_picked":["Rupture","Immolate","Sword Boomerang"],"picked":"SKIP","floor":31},{"not_picked":["Havoc+1","Rampage+1","Sword Boomerang+1"],"picked":"SKIP","floor":35},{"not_picked":["Pommel Strike+1","Ghostly Armor","Havoc"],"picked":"SKIP","floor":38},{"not_picked":["Cleave+1","Sword Boomerang","Metallicize"],"picked":"SKIP","floor":42},{"not_picked":["Clothesline+1","Perfected Strike+1"],"picked":"Seeing Red","floor":45},{"not_picked":["Rampage+1","Cleave+1","Headbutt"],"picked":"SKIP","floor":47},{"not_picked":["Rupture","Anger+1","Searing Blow+1"],"picked":"SKIP","floor":48}],"player_experience":333397,"relics_obtained":[{"floor":9,"key":"Bottled Flame"},{"floor":14,"key":"Ginger"},{"floor":19,"key":"Red Mask"},{"floor":26,"key":"Pen Nib"},{"floor":36,"key":"Gambling Chip"},{"floor":41,"key":"Orichalcum"},{"floor":43,"key":"Art of War"},{"floor":45,"key":"Unceasing Top"}],"event_choices":[{"event_name":"Living Wall","player_choice":"Forget","floor":2,"damage_taken":0},{"event_name":"Masked Bandits","player_choice":"Fought over 274 gold","floor":19,"damage_taken":0},{"event_name":"Forgotten Altar","player_choice":"Shed Blood","floor":20,"damage_taken":0},{"event_name":"The Woman in Blue","player_choice":"Bought 2 Potions","floor":21,"damage_taken":0},{"event_name":"Addict","player_choice":"Obtained Relic","floor":22,"damage_taken":0},{"event_name":"Mysterious Sphere","player_choice":"Fight","floor":36,"damage_taken":0},{"event_name":"Golden Shrine","player_choice":"Pray","floor":39,"damage_taken":0},{"event_name":"MindBloom","player_choice":"Fight","floor":45,"damage_taken":0}],"is_beta":false,"boss_relics":[{"not_picked":["Snecko Eye","Velvet Choker"],"picked":"Pandora\u0027s Box"},{"not_picked":["Runic Cube","Calling Bell"],"picked":"Empty Cage"}],"items_purged_floors":[3,25,28,37],"is_endless":false,"potions_floor_spawned":[1,7,11,16,24,31,35,47],"ascension_level":0}