{"gold_per_floor":[114,125,11,11,11,11,186,186,186,197,212,230,290,307,307,403,403,414,414,268,279,296,296],"floor_reached":23,"playtime":556,"items_purged":["Defend_R"],"score":193,"play_id":"47e89307-8237-456e-ae19-47cb15554a78","local_time":"20180805010831","is_ascension_mode":false,"campfire_choices":[{"data":"Perfected Strike","floor":6,"key":"SMITH"},{"data":"Carnage","floor":8,"key":"SMITH"},{"floor":15,"key":"REST"}],"neow_cost":"NONE","seed_source_timestamp":2135006760386067,"circlet_count":0,"master_deck":["Strike_R","Strike_R","Strike_R","Strike_R","Strike_R","Defend_R","Defend_R+1","Bash","Perfected Strike+1","Carnage+1","Doubt","Flex+1","Perfected Strike","Twin Strike","Flex+1","Sword Boomerang","Flex+1"],"relics":["Black Blood","Question Card","Pen Nib","Tiny Chest","Prayer Wheel","War Paint"],"potions_floor_usage":[14,14,16],"damage_taken":[{"damage":7,"enemies":"2 Louse","floor":1,"turns":3},{"damage":6,"enemies":"Cultist","floor":2,"turns":3},{"damage":11,"enemies":"Jaw Worm","floor":10,"turns":2},{"damage":19,"enemies":"3 Louse","floor":11,"turns":3},{"damage":12,"enemies":"Blue Slaver","floor":12,"turns":2},{"damage":31,"enemies":"Lagavulin","floor":13,"turns":5},{"damage":0,"enemies":"Red Slaver","floor":14,"turns":1},{"damage":53,"enemies":"Hexaghost","floor":16,"turns":8},{"damage":10,"enemies":"Chosen","floor":18,"turns":3},{"damage":12,"enemies":"Shell Parasite","floor":21,"turns":3},{"damage":15,"enemies":"Snecko","floor":22,"turns":3},{"damage":69,"enemies":"Slaver and Parasite","floor":23,"turns":6}],"seed_played":"-8280868331062892889","potions_obtained":[{"floor":1,"key":"Block Potion"},{"floor":12,"key":"SteroidPotion"},{"floor":13,"key":"Fire Potion"},{"floor":16,"key":"AttackPotion"}],"is_trial":false,"path_per_floor":["M","M","$","?","?","R","?","R","T","M","M","M","E","M","R","B",null,"M","T","$","M","M"],"character_chosen":"IRONCLAD","items_purchased":["Carnage","War Paint"],"campfire_rested":1,"item_purchase_floors":[3,20],"current_hp_per_floor":[79,79,79,76,76,76,76,76,76,71,58,52,27,33,57,10,80,80,80,80,78,73,4],"gold":296,"neow_bonus":"THREE_CARDS","is_prod":false,"is_daily":false,"chose_seed":false,"campfire_upgraded":2,"win_rate":0,"timestamp":1533445711,"path_taken":["M","M","$","?","?","R","?","R","T","M","M","M","E","M","R","BOSS","M","?","$","?","M","M"],"build_version":"2018-08-02","purchased_purges":1,"victory":false,"max_hp_per_floor":[80,80,80,80,80,80,80,80,80,80,80,80,80,80,80,80,80,80,80,80,80,80,80],"card_choices":[{"not_picked":["Dropkick","Twin Strike"],"picked":"Perfected Strike","floor":1},{"not_picked":["Feel No Pain","Iron Wave","Burning Pact"],"picked":"SKIP","floor":2},{"not_picked":["Shrug It Off","Body Slam","Wild Strike"],"picked":"Flex","floor":10},{"not_picked":["Havoc","Sword Boomerang","Barricade","Fire Breathing"],"picked":"SKIP","floor":11},{"not_picked":["Clothesline","Power Through","Heavy Blade","Second Wind"],"picked":"SKIP","floor":12},{"not_picked":["Battle Trance","Intimidate","Infernal Blade"],"picked":"Perfected Strike","floor":13},{"not_picked":["Intimidate","Whirlwind","Anger"],"picked":"Twin Strike","floor":14},{"not_picked":["Twin Strike","Shockwave","Inflame"],"picked":"Flex+1","floor":18},{"not_picked":["Entrench","Warcry+1","Searing Blow+1","Rupture"],"picked":"SKIP","floor":21},{"not_picked":["Metallicize","Intimidate+1","Armaments","Burning Pact"],"picked":"SKIP","floor":21},{"not_picked":["Perfected Strike","Sever Soul","Inflame"],"picked":"Sword Boomerang","floor":22},{"not_picked":["Clothesline","Corruption","Shrug It Off"],"picked":"Flex+1","floor":22}],"player_experience":338225,"relics_obtained":[{"floor":9,"key":"Pen Nib"},{"floor":13,"key":"Tiny Chest"},{"floor":19,"key":"Prayer Wheel"}],"event_choices":[{"event_name":"Scrap Ooze","player_choice":"success","floor":4,"damage_taken":3},{"event_name":"Living Wall","player_choice":"Forget","floor":5,"damage_taken":0},{"event_name":"Liars Game","player_choice":"agreed","floor":7,"damage_taken":0}],"is_beta":false,"boss_relics":[{"not_picked":["Pandora\u0027s Box","Astrolabe"],"picked":"Black Blood"}],"items_purged_floors":[3],"is_endless":false,"potions_floor_spawned":[1,12,13,16],"killed_by":"Slaver and Parasite","ascension_level":0}