{"gold_per_floor":[113,188,199,217,217,217,236,269,322,322,322],"floor_reached":11,"playtime":356,"items_purged":[],"score":73,"play_id":"e96bf72c-aaf6-4940-81f6-f4abb78b1cfa","local_time":"20180709095243","is_ascension_mode":false,"campfire_choices":[{"data":"Chaos","floor":6,"key":"SMITH"}],"neow_cost":"TEN_PERCENT_HP_LOSS","seed_source_timestamp":1584112552481860,"circlet_count":0,"master_deck":["Strike_B","Strike_B","Strike_B","Strike_B","Defend_B","Defend_B","Zap","Dualcast+1","Stack","Conserve Battery","Chaos+1","Ball Lightning","Injury"],"relics":["Cracked Core","Du-Vu Doll","Bag of Preparation","Pen Nib"],"potions_floor_usage":[8,8],"damage_taken":[{"damage":12,"enemies":"2 Louse","floor":1,"turns":3},{"damage":0,"enemies":"Cultist","floor":3,"turns":3},{"damage":10,"enemies":"Small Slimes","floor":4,"turns":2},{"damage":19,"enemies":"Exordium Thugs","floor":7,"turns":4},{"damage":15,"enemies":"Lagavulin","floor":8,"turns":4},{"damage":0,"enemies":"Gremlin Gang","floor":11,"turns":1}],"seed_played":"-4629715168757458122","potions_obtained":[{"floor":1,"key":"AttackPotion"},{"floor":7,"key":"Swift Potion"},{"floor":8,"key":"Swift Potion"}],"is_trial":false,"path_per_floor":["M","?","M","M","T","R","M","E","T","?"],"character_chosen":"DEFECT","items_purchased":[],"campfire_rested":0,"item_purchase_floors":[],"current_hp_per_floor":[56,50,50,40,40,40,21,6,6,6,6],"gold":322,"neow_bonus":"TRANSFORM_TWO_CARDS","is_prod":false,"is_daily":false,"chose_seed":false,"campfire_upgraded":1,"win_rate":0.0,"timestamp":1531144363,"path_taken":["M","?","?","M","?","R","?","E","T","?","M"],"build_version":"2018-07-05","purchased_purges":0,"victory":false,"max_hp_per_floor":[68,68,68,68,68,68,68,68,68,68,68],"card_choices":[{"not_picked":["Stack","Sweeping Beam"],"picked":"Chaos","floor":1},{"not_picked":["Tempest","Rip and Tear"],"picked":"Ball Lightning","floor":3},{"not_picked":["Rebound","Hello World","Leap"],"picked":"SKIP","floor":4},{"not_picked":["Redo","Buffer","Go for the Eyes"],"picked":"SKIP","floor":7},{"not_picked":["Stack","Genetic Algorithm","White Noise"],"picked":"SKIP","floor":8}],"player_experience":136614,"relics_obtained":[{"floor":5,"key":"Du-Vu Doll"},{"floor":8,"key":"Bag of Preparation"},{"floor":9,"key":"Pen Nib"}],"event_choices":[{"event_name":"FaceTrader","player_choice":"Touch","floor":2,"damage_taken":0},{"event_name":"Accursed Blacksmith","player_choice":"Forge","floor":10,"damage_taken":0}],"boss_relics":[],"items_purged_floors":[],"is_endless":false,"potions_floor_spawned":[1,7,8],"killed_by":"Gremlin Gang","ascension_level":0}