{"gold_per_floor":[113,38,48,48,48,77,30,50,120,120,134,196,216,116,116,212,212,230,105,57,72,84,84,14,14,38,69,85,110,124,26,26,26],"floor_reached":33,"playtime":3146,"items_purged":["Parasite","Regret","Havoc+1"],"score":285,"play_id":"9d1298f5-b584-469f-8758-6e125b96a06b","local_time":"20180728160311","is_ascension_mode":false,"campfire_choices":[{"data":"Flex","floor":10.0,"key":"SMITH"},{"floor":15.0,"key":"REST"},{"floor":23.0,"key":"REST"},{"floor":32,"key":"REST"}],"neow_cost":"CURSE","seed_source_timestamp":0,"circlet_count":0,"master_deck":["Strike_R+1","Strike_R+1","Strike_R","Strike_R","Defend_R","Defend_R","Bash","Pommel Strike","Shrug It Off","Pommel Strike","Flex+1","Thunderclap","Inflame","Rage+1","Pommel Strike+1","Thunderclap+1","Flex","Inflame"],"special_seed":0,"relics":["Burning Blood","Gambling Chip","Orichalcum","Blood Vial","Ornamental Fan","Whetstone","Astrolabe","Omamori","Meat on the Bone","Lantern"],"potions_floor_usage":[27,28,33,33,33],"damage_taken":[{"damage":14.0,"enemies":"2 Louse","floor":1.0,"turns":3.0},{"damage":10.0,"enemies":"Small Slimes","floor":3.0,"turns":3.0},{"damage":16.0,"enemies":"Gremlin Nob","floor":6.0,"turns":5.0},{"damage":5.0,"enemies":"Jaw Worm","floor":8.0,"turns":2.0},{"damage":10.0,"enemies":"Large Slime","floor":11.0,"turns":2.0},{"damage":29.0,"enemies":"Lagavulin Event","floor":12.0,"turns":5.0},{"damage":6.0,"enemies":"Blue Slaver","floor":13.0,"turns":3.0},{"damage":54.0,"enemies":"The Guardian","floor":16.0,"turns":9.0},{"damage":10.0,"enemies":"3 Byrds","floor":18.0,"turns":5.0},{"damage":15.0,"enemies":"2 Thieves","floor":21.0,"turns":3.0},{"damage":26.0,"enemies":"Snake Plant","floor":22.0,"turns":4.0},{"damage":65,"enemies":"Book of Stabbing","floor":27,"turns":6},{"damage":12,"enemies":"Chosen and Byrds","floor":28,"turns":5},{"damage":17,"enemies":"Slavers","floor":29,"turns":4},{"damage":11,"enemies":"3 Cultists","floor":30,"turns":5},{"damage":61,"enemies":"Automaton","floor":33,"turns":6}],"seed_played":"2837926258985307502","potions_obtained":[{"floor":1.0,"key":"LiquidBronze"},{"floor":6.0,"key":"SteroidPotion"},{"floor":8.0,"key":"Energy Potion"},{"floor":13.0,"key":"SteroidPotion"},{"floor":22.0,"key":"Block Potion"},{"floor":27,"key":"SteroidPotion"},{"floor":29,"key":"LiquidBronze"}],"is_trial":false,"path_per_floor":["M","$","M","?","?","E","$","M","T","R","M","?","M","$","R","B",null,"M","$","$","M","M","R","$","$","T","E","M","E","M","$","R"],"character_chosen":"IRONCLAD","items_purchased":["Flex","Flex","Inflame","Block Potion","PowerPotion"],"campfire_rested":3,"item_purchase_floors":[7,20,24,31,31],"current_hp_per_floor":[72,72,68,68,68,58,58,61,61,61,59,38,40,40,63,17,77,73,73,73,66,48,71,71,71,71,14,22,25,34,34,57,0],"gold":26,"neow_bonus":"ONE_RARE_RELIC","is_prod":false,"is_daily":false,"chose_seed":false,"campfire_upgraded":1,"win_rate":0,"timestamp":1532808191,"path_taken":["M","$","M","?","?","E","$","M","T","R","?","?","M","$","R","BOSS","M","?","$","M","M","R","$","?","T","E","M","E","M","$","R","BOSS"],"build_version":"2018-07-26","purchased_purges":3,"victory":false,"max_hp_per_floor":[80,77,77,77,77,77,77,77,77,77,77,77,77,77,77,77,77,77,77,77,77,77,77,77,77,77,77,77,77,77,77,77,77],"card_choices":[{"not_picked":["Iron Wave","Sever Soul"],"picked":"Pommel Strike","floor":1.0},{"not_picked":["Burning Pact","Impervious"],"picked":"Shrug It Off","floor":3.0},{"not_picked":["Twin Strike","Shockwave"],"picked":"Pommel Strike","floor":6.0},{"not_picked":["Headbutt","Anger","Clash"],"picked":"SKIP","floor":8.0},{"not_picked":["Iron Wave","Body Slam"],"picked":"Thunderclap","floor":11.0},{"not_picked":["Heavy Blade","Shrug It Off"],"picked":"Inflame","floor":12.0},{"not_picked":["Corruption","Clash","Cleave"],"picked":"SKIP","floor":13.0},{"not_picked":["Clothesline","Seeing Red"],"picked":"Thunderclap+1","floor":18.0},{"not_picked":["Wild Strike","Perfected Strike","Sever Soul"],"picked":"SKIP","floor":21.0},{"not_picked":["Entrench","Shrug It Off","Dropkick+1"],"picked":"SKIP","floor":22.0},{"not_picked":["Clothesline","Bloodletting+1","Double Tap"],"picked":"SKIP","floor":27},{"not_picked":["Clash","Clothesline","Whirlwind"],"picked":"SKIP","floor":28},{"not_picked":["Anger","Sentinel","Berserk"],"picked":"SKIP","floor":29},{"not_picked":["Wild Strike","Heavy Blade+1","Warcry"],"picked":"SKIP","floor":30}],"player_experience":278211,"relics_obtained":[{"floor":6.0,"key":"Blood Vial"},{"floor":9.0,"key":"Ornamental Fan"},{"floor":12.0,"key":"Whetstone"},{"floor":26,"key":"Omamori"},{"floor":27,"key":"Meat on the Bone"},{"floor":29,"key":"Lantern"}],"event_choices":[{"event_name":"The Cleric","player_choice":"Leave","floor":4.0,"damage_taken":0.0},{"event_name":"Big Fish","player_choice":"Box","floor":5.0,"damage_taken":0.0},{"event_name":"Dead Adventurer","player_choice":"Searched \u00271\u0027 times","floor":12.0,"damage_taken":0.0}],"is_beta":false,"boss_relics":[{"not_picked":["Orrery","Runic Pyramid"],"picked":"Astrolabe"}],"items_purged_floors":[2,14,19],"is_endless":false,"potions_floor_spawned":[1,6,8,12,13,22,27,29],"killed_by":"Automaton","ascension_level":0}