{"gold_per_floor":[115,115,52,52,52,82,99,112,112,112,131,148,8,8,8,103,103,123,303,319,319,336,336,353,353,377,377,403,18,33,33,33,33],"floor_reached":33,"playtime":967,"items_purged":["Regret"],"score":319,"play_id":"b3ef7575-2c2e-45cd-812e-7de5020f9fcd","local_time":"20180921153825","is_ascension_mode":true,"campfire_choices":[{"data":"Cleave","floor":10,"key":"SMITH"},{"floor":15,"key":"REST"},{"floor":23,"key":"REST"},{"floor":25,"key":"REST"},{"data":"Offering","floor":27,"key":"SMITH"},{"floor":32,"key":"REST"}],"neow_cost":"NONE","seed_source_timestamp":15787452675187,"circlet_count":0,"master_deck":["Defend_R","Defend_R","Bash+1","Demon Form","Cleave+1","Rampage","Burning Pact+1","Offering+1","Sword Boomerang","Bite","Bite","Bite","Bite","Bite","Thunderclap+1","Pommel Strike","Offering"],"relics":["Burning Blood","MawBank","Pear","Anchor","Empty Cage","Bag of Preparation","Unceasing Top","Strawberry"],"potions_floor_usage":[8,16,16,22,24,28,28,30],"damage_taken":[{"damage":18,"enemies":"Small Slimes","floor":1,"turns":3},{"damage":8,"enemies":"2 Louse","floor":4,"turns":2},{"damage":27,"enemies":"Gremlin Nob","floor":6,"turns":5},{"damage":5,"enemies":"Cultist","floor":7,"turns":4},{"damage":9,"enemies":"Large Slime","floor":8,"turns":4},{"damage":16,"enemies":"Blue Slaver","floor":11,"turns":3},{"damage":0,"enemies":"3 Louse","floor":12,"turns":2},{"damage":58,"enemies":"Hexaghost","floor":16,"turns":5},{"damage":39,"enemies":"Spheric Guardian","floor":18,"turns":4},{"damage":8,"enemies":"Chosen","floor":20,"turns":3},{"damage":30,"enemies":"Snake Plant","floor":22,"turns":4},{"damage":22,"enemies":"Centurion and Healer","floor":24,"turns":5},{"damage":50,"enemies":"Slavers","floor":28,"turns":3},{"damage":56,"enemies":"Sentry and Sphere","floor":30,"turns":5},{"damage":44,"enemies":"Collector","floor":33,"turns":3}],"seed_played":"-7870409792663341178","potions_obtained":[{"floor":7,"key":"Block Potion"},{"floor":12,"key":"SteroidPotion"},{"floor":16,"key":"FearPotion"},{"floor":18,"key":"PowerPotion"},{"floor":24,"key":"Poison Potion"}],"is_trial":false,"path_per_floor":["M","?","$","M","?","E","M","M","T","R","M","M","$","?","R","B",null,"M","?","M","?","M","R","M","R","T","R","E","$","M","$","R"],"character_chosen":"IRONCLAD","items_purchased":["Burning Pact","AttackPotion","AttackPotion","Regen Potion","Offering","Strawberry"],"campfire_rested":4,"item_purchase_floors":[13,13,13,29,29,29],"current_hp_per_floor":[68,68,68,66,66,55,56,53,53,53,43,49,49,49,76,24,90,57,30,28,28,18,36,36,54,54,54,18,25,11,11,32,0],"gold":33,"neow_bonus":"ONE_RANDOM_RARE_CARD","is_prod":false,"is_daily":false,"chose_seed":false,"campfire_upgraded":2,"win_rate":0,"timestamp":1537558705,"path_taken":["M","?","$","?","?","E","M","M","T","R","M","M","?","?","R","BOSS","M","?","?","?","M","R","M","R","T","R","E","$","M","$","R","BOSS"],"build_version":"2018-09-20","purchased_purges":1,"victory":false,"max_hp_per_floor":[80,80,80,80,80,90,90,90,90,90,90,90,90,90,90,90,90,90,90,90,63,63,63,63,63,63,63,63,70,70,70,70,70],"card_choices":[{"not_picked":["Body Slam","Power Through","Hemokinesis"],"picked":"SKIP","floor":1},{"not_picked":["Entrench","Ghostly Armor","Combust"],"picked":"SKIP","floor":4},{"not_picked":["Headbutt","Disarm"],"picked":"Cleave","floor":6},{"not_picked":["Anger","Power Through","Intimidate"],"picked":"SKIP","floor":7},{"not_picked":["Body Slam","Power Through","Heavy Blade"],"picked":"SKIP","floor":8},{"not_picked":["Havoc","Wild Strike"],"picked":"Rampage","floor":11},{"not_picked":["Clothesline","True Grit","Heavy Blade"],"picked":"SKIP","floor":12},{"not_picked":["Barricade","Reaper"],"picked":"Offering","floor":16},{"not_picked":["Corruption+1","Rampage+1"],"picked":"Sword Boomerang","floor":18},{"not_picked":["Cleave+1","Heavy Blade+1","Clash"],"picked":"SKIP","floor":20},{"not_picked":["Rampage+1","Inflame"],"picked":"Thunderclap+1","floor":22},{"not_picked":["Clash","Cleave"],"picked":"Pommel Strike","floor":24},{"not_picked":["Twin Strike","Sentinel+1","Iron Wave"],"picked":"SKIP","floor":28},{"not_picked":["Heavy Blade","Body Slam+1","Twin Strike+1"],"picked":"SKIP","floor":30}],"player_experience":375879,"relics_obtained":[{"floor":6,"key":"Pear"},{"floor":9,"key":"Anchor"},{"floor":26,"key":"Bag of Preparation"},{"floor":28,"key":"Unceasing Top"}],"event_choices":[{"event_name":"Big Fish","player_choice":"Box","floor":2,"damage_taken":0},{"event_name":"Living Wall","player_choice":"Grow","floor":5,"damage_taken":0},{"event_name":"Accursed Blacksmith","player_choice":"Forge","floor":14,"damage_taken":0},{"event_name":"Knowing Skull","player_choice":"GOLD GOLD ","floor":19,"damage_taken":0},{"event_name":"Vampires","player_choice":"Became a vampire","floor":21,"damage_taken":0}],"is_beta":false,"boss_relics":[{"not_picked":["Snecko Eye","Lizard Tail"],"picked":"Empty Cage"}],"items_purged_floors":[3],"is_endless":false,"potions_floor_spawned":[4,7,12,16,18,20,24],"killed_by":"Collector","ascension_level":2}