{"gold_per_floor":[367,442,457,132,151,151,326,336,336,336,352,352,352,369,369,474,474,492,567,579,35,47,73,73,93,142,152,167,167,15,15,15,115,115,128,3,3,0,0,0,13,30,54,67,67,67,87,102,102,102],"floor_reached":50,"playtime":1131,"items_purged":["Defend_R","Doubt","Defend_R"],"score":556,"play_id":"09756a6f-7568-435a-a535-549874583e77","local_time":"20180926141929","is_ascension_mode":true,"campfire_choices":[{"data":"Perfected Strike","floor":6,"key":"SMITH"},{"data":"Perfected Strike","floor":12,"key":"SMITH"},{"data":"Twin Strike","floor":15,"key":"SMITH"},{"floor":24,"key":"REST"},{"data":"Seeing Red","floor":29,"key":"SMITH"},{"floor":32,"key":"REST"},{"data":"Pommel Strike","floor":40,"key":"SMITH"},{"data":"Madness","floor":46,"key":"SMITH"},{"data":"Madness","floor":49,"key":"SMITH"}],"neow_cost":"TEN_PERCENT_HP_LOSS","seed_source_timestamp":442895180903726,"circlet_count":0,"master_deck":["Strike_R","Strike_R","Strike_R","Strike_R","Strike_R","Defend_R","Defend_R","Bash","Twin Strike+1","Seeing Red+1","Perfected Strike+1","Perfected Strike+1","Pommel Strike+1","Whirlwind+1","Twin Strike+1","Madness+1","Madness+1"],"relics":["Burning Blood","Anchor","Bag of Preparation","Busted Crown","Turnip","Regal Pillow","Meat on the Bone","Ancient Tea Set","Pen Nib","Nilry\u0027s Codex","Coffee Dripper","Red Mask","Lantern"],"potions_floor_usage":[13,16,16,22,22,27,33,48,48,50],"damage_taken":[{"damage":19,"enemies":"Jaw Worm","floor":1,"turns":3},{"damage":0,"enemies":"Small Slimes","floor":3,"turns":2},{"damage":7,"enemies":"2 Louse","floor":5,"turns":3},{"damage":20,"enemies":"Gremlin Gang","floor":8,"turns":4},{"damage":0,"enemies":"2 Fungi Beasts","floor":11,"turns":2},{"damage":0,"enemies":"3 Louse","floor":13,"turns":1},{"damage":1,"enemies":"Looter","floor":14,"turns":2},{"damage":51,"enemies":"Hexaghost","floor":16,"turns":7},{"damage":18,"enemies":"2 Thieves","floor":18,"turns":3},{"damage":0,"enemies":"Spheric Guardian","floor":20,"turns":1},{"damage":16,"enemies":"3 Cultists","floor":22,"turns":4},{"damage":36,"enemies":"Book of Stabbing","floor":23,"turns":4},{"damage":14,"enemies":"Snake Plant","floor":25,"turns":2},{"damage":13,"enemies":"Centurion and Healer","floor":27,"turns":3},{"damage":6,"enemies":"Sentry and Sphere","floor":28,"turns":3},{"damage":55,"enemies":"Collector","floor":33,"turns":4},{"damage":8,"enemies":"3 Darklings","floor":35,"turns":3},{"damage":0,"enemies":"Orb Walker","floor":41,"turns":1},{"damage":18,"enemies":"3 Darklings","floor":42,"turns":4},{"damage":3,"enemies":"Spire Growth","floor":44,"turns":2},{"damage":0,"enemies":"4 Shapes","floor":47,"turns":2},{"damage":38,"enemies":"Transient","floor":48,"turns":5},{"damage":45,"enemies":"Donu and Deca","floor":50,"turns":3}],"seed_played":"-719457796312009323","potions_obtained":[{"floor":8,"key":"SmokeBomb"},{"floor":11,"key":"LiquidBronze"},{"floor":14,"key":"Energy Potion"},{"floor":18,"key":"SkillPotion"},{"floor":20,"key":"PowerPotion"},{"floor":25,"key":"Regen Potion"},{"floor":28,"key":"PowerPotion"},{"floor":41,"key":"SkillPotion"},{"floor":44,"key":"EssenceOfSteel"},{"floor":48,"key":"Swift Potion"}],"is_trial":false,"path_per_floor":["M","?","M","$","M","R","?","M","T","?","M","R","M","M","R","B",null,"M","?","M","$","M","E","R","M","T","M","M","R","$","?","R","B",null,"M","$","?","?","$","R","M","M","T","M","?","R","M","M","R"],"character_chosen":"IRONCLAD","items_purchased":["Perfected Strike","Spot Weakness","Anchor","Turnip","Regal Pillow","Pen Nib"],"campfire_rested":2,"item_purchase_floors":[4,4,4,21,21,30],"current_hp_per_floor":[59,48,54,54,53,53,53,39,39,39,45,45,51,56,56,11,72,60,53,59,59,49,19,55,47,47,49,49,49,49,33,69,32,72,70,70,70,70,70,70,72,60,60,63,54,54,60,40,40,0],"gold":102,"neow_bonus":"TWO_FIFTY_GOLD","is_prod":false,"is_daily":false,"chose_seed":false,"campfire_upgraded":7,"win_rate":0,"timestamp":1537985969,"path_taken":["M","?","M","$","M","R","?","M","T","?","M","R","?","M","R","BOSS","M","?","M","$","M","E","R","M","T","M","M","R","$","?","R","BOSS","M","$","?","?","$","R","M","M","T","M","?","R","M","M","R","BOSS"],"build_version":"2018-09-20","purchased_purges":3,"victory":false,"max_hp_per_floor":[72,72,72,72,72,72,72,72,72,72,72,72,72,72,72,72,72,72,72,72,72,72,72,72,72,72,72,72,72,72,72,72,72,72,72,72,72,72,72,72,72,72,72,72,72,72,72,72,72,72],"card_choices":[{"not_picked":["Armaments","Flame Barrier"],"picked":"Twin Strike","floor":1},{"not_picked":["Corruption","Wild Strike"],"picked":"Seeing Red","floor":3},{"not_picked":["True Grit","Thunderclap"],"picked":"Perfected Strike","floor":5},{"not_picked":["Headbutt","Sword Boomerang"],"picked":"Pommel Strike","floor":8},{"not_picked":["Sword Boomerang","Immolate","Corruption"],"picked":"SKIP","floor":11},{"not_picked":["Anger","Cleave","Shrug It Off"],"picked":"SKIP","floor":14},{"not_picked":["Cleave+1"],"picked":"SKIP","floor":18},{"not_picked":["Armaments+1"],"picked":"SKIP","floor":20},{"not_picked":["Thunderclap"],"picked":"SKIP","floor":22},{"not_picked":[],"picked":"Whirlwind+1","floor":23},{"not_picked":["Thunderclap+1"],"picked":"SKIP","floor":25},{"not_picked":[],"picked":"Twin Strike+1","floor":27},{"not_picked":["Havoc"],"picked":"SKIP","floor":28},{"not_picked":["Clash"],"picked":"SKIP","floor":35},{"not_picked":["Body Slam"],"picked":"SKIP","floor":41},{"not_picked":["Warcry"],"picked":"SKIP","floor":42},{"not_picked":["Sword Boomerang+1"],"picked":"SKIP","floor":44},{"not_picked":["Hemokinesis+1"],"picked":"SKIP","floor":47},{"not_picked":["Combust+1"],"picked":"SKIP","floor":48}],"player_experience":421184,"relics_obtained":[{"floor":9,"key":"Bag of Preparation"},{"floor":23,"key":"Meat on the Bone"},{"floor":26,"key":"Ancient Tea Set"},{"floor":31,"key":"Nilry\u0027s Codex"},{"floor":43,"key":"Lantern"}],"event_choices":[{"event_name":"World of Goop","player_choice":"Gather Gold","floor":2,"damage_taken":0},{"event_name":"Liars Game","player_choice":"agreed","floor":7,"damage_taken":0},{"event_name":"Dead Adventurer","player_choice":"Searched \u00271\u0027 times","floor":10,"damage_taken":0},{"event_name":"FaceTrader","player_choice":"Touch","floor":19,"damage_taken":0},{"event_name":"Cursed Tome","player_choice":"Obtained Book","floor":31,"damage_taken":0},{"event_name":"Falling","player_choice":"Removed Skill","floor":37,"damage_taken":0},{"event_name":"Tomb of Lord Red Mask","player_choice":"Paid","floor":38,"damage_taken":0},{"event_name":"Winding Halls","player_choice":"Embrace Madness","floor":45,"damage_taken":0}],"is_beta":false,"boss_relics":[{"not_picked":["Runic Dome","Black Star"],"picked":"Busted Crown"},{"not_picked":["Mark of Pain","White Beast Statue"],"picked":"Coffee Dripper"}],"items_purged_floors":[4,21,36],"is_endless":false,"potions_floor_spawned":[8,11,14,18,20,25,28,41,44,48],"killed_by":"Donu and Deca","ascension_level":2}