{"gold_per_floor":[117,128,139,156,156,156,189,208,208,40,54,116,136,157,157,256,256,274,294,294,311,326,326,326,359,427,427,447,472,472],"floor_reached":30,"playtime":2943,"items_purged":["Injury"],"score":317,"play_id":"9d8fa88a-f252-47c8-ae59-d2b0f2312761","local_time":"20190318231921","is_ascension_mode":true,"campfire_choices":[{"data":"Carnage","floor":6,"key":"SMITH"},{"data":"Armaments","floor":15,"key":"SMITH"},{"floor":23,"key":"DIG"},{"data":"Barricade","floor":27,"key":"SMITH"}],"neow_cost":"CURSE","seed_source_timestamp":41314547629600,"circlet_count":0,"master_deck":["Strike_R+1","Strike_R+1","Strike_R+1","Strike_R+1","Strike_R+1","Defend_R+1","Defend_R+1","Defend_R+1","Defend_R+1","Bash","Carnage+1","Evolve","Power Through","Iron Wave","Metallicize","Shrug It Off","Shrug It Off","Second Wind","Armaments+1","Battle Trance","Barricade+1","Power Through","Power Through","Offering","Entrench","True Grit+1","J.A.X.","Fiend Fire"],"relics":["Burning Blood","Shovel","Red Skull","Strawberry","Tiny Chest","Odd Mushroom","Orrery","Paper Frog","StoneCalendar","Pantograph","Juzu Bracelet"],"potions_floor_usage":[16,16,25],"damage_taken":[{"damage":2,"enemies":"2 Louse","floor":1,"turns":2},{"damage":6,"enemies":"Cultist","floor":2,"turns":4},{"damage":1,"enemies":"Small Slimes","floor":3,"turns":3},{"damage":15,"enemies":"3 Louse","floor":4,"turns":4},{"damage":35,"enemies":"Lagavulin","floor":7,"turns":6},{"damage":6,"enemies":"Blue Slaver","floor":8,"turns":3},{"damage":7,"enemies":"Exordium Wildlife","floor":11,"turns":4},{"damage":12,"enemies":"3 Sentries","floor":12,"turns":6},{"damage":0,"enemies":"Large Slime","floor":13,"turns":4},{"damage":7,"enemies":"The Mushroom Lair","floor":14,"turns":4},{"damage":11,"enemies":"Slime Boss","floor":16,"turns":10},{"damage":15,"enemies":"Spheric Guardian","floor":18,"turns":11},{"damage":13,"enemies":"Shell Parasite","floor":19,"turns":11},{"damage":1,"enemies":"Centurion and Healer","floor":21,"turns":11},{"damage":14,"enemies":"Shelled Parasite and Fungi","floor":22,"turns":21},{"damage":39,"enemies":"Book of Stabbing","floor":25,"turns":13},{"damage":22,"enemies":"Snecko","floor":28,"turns":7},{"damage":16,"enemies":"Sentry and Sphere","floor":30,"turns":2}],"seed_played":"5600989333139228933","potions_obtained":[{"floor":2,"key":"EssenceOfSteel"},{"floor":8,"key":"Dexterity Potion"},{"floor":12,"key":"Poison Potion"},{"floor":13,"key":"PowerPotion"},{"floor":19,"key":"EssenceOfSteel"},{"floor":21,"key":"SneckoOil"}],"is_trial":false,"path_per_floor":["?","M","?","?","?","T"],"character_chosen":"IRONCLAD","items_purchased":["Metallicize","Shrug It Off"],"campfire_rested":0,"item_purchase_floors":[10,10],"current_hp_per_floor":[80,80,80,71,71,71,42,42,49,49,48,42,48,47,47,42,84,75,68,68,73,65,65,65,32,32,32,16,16,0],"gold":472,"neow_bonus":"ONE_RARE_RELIC","is_prod":false,"is_daily":false,"chose_seed":false,"campfire_upgraded":3,"win_rate":0,"timestamp":1552965561,"path_taken":["M","M","M","M","?","R","E","M","T","$","?","E","M","?","R","BOSS","M","M","?","M","M","R","?","E","T","R","M","?","M"],"build_version":"2019-01-23","purchased_purges":1,"victory":false,"max_hp_per_floor":[80,80,80,80,77,77,77,77,84,84,84,84,84,84,84,84,84,84,84,84,84,84,84,84,84,84,84,84,84,84],"card_choices":[{"not_picked":["Perfected Strike","Sentinel","Rupture"],"picked":"SKIP","floor":1},{"not_picked":["Shrug It Off","Warcry"],"picked":"Carnage","floor":2},{"not_picked":["Wild Strike","Shockwave"],"picked":"Evolve","floor":3},{"not_picked":["Second Wind","Searing Blow","Clothesline"],"picked":"SKIP","floor":4},{"not_picked":["Sever Soul","Burning Pact"],"picked":"Power Through","floor":7},{"not_picked":["Perfected Strike","Intimidate"],"picked":"Iron Wave","floor":8},{"not_picked":["Second Wind","Clothesline"],"picked":"Shrug It Off","floor":11},{"not_picked":["Sever Soul","Spot Weakness"],"picked":"Second Wind","floor":12},{"not_picked":["Combust","Battle Trance"],"picked":"Armaments","floor":13},{"not_picked":["Warcry","Rupture"],"picked":"Battle Trance","floor":14},{"not_picked":["Bludgeon","Berserk"],"picked":"Barricade","floor":16},{"not_picked":["Entrench","Dropkick"],"picked":"Power Through","floor":17},{"not_picked":["Evolve","Headbutt"],"picked":"Power Through","floor":17},{"not_picked":["Thunderclap+1","Iron Wave"],"picked":"Offering","floor":18},{"not_picked":["Heavy Blade","Twin Strike"],"picked":"Entrench","floor":19},{"not_picked":["Seeing Red","Thunderclap+1"],"picked":"True Grit+1","floor":21},{"not_picked":["Perfected Strike","Shrug It Off","Iron Wave+1"],"picked":"SKIP","floor":22},{"not_picked":["Armaments","Infernal Blade","Warcry"],"picked":"SKIP","floor":25},{"not_picked":["Warcry+1","Headbutt"],"picked":"Fiend Fire","floor":28}],"player_experience":225849,"relics_obtained":[{"floor":7,"key":"Red Skull"},{"floor":9,"key":"Strawberry"},{"floor":12,"key":"Tiny Chest"},{"floor":14,"key":"Odd Mushroom"},{"floor":23,"key":"Paper Frog"},{"floor":25,"key":"StoneCalendar"},{"floor":26,"key":"Pantograph"},{"floor":29,"key":"Juzu Bracelet"}],"event_choices":[{"damage_healed":0,"gold_gain":0,"cards_transformed":["Parasite"],"player_choice":"Transformed","damage_taken":0,"max_hp_gain":0,"max_hp_loss":0,"event_name":"Transmorgrifier","floor":5,"gold_loss":0,"cards_obtained":["Injury"]},{"damage_healed":0,"gold_gain":0,"player_choice":"Fought Mushrooms","damage_taken":0,"max_hp_gain":0,"max_hp_loss":0,"event_name":"Mushrooms","floor":14,"gold_loss":0},{"damage_healed":0,"gold_gain":0,"player_choice":"Simplicity","damage_taken":0,"max_hp_gain":0,"max_hp_loss":0,"event_name":"Back to Basics","floor":20,"gold_loss":0,"cards_upgraded":["Strike_R","Strike_R","Strike_R","Strike_R","Strike_R","Defend_R","Defend_R","Defend_R","Defend_R"]},{"damage_healed":0,"gold_gain":0,"player_choice":"Obtain J.A.X.","damage_taken":0,"max_hp_gain":0,"max_hp_loss":0,"event_name":"Drug Dealer","floor":24,"gold_loss":0,"cards_obtained":["J.A.X."]}],"is_beta":false,"boss_relics":[{"not_picked":["Astrolabe","Pandora\u0027s Box"],"picked":"Orrery"}],"items_purged_floors":[10],"is_endless":false,"potions_floor_spawned":[2,8,12,13,14,19,21],"killed_by":"Sentry and Sphere","ascension_level":4}