{"gold_per_floor":[115,30,47,57,7,7,7,7,7,34,51,51,86,96,96,194,194,211,229,240,256,39,68,68,68,68,81,108,125,125],"floor_reached":30,"playtime":1161,"items_purged":["Strike_G"],"score":322,"play_id":"45c8aa24-f507-4cf1-9e6c-d55b91c49044","local_time":"20190328004633","is_ascension_mode":true,"campfire_choices":[{"data":"Dash","floor":6,"key":"SMITH"},{"data":"Skewer","floor":8,"key":"SMITH"},{"data":"Envenom","floor":15,"key":"SMITH"},{"floor":24,"key":"REST"}],"neow_cost":"NONE","seed_source_timestamp":8128053863676788,"circlet_count":0,"master_deck":["Defend_G","Defend_G","Defend_G","Defend_G","Defend_G","Strike_G","Strike_G","Strike_G","Survivor","Neutralize","Dash+1","Skewer+1","Caltrops","Caltrops","Backstab","Envenom+1","Dodge and Roll+1","Storm of Steel+1","Backflip+1","Dagger Spray","Riddle With Holes","Blade Dance+1","Well Laid Plans","Deadly Poison+1","Dagger Throw","PiercingWail+1","Corpse Explosion+1","PiercingWail+1"],"relics":["Ring of the Snake","Sundial","Toxic Egg 2","Tough Bandages","Art of War","Philosopher\u0027s Stone","Darkstone Periapt","Question Card","Orichalcum"],"potions_floor_usage":[10,10,14,19,21,23,28,30],"damage_taken":[{"damage":0,"enemies":"Jaw Worm","floor":1,"turns":5},{"damage":0,"enemies":"Cultist","floor":3,"turns":4},{"damage":0,"enemies":"2 Louse","floor":4,"turns":3},{"damage":0,"enemies":"Lagavulin","floor":10,"turns":5},{"damage":2,"enemies":"Looter","floor":11,"turns":3},{"damage":6,"enemies":"Gremlin Nob","floor":13,"turns":4},{"damage":1,"enemies":"Red Slaver","floor":14,"turns":3},{"damage":21,"enemies":"Hexaghost","floor":16,"turns":9},{"damage":17,"enemies":"3 Byrds","floor":18,"turns":4},{"damage":7,"enemies":"2 Thieves","floor":19,"turns":4},{"damage":0,"enemies":"Snecko","floor":20,"turns":4},{"damage":8,"enemies":"3 Cultists","floor":21,"turns":5},{"damage":30,"enemies":"Slavers","floor":23,"turns":5},{"damage":18,"enemies":"Snake Plant","floor":27,"turns":4},{"damage":24,"enemies":"Book of Stabbing","floor":28,"turns":6},{"damage":4,"enemies":"Chosen and Byrds","floor":29,"turns":4},{"damage":23,"enemies":"Gremlin Leader","floor":30,"turns":5}],"seed_played":"5761713798074201848","potions_obtained":[{"floor":4,"key":"Explosive Potion"},{"floor":7,"key":"SkillPotion"},{"floor":7,"key":"Poison Potion"},{"floor":11,"key":"PowerPotion"},{"floor":16,"key":"Block Potion"},{"floor":19,"key":"LiquidBronze"},{"floor":23,"key":"GamblersBrew"},{"floor":28,"key":"Block Potion"},{"floor":29,"key":"SpeedPotion"}],"is_trial":false,"path_per_floor":["M","?","M","M","?","R","?","R","T","E","M","T","E","M","R","B",null,"M","M","M","M","$","E","R","?","T","M","E","M","E"],"character_chosen":"THE_SILENT","items_purchased":["Well Laid Plans","Deadly Poison+1","Dagger Throw"],"campfire_rested":1,"item_purchase_floors":[22,22,22],"current_hp_per_floor":[77,77,77,77,77,77,77,77,77,77,75,75,69,68,68,47,77,60,53,53,45,45,15,38,63,63,45,21,17,0],"gold":125,"neow_bonus":"TEN_PERCENT_HP_BONUS","is_prod":false,"is_daily":false,"chose_seed":false,"campfire_upgraded":3,"win_rate":0,"timestamp":1553748393,"path_taken":["M","?","?","M","?","R","?","R","T","E","?","?","E","M","R","BOSS","M","?","M","?","$","E","R","?","T","M","E","M","E"],"build_version":"2019-01-23","purchased_purges":1,"victory":false,"max_hp_per_floor":[77,77,77,77,77,77,77,77,77,77,77,77,77,77,77,77,77,77,77,77,77,77,77,77,77,77,77,77,77,77],"card_choices":[{"not_picked":["Quick Slash","Outmaneuver"],"picked":"Dash","floor":1},{"not_picked":["Bane","Blade Dance"],"picked":"Skewer","floor":3},{"not_picked":["Escape Plan","Riddle With Holes"],"picked":"Caltrops","floor":4},{"not_picked":["Concentrate+1","Reflex+1"],"picked":"Caltrops","floor":10},{"not_picked":["Cloak And Dagger+1","Flechettes"],"picked":"Backstab","floor":11},{"not_picked":["Flechettes","Underhanded Strike"],"picked":"Envenom","floor":13},{"not_picked":["Quick Slash","Bane"],"picked":"Dodge and Roll+1","floor":14},{"not_picked":["Envenom","Die Die Die"],"picked":"Storm of Steel+1","floor":16},{"not_picked":["Bouncing Flask+1","Slice"],"picked":"Backflip+1","floor":18},{"not_picked":["Expertise+1","Escape Plan+1"],"picked":"Dagger Spray","floor":19},{"not_picked":["Outmaneuver+1","Flying Knee"],"picked":"Riddle With Holes","floor":20},{"not_picked":["Dodge and Roll+1","Deflect+1"],"picked":"Blade Dance+1","floor":21},{"not_picked":["Leg Sweep+1","Grand Finale"],"picked":"PiercingWail+1","floor":23},{"not_picked":["Well Laid Plans","Dodge and Roll+1","Sucker Punch","Caltrops"],"picked":"SKIP","floor":27},{"not_picked":["Accuracy","Deflect+1","All Out Attack"],"picked":"Corpse Explosion+1","floor":28},{"not_picked":["Noxious Fumes","Sucker Punch","Acrobatics+1"],"picked":"PiercingWail+1","floor":29}],"player_experience":566299,"relics_obtained":[{"floor":9,"key":"Toxic Egg 2"},{"floor":10,"key":"Tough Bandages"},{"floor":13,"key":"Art of War"},{"floor":23,"key":"Darkstone Periapt"},{"floor":26,"key":"Question Card"},{"floor":28,"key":"Orichalcum"}],"event_choices":[{"damage_healed":0,"gold_gain":0,"player_choice":"Paid Gold","damage_taken":0,"relics_obtained":["Sundial"],"max_hp_gain":0,"max_hp_loss":0,"event_name":"WeMeetAgain","floor":2,"gold_loss":85},{"cards_removed":["Strike_G"],"damage_healed":0,"gold_gain":0,"player_choice":"Card Removal","damage_taken":0,"max_hp_gain":0,"max_hp_loss":0,"event_name":"The Cleric","floor":5,"gold_loss":50},{"damage_healed":0,"gold_gain":0,"player_choice":"Got Potions","damage_taken":0,"max_hp_gain":0,"max_hp_loss":0,"event_name":"Lab","floor":7,"gold_loss":0},{"damage_healed":25,"gold_gain":0,"player_choice":"Heal","damage_taken":0,"max_hp_gain":0,"max_hp_loss":0,"event_name":"The Library","floor":25,"gold_loss":0}],"is_beta":false,"boss_relics":[{"not_picked":["Velvet Choker","Pandora\u0027s Box"],"picked":"Philosopher\u0027s Stone"}],"items_purged_floors":[22],"is_endless":false,"potions_floor_spawned":[4,11,16,19,23,28,29],"killed_by":"Gremlin Leader","ascension_level":1}