{"gold_per_floor":[18,18,31,44,63,93,93,128,182,182,199,217,229,229,229,325,325,342,357,15,30,57,57,88,102,129,129],"floor_reached":27,"playtime":1828,"items_purged":["Strike_G"],"score":247,"play_id":"80cf4c47-b33c-46f6-add9-6a37f9bcaf67","local_time":"20190327195820","is_ascension_mode":false,"campfire_choices":[{"data":"Neutralize","floor":7.0,"key":"SMITH"},{"data":"Backflip","floor":10.0,"key":"SMITH"},{"data":"Leg Sweep","floor":15.0,"key":"SMITH"},{"data":"A Thousand Cuts","floor":23.0,"key":"SMITH"}],"neow_cost":"NO_GOLD","seed_source_timestamp":8109815541572139,"circlet_count":0,"master_deck":["Defend_G","Defend_G","Defend_G","Defend_G","Defend_G","Strike_G","Strike_G","Strike_G","Strike_G","Survivor","Neutralize+1","Unload","Dodge and Roll","Well Laid Plans","Acrobatics","Dagger Throw","Backflip+1","Quick Slash","Flying Knee","Leg Sweep+1","Malaise","Skewer+1","A Thousand Cuts+1","Crippling Poison","PiercingWail","Malaise"],"special_seed":0,"relics":["Ring of the Snake","Ornamental Fan","Lantern","Tiny Chest","Question Card","Sozu","Potion Belt","Bag of Marbles","Dream Catcher"],"potions_floor_usage":[],"damage_taken":[{"damage":0.0,"enemies":"Cultist","floor":1.0,"turns":3.0},{"damage":0.0,"enemies":"Jaw Worm","floor":3.0,"turns":3.0},{"damage":1.0,"enemies":"Small Slimes","floor":4.0,"turns":4.0},{"damage":0.0,"enemies":"Blue Slaver","floor":5.0,"turns":4.0},{"damage":15.0,"enemies":"3 Sentries","floor":6.0,"turns":13.0},{"damage":15.0,"enemies":"Lagavulin","floor":8.0,"turns":8.0},{"damage":0.0,"enemies":"3 Louse","floor":11.0,"turns":4.0},{"damage":4.0,"enemies":"Exordium Thugs","floor":12.0,"turns":5.0},{"damage":2.0,"enemies":"Blue Slaver","floor":13.0,"turns":3.0},{"damage":29.0,"enemies":"The Guardian","floor":16.0,"turns":18.0},{"damage":5.0,"enemies":"Shell Parasite","floor":18.0,"turns":9.0},{"damage":17.0,"enemies":"Spheric Guardian","floor":19.0,"turns":4.0},{"damage":10.0,"enemies":"Shelled Parasite and Fungi","floor":21.0,"turns":9.0},{"damage":19.0,"enemies":"Gremlin Leader","floor":24.0,"turns":9.0},{"damage":11,"enemies":"Chosen and Byrds","floor":25,"turns":7},{"damage":13,"enemies":"Slavers","floor":27,"turns":6}],"seed_played":"3368077719595094470","potions_obtained":[{"floor":1.0,"key":"Ancient Potion"},{"floor":4.0,"key":"LiquidBronze"},{"floor":5.0,"key":"Fruit Juice"},{"floor":11.0,"key":"SteroidPotion"}],"is_trial":false,"path_per_floor":["M","$","M","M","M","E","R","E","T","R","M","M","M","T","R","B",null,"M","M","$","M","T","R","E","M","T","E"],"character_chosen":"THE_SILENT","items_purchased":["A Thousand Cuts","Crippling Poison","PiercingWail"],"campfire_rested":0,"item_purchase_floors":[20,20,20],"current_hp_per_floor":[70,70,70,69,69,54,54,39,39,39,44,40,38,38,38,9,75,70,53,53,43,43,43,24,13,13,0],"gold":129,"neow_bonus":"THREE_RARE_CARDS","is_prod":false,"is_daily":false,"chose_seed":false,"campfire_upgraded":4,"win_rate":0,"timestamp":1553731100,"path_taken":["M","$","M","M","M","E","R","E","T","R","?","M","M","?","R","BOSS","M","M","$","M","?","R","E","M","T","E"],"build_version":"2019-01-23","purchased_purges":1,"victory":false,"max_hp_per_floor":[70,70,70,70,70,70,70,70,70,70,75,75,75,75,75,75,75,75,75,75,75,75,75,75,75,75,75],"card_choices":[{"not_picked":["Burst","After Image"],"picked":"Unload","floor":0.0},{"not_picked":["Finisher","Riddle With Holes"],"picked":"Dodge and Roll","floor":1.0},{"not_picked":["Expertise","Endless Agony"],"picked":"Well Laid Plans","floor":3.0},{"not_picked":["Acrobatics","Bane","Poisoned Stab"],"picked":"SKIP","floor":4.0},{"not_picked":["Cloak And Dagger","Dodge and Roll"],"picked":"Acrobatics","floor":5.0},{"not_picked":["Terror","Blur"],"picked":"Dagger Throw","floor":6.0},{"not_picked":["Bullet Time","Night Terror"],"picked":"Backflip","floor":8.0},{"not_picked":["Eviscerate","Escape Plan"],"picked":"Quick Slash","floor":11.0},{"not_picked":["Slice","Dodge and Roll"],"picked":"Flying Knee","floor":12.0},{"not_picked":["Calculated Gamble","Choke"],"picked":"Leg Sweep","floor":13.0},{"not_picked":["Phantasmal Killer","Burst","Doppelganger"],"picked":"Malaise","floor":16.0},{"not_picked":["Quick Slash","Bane","Slice+1"],"picked":"Skewer+1","floor":18.0},{"not_picked":["Dagger Throw","Blade Dance","Slice+1","Prepared+1"],"picked":"SKIP","floor":19.0},{"not_picked":["Dodge and Roll+1","Dagger Throw","Flying Knee","Prepared"],"picked":"SKIP","floor":21.0},{"not_picked":["Concentrate+1","PiercingWail+1","Caltrops"],"picked":"Malaise","floor":24},{"not_picked":["Cloak And Dagger","Deadly Poison","Outmaneuver+1","Dodge and Roll"],"picked":"SKIP","floor":25}],"player_experience":555057,"relics_obtained":[{"floor":6.0,"key":"Ornamental Fan"},{"floor":8.0,"key":"Lantern"},{"floor":9.0,"key":"Tiny Chest"},{"floor":14.0,"key":"Question Card"},{"floor":22.0,"key":"Potion Belt"},{"floor":24,"key":"Bag of Marbles"},{"floor":26,"key":"Dream Catcher"}],"event_choices":[],"is_beta":false,"boss_relics":[{"not_picked":["Calling Bell","Pandora\u0027s Box"],"picked":"Sozu"}],"items_purged_floors":[20],"is_endless":false,"potions_floor_spawned":[1,4,5,11,19,21,24],"killed_by":"Slavers","ascension_level":0}