{"gold_per_floor":[119,78,78,38,52,52,84,95,95,95,111,111,123,149,149,245,245,258,258,272,289,304,304,219,231,311,333,109,137,151,151],"floor_reached":31,"playtime":1389,"items_purged":["Strike_B"],"score":320,"play_id":"1691d0bf-ada8-457c-bd59-8903afb45fae","local_time":"20190326023122","is_ascension_mode":true,"campfire_choices":[{"data":"Zap","floor":6,"key":"SMITH"},{"data":"Coolheaded","floor":12,"key":"SMITH"},{"data":"Chill","floor":15,"key":"SMITH"},{"floor":23,"key":"REST"},{"data":"Blizzard","floor":25,"key":"SMITH"}],"neow_cost":"NONE","seed_source_timestamp":7961307227980009,"circlet_count":0,"master_deck":["Strike_B+1","Strike_B","Strike_B+1","Defend_B","Defend_B","Defend_B","Defend_B","Zap+1","Dualcast","Conserve Battery","Chill+1","Blizzard","Ball Lightning","Coolheaded+1","Defragment","Parasite","Blizzard+1","Fission","Cold Snap","Skim","Coolheaded+1","Fission","Turbo+1"],"relics":["Cracked Core","Peace Pipe","Blue Candle","Whetstone","Inserter","MawBank","Mummified Hand","Pen Nib"],"potions_floor_usage":[7,16,27,31,31],"damage_taken":[{"damage":0,"enemies":"Jaw Worm","floor":1,"turns":4},{"damage":0,"enemies":"Cultist","floor":5,"turns":4},{"damage":9,"enemies":"3 Sentries","floor":7,"turns":7},{"damage":2,"enemies":"2 Louse","floor":8,"turns":3},{"damage":0,"enemies":"2 Fungi Beasts","floor":11,"turns":3},{"damage":9,"enemies":"Looter","floor":13,"turns":3},{"damage":29,"enemies":"Lagavulin","floor":14,"turns":7},{"damage":13,"enemies":"The Guardian","floor":16,"turns":11},{"damage":29,"enemies":"Spheric Guardian","floor":18,"turns":4},{"damage":12,"enemies":"Chosen","floor":20,"turns":6},{"damage":22,"enemies":"Centurion and Healer","floor":21,"turns":6},{"damage":22,"enemies":"Chosen and Byrds","floor":22,"turns":7},{"damage":8,"enemies":"Cultist and Chosen","floor":27,"turns":4},{"damage":5,"enemies":"Gremlin Leader","floor":29,"turns":5},{"damage":17,"enemies":"Centurion and Healer","floor":30,"turns":4},{"damage":9,"enemies":"Book of Stabbing","floor":31,"turns":4}],"seed_played":"7382584452062865125","potions_obtained":[{"floor":1,"key":"Fire Potion"},{"floor":8,"key":"Fire Potion"},{"floor":11,"key":"Strength Potion"},{"floor":16,"key":"PowerPotion"},{"floor":21,"key":"Fire Potion"},{"floor":22,"key":"Dexterity Potion"},{"floor":27,"key":"GamblersBrew"}],"is_trial":false,"path_per_floor":["M","$","?","$","M","R","E","M","T","?","M","R","M","E","R","B",null,"M","?","M","M","M","R","?","R","T","M","$","E","M","E"],"character_chosen":"DEFECT","items_purchased":["Reinforced Body","Blizzard","Fission"],"campfire_rested":1,"item_purchase_floors":[2,4,28],"current_hp_per_floor":[75,75,75,75,75,75,66,64,64,75,75,75,66,37,37,24,75,46,71,59,37,15,37,37,37,37,29,29,24,7,0],"gold":151,"neow_bonus":"THREE_CARDS","is_prod":false,"is_daily":false,"chose_seed":false,"campfire_upgraded":4,"win_rate":0,"timestamp":1553581882,"path_taken":["M","$","?","?","M","R","E","M","T","?","M","R","M","E","R","BOSS","M","?","M","M","M","R","?","R","T","M","$","E","M","E"],"build_version":"2019-01-23","purchased_purges":1,"victory":false,"max_hp_per_floor":[75,75,75,75,75,75,75,75,75,75,75,75,75,75,75,75,75,75,75,75,75,75,75,75,75,75,75,75,75,75,75],"card_choices":[{"not_picked":["Stack","Go for the Eyes"],"picked":"Conserve Battery","floor":0},{"not_picked":["Melter","White Noise"],"picked":"Chill","floor":1},{"not_picked":["Steam Power","Gash"],"picked":"Ball Lightning","floor":5},{"not_picked":["Go for the Eyes","Hologram"],"picked":"Coolheaded","floor":7},{"not_picked":["Static Discharge","Melter"],"picked":"Defragment","floor":8},{"not_picked":["Rebound","Consume","Steam"],"picked":"SKIP","floor":11},{"not_picked":["Double Energy","Steam Power"],"picked":"Blizzard","floor":13},{"not_picked":["Reprogram","Steam","Beam Cell"],"picked":"SKIP","floor":14},{"not_picked":["Echo Form","Amplify"],"picked":"Fission","floor":16},{"not_picked":["Rebound","Steam"],"picked":"Cold Snap","floor":18},{"not_picked":["Leap+1","BootSequence","Blizzard"],"picked":"SKIP","floor":20},{"not_picked":["Ball Lightning","Cold Snap"],"picked":"Skim","floor":21},{"not_picked":["Turbo","Beam Cell+1","Go for the Eyes"],"picked":"SKIP","floor":22},{"not_picked":["Sweeping Beam+1","Reinforced Body+1"],"picked":"Coolheaded+1","floor":27},{"not_picked":["Undo","Consume"],"picked":"Turbo+1","floor":29},{"not_picked":["Streamline","Undo+1","Meteor Strike"],"picked":"SKIP","floor":30}],"player_experience":522877,"relics_obtained":[{"floor":7,"key":"Peace Pipe"},{"floor":9,"key":"Blue Candle"},{"floor":14,"key":"Whetstone"},{"floor":26,"key":"Mummified Hand"},{"floor":29,"key":"Pen Nib"}],"event_choices":[{"cards_removed":["Reinforced Body"],"damage_healed":0,"gold_gain":0,"player_choice":"Offered Uncommon","damage_taken":0,"max_hp_gain":0,"max_hp_loss":0,"event_name":"Bonfire Elementals","floor":3,"gold_loss":0},{"damage_healed":18,"gold_gain":0,"player_choice":"Healed and dodged fight","damage_taken":0,"max_hp_gain":0,"max_hp_loss":0,"event_name":"Mushrooms","floor":10,"gold_loss":0,"cards_obtained":["Parasite"]},{"damage_healed":25,"gold_gain":0,"player_choice":"Heal","damage_taken":0,"max_hp_gain":0,"max_hp_loss":0,"event_name":"The Library","floor":19,"gold_loss":0},{"damage_healed":0,"gold_gain":0,"player_choice":"Obtained Relic","damage_taken":0,"relics_obtained":["MawBank"],"max_hp_gain":0,"max_hp_loss":0,"event_name":"Addict","floor":24,"gold_loss":85}],"is_beta":false,"boss_relics":[{"not_picked":["Tiny House","White Beast Statue"],"picked":"Inserter"}],"items_purged_floors":[28],"is_endless":false,"potions_floor_spawned":[1,8,11,16,21,22,27],"killed_by":"Book of Stabbing","ascension_level":4}