{"gold_per_floor":[119,149,169,169,140,140,140,167,167,12,24,39,39,16,16,112,112,124,143,143,143,68,68,0,15,41,53,83,95,120,59,59,164,164,174,189,91,91],"floor_reached":38,"playtime":3594,"items_purged":[],"score":372,"play_id":"cd85bd06-be80-4025-95ea-3d6ed564afd2","local_time":"20190204055155","is_ascension_mode":false,"campfire_choices":[{"data":"Rebound","floor":6,"key":"SMITH"},{"floor":13,"key":"REST"},{"data":"Zap","floor":15,"key":"SMITH"},{"data":"Tempest","floor":23,"key":"SMITH"},{"data":"Buffer","floor":27,"key":"SMITH"},{"floor":32,"key":"REST"}],"neow_cost":"NONE","seed_source_timestamp":65353240677753,"circlet_count":0,"master_deck":["Strike_B","Strike_B","Strike_B","Defend_B","Defend_B+1","Defend_B","Defend_B","Zap+1","Dualcast+1","Rebound+1","Conserve Battery+1","Steam","Tempest+1","Redo","Ball Lightning","Buffer+1","Conserve Battery","Barrage+1","Defragment","Echo Form","Redo","Hello World","Static Discharge+1","Redo","Loop","Steam","Steam"],"relics":["Cracked Core","Omamori","Tiny Chest","Bottled Lightning","Bottled Flame","War Paint","Regal Pillow","Eternal Feather","MutagenicStrength","MawBank","Mummified Hand","Orrery"],"potions_floor_usage":[8,33,33,35,38,38],"damage_taken":[{"damage":2,"enemies":"Small Slimes","floor":1,"turns":4},{"damage":1,"enemies":"Jaw Worm","floor":3,"turns":3},{"damage":24,"enemies":"Gremlin Nob","floor":8,"turns":4},{"damage":0,"enemies":"2 Louse","floor":11,"turns":2},{"damage":4,"enemies":"Blue Slaver","floor":12,"turns":4},{"damage":50,"enemies":"Hexaghost","floor":16,"turns":10},{"damage":20,"enemies":"2 Thieves","floor":18,"turns":4},{"damage":6,"enemies":"Shell Parasite","floor":19,"turns":5},{"damage":17,"enemies":"Snake Plant","floor":25,"turns":3},{"damage":3,"enemies":"Cultist and Chosen","floor":28,"turns":6},{"damage":30,"enemies":"Centurion and Healer","floor":30,"turns":9},{"damage":40,"enemies":"Champ","floor":33,"turns":10},{"damage":27,"enemies":"3 Shapes","floor":35,"turns":7},{"damage":36,"enemies":"3 Darklings","floor":36,"turns":6},{"damage":12,"enemies":"Sphere and 2 Shapes","floor":38,"turns":4}],"seed_played":"3197750222364850585","potions_obtained":[{"floor":1,"key":"Poison Potion"},{"floor":11,"key":"Strength Potion"},{"floor":18,"key":"Ancient Potion"},{"floor":25,"key":"AttackPotion"},{"floor":30,"key":"Dexterity Potion"},{"floor":33,"key":"Ancient Potion"},{"floor":35,"key":"EssenceOfSteel"}],"is_trial":false,"path_per_floor":["?","?","?","T","M","?","?","?","?","T","M","$"],"character_chosen":"DEFECT","items_purchased":["Regal Pillow","Ball Lightning","Echo Form","Steam","Block Potion"],"campfire_rested":2,"item_purchase_floors":[10,14,31,37,37],"current_hp_per_floor":[73,55,54,54,54,54,54,30,30,30,30,26,63,63,63,13,75,55,49,49,49,49,58,58,41,41,50,47,47,17,17,66,26,75,48,12,12,0],"gold":91,"neow_bonus":"RANDOM_COMMON_RELIC","is_prod":false,"is_daily":false,"chose_seed":false,"campfire_upgraded":4,"win_rate":0.0,"timestamp":1549270315,"path_taken":["M","?","M","?","?","R","?","E","T","$","?","M","R","$","R","BOSS","M","M","?","?","?","R","?","M","T","R","M","?","M","$","R","BOSS","M","?","?","M"],"build_version":"2019-01-23","purchased_purges":0,"victory":false,"max_hp_per_floor":[75,75,75,75,75,75,75,75,75,75,75,75,75,75,75,75,75,75,75,75,75,75,75,75,75,75,75,75,75,75,75,75,75,75,75,75,75,75],"card_choices":[{"not_picked":["Chill","Beam Cell"],"picked":"Rebound","floor":1},{"not_picked":["Chaos","Glacier"],"picked":"Conserve Battery","floor":3},{"not_picked":["Gash","Redo"],"picked":"Steam","floor":8},{"not_picked":["Cold Snap","Compile Driver"],"picked":"Tempest","floor":11},{"not_picked":["Beam Cell","Gash"],"picked":"Redo","floor":12},{"not_picked":["Reboot","Machine Learning"],"picked":"Buffer","floor":16},{"not_picked":["Stack","Streamline"],"picked":"Conserve Battery","floor":18},{"not_picked":["Steam","Coolheaded"],"picked":"Barrage+1","floor":19},{"not_picked":["Hologram","Aggregate","Chill"],"picked":"SKIP","floor":25},{"not_picked":["Chill","Creative AI","Hologram+1"],"picked":"SKIP","floor":28},{"not_picked":["Heatsinks","Conserve Battery"],"picked":"Defragment","floor":30},{"not_picked":["Stack","Hologram"],"picked":"Redo","floor":34},{"not_picked":["Glacier+1","Aggregate"],"picked":"Hello World","floor":34},{"not_picked":["Leap+1","Compile Driver"],"picked":"Static Discharge+1","floor":34},{"not_picked":["Coolheaded","Gash"],"picked":"Redo","floor":34},{"not_picked":["Hologram+1","Cold Snap"],"picked":"Loop","floor":34},{"not_picked":["FTL+1","Beam Cell","Gash+1"],"picked":"SKIP","floor":35},{"not_picked":["Beam Cell","Blizzard"],"picked":"Steam","floor":36}],"player_experience":98212,"relics_obtained":[{"floor":7,"key":"Bottled Lightning"},{"floor":8,"key":"Bottled Flame"},{"floor":9,"key":"War Paint"},{"floor":26,"key":"MawBank"},{"floor":29,"key":"Mummified Hand"}],"event_choices":[{"damage_healed":0,"gold_gain":0,"player_choice":"Success","damage_taken":18,"relics_obtained":["Tiny Chest"],"max_hp_gain":0,"max_hp_loss":0,"event_name":"Scrap Ooze","floor":2,"gold_loss":0},{"damage_healed":0,"gold_gain":0,"player_choice":"Grow","damage_taken":0,"max_hp_gain":0,"max_hp_loss":0,"event_name":"Living Wall","floor":4,"gold_loss":0,"cards_upgraded":["Conserve Battery"]},{"damage_healed":0,"gold_gain":0,"player_choice":"Left Gold","damage_taken":0,"max_hp_gain":0,"max_hp_loss":0,"event_name":"World of Goop","floor":5,"gold_loss":29},{"damage_healed":0,"gold_gain":0,"player_choice":"Ignored","damage_taken":0,"max_hp_gain":0,"max_hp_loss":0,"event_name":"Vampires","floor":20,"gold_loss":0},{"damage_healed":0,"gold_gain":0,"player_choice":"Inject Mutagens","damage_taken":0,"relics_obtained":["MutagenicStrength"],"max_hp_gain":0,"max_hp_loss":0,"event_name":"Drug Dealer","floor":21,"gold_loss":0},{"cards_removed":["Strike_B"],"damage_healed":0,"gold_gain":0,"player_choice":"Gave Gold","damage_taken":0,"max_hp_gain":0,"max_hp_loss":0,"event_name":"Beggar","floor":22,"gold_loss":75},{"damage_healed":0,"gold_gain":0,"player_choice":"Paid Fearfully","damage_taken":0,"max_hp_gain":0,"max_hp_loss":0,"event_name":"Masked Bandits","floor":24,"gold_loss":68}],"is_beta":false,"boss_relics":[{"not_picked":["White Beast Statue","Snecko Eye"],"picked":"Eternal Feather"},{"not_picked":["Calling Bell","Philosopher\u0027s Stone"],"picked":"Orrery"}],"items_purged_floors":[],"is_endless":false,"potions_floor_spawned":[1,11,18,25,30,33,35],"killed_by":"Sphere and 2 Shapes","ascension_level":0}