{"gold_per_floor":[117,192,192,142,67,94,94,112,138,153,170,186,156,56,56,158,158,175,187,201,126,144,144,154,29,29,46,46],"floor_reached":28,"playtime":1258,"items_purged":["Defend_B","Strike_B","Strike_B"],"score":249,"play_id":"d603f7fb-22cd-4e5c-84b4-d18e752fb2d9","local_time":"20180709160849","is_ascension_mode":false,"campfire_choices":[{"floor":7,"key":"REST"},{"floor":15,"key":"REST"},{"floor":23,"key":"REST"}],"neow_cost":"NONE","seed_source_timestamp":1605774526381729,"circlet_count":0,"master_deck":["Strike_B","Defend_B","Defend_B","Zap","Dualcast","Streamline","Ball Lightning","FTL"],"relics":["Sozu","Regal Pillow","Blood Vial","Singing Bowl","Lizard Tail","Pen Nib"],"potions_floor_usage":[],"damage_taken":[{"damage":0,"enemies":"Small Slimes","floor":1,"turns":4},{"damage":33,"enemies":"3 Sentries","floor":6,"turns":7},{"damage":7,"enemies":"2 Louse","floor":8,"turns":2},{"damage":11,"enemies":"Jaw Worm","floor":10,"turns":2},{"damage":5,"enemies":"Looter","floor":11,"turns":2},{"damage":11,"enemies":"Gremlin Gang","floor":12,"turns":4},{"damage":20,"enemies":"Exordium Thugs","floor":13,"turns":3},{"damage":22,"enemies":"Slime Boss","floor":16,"turns":7},{"damage":19,"enemies":"Shell Parasite","floor":18,"turns":4},{"damage":36,"enemies":"2 Thieves","floor":19,"turns":4},{"damage":24,"enemies":"Centurion and Healer","floor":20,"turns":6},{"damage":21,"enemies":"Chosen and Byrds","floor":22,"turns":6},{"damage":57,"enemies":"Slaver and Parasite","floor":24,"turns":6},{"damage":27,"enemies":"Snake Plant","floor":27,"turns":4},{"damage":16,"enemies":"3 Cultists","floor":28,"turns":3}],"seed_played":"-5725777178623053164","potions_obtained":[],"is_trial":false,"path_per_floor":["M","?","?","?","$","E","R","M","T","M","M","M","M","$","R","B",null,"M","M","M","?","M","R","M","$","T","M"],"character_chosen":"DEFECT","items_purchased":[],"campfire_rested":3,"item_purchase_floors":[],"current_hp_per_floor":[75,64,57,57,57,24,61,56,56,49,46,39,21,21,59,41,81,64,32,12,12,45,86,33,33,33,10,0],"gold":46,"neow_bonus":"BOSS_RELIC","is_prod":false,"is_daily":false,"chose_seed":false,"campfire_upgraded":0,"win_rate":0.0,"timestamp":1531166929,"path_taken":["M","?","?","?","?","E","R","M","T","M","M","M","?","$","R","BOSS","M","M","?","?","M","R","M","?","T","M","M"],"build_version":"2018-07-05","purchased_purges":3,"victory":false,"max_hp_per_floor":[75,75,75,75,75,75,75,75,75,77,77,79,79,79,79,81,81,83,85,87,87,89,89,91,91,91,93,93],"card_choices":[{"not_picked":["Barrage","Rip and Tear"],"picked":"Streamline","floor":1},{"not_picked":["Thunder Strike","Tempest"],"picked":"Ball Lightning","floor":6},{"not_picked":["Heatsinks","Steam","Leap"],"picked":"SKIP","floor":8},{"not_picked":["Rebound","Go for the Eyes","Double Energy"],"picked":"Singing Bowl","floor":10},{"not_picked":["Turbo","Stack"],"picked":"FTL","floor":11},{"not_picked":["Redo","Hello World","Conserve Battery"],"picked":"Singing Bowl","floor":12},{"not_picked":["Coolheaded","Tempest","Sweeping Beam"],"picked":"SKIP","floor":13},{"not_picked":["Buffer","Multi-Cast","Echo Form"],"picked":"Singing Bowl","floor":16},{"not_picked":["Ball Lightning","Melter","Chill+1"],"picked":"Singing Bowl","floor":18},{"not_picked":["Ball Lightning","Redo","Sweeping Beam"],"picked":"Singing Bowl","floor":19},{"not_picked":["Turbo","Steam","Conserve Battery"],"picked":"Singing Bowl","floor":20},{"not_picked":["Stack+1","Leap","Steam"],"picked":"Singing Bowl","floor":22},{"not_picked":["Go for the Eyes+1","Darkness+1","Beam Cell"],"picked":"Singing Bowl","floor":24},{"not_picked":["Cold Snap","All For One","Chaos"],"picked":"Singing Bowl","floor":27}],"player_experience":157393,"relics_obtained":[{"floor":6,"key":"Blood Vial"},{"floor":9,"key":"Singing Bowl"},{"floor":26,"key":"Pen Nib"}],"event_choices":[{"event_name":"World of Goop","player_choice":"Gather Gold","floor":2,"damage_taken":0},{"event_name":"Scrap Ooze","player_choice":"success","floor":3,"damage_taken":7},{"event_name":"The Cleric","player_choice":"Card Removal","floor":4,"damage_taken":0},{"event_name":"Beggar","player_choice":"Gave Gold","floor":21,"damage_taken":0}],"boss_relics":[{"not_picked":["Eternal Feather","Black Star"],"picked":"Lizard Tail"}],"items_purged_floors":[5,14,25],"is_endless":false,"potions_floor_spawned":[8,10,11,16,18,24,27],"killed_by":"3 Cultists","ascension_level":0}