{"gold_per_floor":[111,61,61,80,98,129,129,159,212,86,86,105,118,149,149,249,249,267,267,342,62,73,106,106,131,131,141,213,55,55,55,55,151,151,164,13,27,249,263,263,294,314,314,314,314,414,424,424,424,424],"floor_reached":50,"playtime":3414,"items_purged":["Strike_R","Strike_R"],"score":733,"play_id":"e1f53141-8cd5-44f4-85e0-f01534139f5d","local_time":"20190326221340","is_ascension_mode":true,"campfire_choices":[{"data":"Clothesline","floor":7,"key":"SMITH"},{"data":"Flame Barrier","floor":11,"key":"SMITH"},{"data":"Body Slam","floor":15,"key":"SMITH"},{"floor":24,"key":"REST"},{"data":"The Bomb","floor":32,"key":"SMITH"},{"data":"Shockwave","floor":40,"key":"SMITH"},{"data":"Feel No Pain","floor":45,"key":"SMITH"},{"data":"Inflame","floor":49,"key":"SMITH"}],"neow_cost":"NONE","seed_source_timestamp":34491181488700,"circlet_count":0,"master_deck":["Defend_R","Defend_R","Defend_R","Defend_R","Bash+1","Clothesline+1","Body Slam+1","Corruption","Flame Barrier+1","Flame Barrier","Shockwave+1","Reaper","Dropkick+1","Shrug It Off","The Bomb+1","Clash","Flex","Ghostly","Ghostly","Ghostly","Ghostly","Ghostly","Fiend Fire","Shrug It Off","Shrug It Off","Shrug It Off","Feel No Pain+1","Decay","Inflame+1"],"relics":["Burning Blood","Letter Opener","Red Skull","Ancient Tea Set","Happy Flower","Empty Cage","Shuriken","Membership Card","Juzu Bracelet","Red Mask","Darkstone Periapt","Bottled Tornado","Mark of Pain","ClockworkSouvenir","Du-Vu Doll","Bottled Lightning","Bird Faced Urn"],"potions_floor_usage":[6,8,8,14,16,18,23,23,33,39,41,42,50],"damage_taken":[{"damage":0,"enemies":"Small Slimes","floor":1,"turns":3},{"damage":1,"enemies":"Cultist","floor":4,"turns":3},{"damage":6,"enemies":"Jaw Worm","floor":5,"turns":5},{"damage":12,"enemies":"Gremlin Nob","floor":6,"turns":3},{"damage":15,"enemies":"3 Sentries","floor":8,"turns":9},{"damage":3,"enemies":"Exordium Thugs","floor":12,"turns":4},{"damage":8,"enemies":"3 Louse","floor":13,"turns":5},{"damage":16,"enemies":"Gremlin Nob","floor":14,"turns":5},{"damage":21,"enemies":"Slime Boss","floor":16,"turns":9},{"damage":0,"enemies":"Spheric Guardian","floor":18,"turns":4},{"damage":5,"enemies":"Chosen","floor":22,"turns":7},{"damage":87,"enemies":"Slavers","floor":23,"turns":10},{"damage":15,"enemies":"Masked Bandits","floor":25,"turns":5},{"damage":2,"enemies":"Snake Plant","floor":27,"turns":2},{"damage":31,"enemies":"Collector","floor":33,"turns":9},{"damage":0,"enemies":"Orb Walker","floor":35,"turns":5},{"damage":0,"enemies":"3 Shapes","floor":37,"turns":3},{"damage":0,"enemies":"Writhing Mass","floor":39,"turns":6},{"damage":22,"enemies":"Giant Head","floor":41,"turns":8},{"damage":8,"enemies":"Maw","floor":42,"turns":10},{"damage":0,"enemies":"Mind Bloom Boss Battle","floor":46,"turns":9},{"damage":2,"enemies":"4 Shapes","floor":47,"turns":3},{"damage":70,"enemies":"Time Eater","floor":50,"turns":9}],"seed_played":"-4787919217526989264","potions_obtained":[{"floor":0,"key":"Fire Potion"},{"floor":0,"key":"AttackPotion"},{"floor":0,"key":"Poison Potion"},{"floor":6,"key":"BloodPotion"},{"floor":13,"key":"AttackPotion"},{"floor":16,"key":"PowerPotion"},{"floor":25,"key":"EssenceOfSteel"},{"floor":33,"key":"SteroidPotion"},{"floor":39,"key":"GamblersBrew"},{"floor":46,"key":"Energy Potion"},{"floor":47,"key":"Strength Potion"}],"is_trial":false,"path_per_floor":["?","?","T","?","?","T","$","?","?","?","?","?","?"],"character_chosen":"IRONCLAD","items_purchased":["PowerPotion","Membership Card","Fire Potion","The Bomb","Strength Potion","Clash","Explosive Potion","Shrug It Off","PowerPotion","ClockworkSouvenir"],"campfire_rested":1,"item_purchase_floors":[10,21,21,29,29,29,29,36,36,36],"current_hp_per_floor":[78,78,78,80,80,74,74,65,65,65,65,68,66,56,56,41,70,80,80,72,72,79,18,42,41,41,45,45,45,45,40,40,40,40,40,40,40,40,40,40,25,23,23,29,29,46,46,46,46,0],"gold":424,"neow_bonus":"THREE_SMALL_POTIONS","is_prod":false,"is_daily":false,"chose_seed":false,"campfire_upgraded":7,"win_rate":0,"timestamp":1553652820,"path_taken":["M","?","?","M","M","E","R","E","T","$","R","M","M","E","R","BOSS","M","?","?","$","M","E","R","?","T","M","?","?","?","?","R","BOSS","M","$","M","?","M","R","E","M","T","?","R","?","M","?","R","BOSS"],"build_version":"2019-01-23","purchased_purges":2,"victory":false,"max_hp_per_floor":[80,80,80,80,80,80,80,80,80,80,80,80,80,80,80,80,80,80,80,80,80,80,80,80,80,80,80,80,80,80,40,40,40,40,40,40,40,40,40,40,40,40,40,46,46,46,46,46,46,46],"card_choices":[{"not_picked":["Twin Strike","Combust","Thunderclap"],"picked":"SKIP","floor":1},{"not_picked":["Twin Strike","Cleave"],"picked":"Clothesline","floor":4},{"not_picked":["Thunderclap","Searing Blow"],"picked":"Body Slam","floor":5},{"not_picked":["Sentinel","Cleave"],"picked":"Corruption","floor":6},{"not_picked":["Impervious","Entrench"],"picked":"Flame Barrier","floor":8},{"not_picked":["Entrench","Reckless Charge","Havoc"],"picked":"SKIP","floor":12},{"not_picked":["Rage","Pommel Strike"],"picked":"Flame Barrier","floor":13},{"not_picked":["Pommel Strike","Heavy Blade"],"picked":"Shockwave","floor":14},{"not_picked":["Brutality","Impervious"],"picked":"Reaper","floor":16},{"not_picked":["Anger+1","Sword Boomerang+1","Iron Wave"],"picked":"SKIP","floor":18},{"not_picked":["Body Slam","Burning Pact","Whirlwind"],"picked":"SKIP","floor":22},{"not_picked":["Iron Wave+1","Flame Barrier"],"picked":"Dropkick+1","floor":23},{"not_picked":["True Grit","Cleave"],"picked":"Shrug It Off","floor":27},{"not_picked":["Juggernaut","Demon Form"],"picked":"Fiend Fire","floor":33},{"not_picked":["Rupture+1","Anger"],"picked":"Shrug It Off","floor":35},{"not_picked":["Twin Strike+1","Body Slam","Clash"],"picked":"SKIP","floor":37},{"not_picked":["Clash","Twin Strike"],"picked":"Shrug It Off","floor":39},{"not_picked":["Combust","Entrench+1"],"picked":"Feel No Pain","floor":41},{"not_picked":["Sword Boomerang","Headbutt","Corruption+1"],"picked":"SKIP","floor":42},{"not_picked":["Corruption+1","Thunderclap+1"],"picked":"Inflame","floor":46},{"not_picked":["Combust+1","Armaments","Clothesline+1"],"picked":"SKIP","floor":47}],"player_experience":306949,"relics_obtained":[{"floor":6,"key":"Letter Opener"},{"floor":8,"key":"Red Skull"},{"floor":9,"key":"Ancient Tea Set"},{"floor":14,"key":"Happy Flower"},{"floor":19,"key":"Shuriken"},{"floor":23,"key":"Juzu Bracelet"},{"floor":25,"key":"Red Mask"},{"floor":26,"key":"Darkstone Periapt"},{"floor":28,"key":"Bottled Tornado"},{"floor":41,"key":"Du-Vu Doll"},{"floor":43,"key":"Bottled Lightning"},{"floor":46,"key":"Bird Faced Urn"}],"event_choices":[{"cards_removed":["Strike_R"],"damage_healed":0,"gold_gain":0,"player_choice":"Card Removal","damage_taken":0,"max_hp_gain":0,"max_hp_loss":0,"event_name":"The Cleric","floor":2,"gold_loss":50},{"damage_healed":0,"gold_gain":0,"player_choice":"Upgraded","damage_taken":0,"max_hp_gain":0,"max_hp_loss":0,"event_name":"Upgrade Shrine","floor":3,"gold_loss":0,"cards_upgraded":["Bash"]},{"damage_healed":0,"gold_gain":75,"player_choice":"Touch","damage_taken":8,"max_hp_gain":0,"max_hp_loss":0,"event_name":"FaceTrader","floor":20,"gold_loss":0},{"damage_healed":0,"gold_gain":0,"player_choice":"Fought Bandits","damage_taken":0,"max_hp_gain":0,"max_hp_loss":0,"event_name":"Masked Bandits","floor":25,"gold_loss":0},{"damage_healed":0,"gold_gain":0,"player_choice":"1 cards matched","damage_taken":0,"max_hp_gain":0,"max_hp_loss":0,"event_name":"Match and Keep!","floor":30,"gold_loss":0,"cards_obtained":["Flex"]},{"damage_healed":0,"gold_gain":0,"player_choice":"Became a Ghost","damage_taken":0,"max_hp_gain":0,"max_hp_loss":40,"event_name":"Ghosts","floor":31,"gold_loss":0,"cards_obtained":["Ghostly","Ghostly","Ghostly","Ghostly","Ghostly"]},{"damage_healed":0,"gold_gain":222,"player_choice":"Wore Mask","damage_taken":0,"max_hp_gain":0,"max_hp_loss":0,"event_name":"Tomb of Lord Red Mask","floor":38,"gold_loss":0},{"damage_healed":0,"gold_gain":0,"player_choice":"Cursed","damage_taken":0,"max_hp_gain":0,"max_hp_loss":0,"event_name":"Wheel of Change","floor":44,"gold_loss":0,"cards_obtained":["Decay"]},{"damage_healed":0,"gold_gain":0,"player_choice":"Fight","damage_taken":0,"max_hp_gain":0,"max_hp_loss":0,"event_name":"MindBloom","floor":46,"gold_loss":0},{"damage_healed":0,"gold_gain":0,"player_choice":"Ignored","damage_taken":0,"max_hp_gain":0,"max_hp_loss":0,"event_name":"Mysterious Sphere","floor":48,"gold_loss":0}],"is_beta":false,"boss_relics":[{"not_picked":["White Beast Statue","Runic Cube"],"picked":"Empty Cage"},{"not_picked":["Pandora\u0027s Box","Velvet Choker"],"picked":"Mark of Pain"}],"items_purged_floors":[10,21],"is_endless":false,"potions_floor_spawned":[4,6,13,16,25,33,39,46,47],"killed_by":"Time Eater","ascension_level":6}