{"gold_per_floor":[117,292,292,292,311,311,340,65,65,65,77,77,91,91,91,190,190,207,207,207,217,217,217,252,271,271,290,305,24,24,24,24,122,122,139,158,62,62,78,78,104,104,104,121,134,134,150,150,150,150,150,150,30,30],"floor_reached":54,"playtime":5416,"items_purged":["Strike_B","Writhe"],"score":906,"play_id":"11e37c54-871b-4e41-a45d-d93acebbb444","local_time":"20190331192915","is_ascension_mode":true,"campfire_choices":[{"data":"Streamline","floor":6,"key":"SMITH"},{"data":"Zap","floor":10,"key":"SMITH"},{"data":"Dualcast","floor":12,"key":"SMITH"},{"data":"Scrape","floor":15,"key":"SMITH"},{"data":"Fission","floor":23,"key":"SMITH"},{"data":"Fusion","floor":30,"key":"SMITH"},{"data":"Go for the Eyes","floor":32,"key":"SMITH"},{"data":"Fission","floor":40,"key":"SMITH"},{"data":"Redo","floor":42,"key":"SMITH"},{"floor":49,"key":"RECALL"},{"data":"Streamline","floor":52,"key":"SMITH"}],"neow_cost":"NONE","seed_source_timestamp":20111100188240,"circlet_count":0,"master_deck":["Defend_B","Defend_B","Zap+1","Dualcast+1","Streamline+1","Doom and Gloom","Leap","Turbo","Gash","Self Repair","Scrape+1","Fission+1","Leap+1","Sunder+1","Steam Power+1","Streamline+1","J.A.X.","Hologram+1","Hologram+1","Seek","Go for the Eyes+1","Fusion+1","Conserve Battery","Fission+1","Conserve Battery+1","Capacitor","Redo+1","Finesse","Hello World","BootSequence+1","Scrape+1","Steam+1","Steam","Meteor Strike+1"],"relics":["Cracked Core","NeowsBlessing","Cables","Bag of Preparation","Astrolabe","Symbiotic Virus","Mango","Kunai","Coffee Dripper","Smiling Mask","Molten Egg 2"],"potions_floor_usage":[21,24,33,50,50,50],"damage_taken":[{"damage":0,"enemies":"Cultist","floor":1,"turns":1},{"damage":0,"enemies":"Small Slimes","floor":5,"turns":1},{"damage":0,"enemies":"3 Sentries","floor":7,"turns":1},{"damage":0,"enemies":"2 Louse","floor":11,"turns":2},{"damage":0,"enemies":"Gremlin Gang","floor":13,"turns":3},{"damage":46,"enemies":"Hexaghost","floor":16,"turns":6},{"damage":1,"enemies":"2 Thieves","floor":18,"turns":2},{"damage":12,"enemies":"3 Byrds","floor":21,"turns":3},{"damage":19,"enemies":"Book of Stabbing","floor":24,"turns":3},{"damage":0,"enemies":"Snake Plant","floor":25,"turns":2},{"damage":0,"enemies":"3 Cultists","floor":27,"turns":2},{"damage":5,"enemies":"Centurion and Healer","floor":28,"turns":2},{"damage":29,"enemies":"Champ","floor":33,"turns":9},{"damage":1,"enemies":"3 Shapes","floor":35,"turns":2},{"damage":0,"enemies":"3 Darklings","floor":36,"turns":2},{"damage":38,"enemies":"Maw","floor":39,"turns":8},{"damage":3,"enemies":"Reptomancer","floor":41,"turns":6},{"damage":5,"enemies":"4 Shapes","floor":44,"turns":5},{"damage":21,"enemies":"Transient","floor":45,"turns":5},{"damage":0,"enemies":"Jaw Worm Horde","floor":47,"turns":3},{"damage":75,"enemies":"Donu and Deca","floor":50,"turns":12},{"damage":77,"enemies":"Shield and Spear","floor":54,"turns":6}],"seed_played":"-7852148839881116620","potions_obtained":[{"floor":5,"key":"SkillPotion"},{"floor":11,"key":"PowerPotion"},{"floor":18,"key":"Regen Potion"},{"floor":25,"key":"SpeedPotion"},{"floor":33,"key":"EntropicBrew"},{"floor":39,"key":"Block Potion"},{"floor":45,"key":"Block Potion"}],"is_trial":false,"path_per_floor":["M","?","?","?","M","R","E","$","T","R","M","R","M","?","R","B",null,"M","?","?","M","?","R","E","M","T","M","M","$","R","?","R","B",null,"M","M","$","?","M","R","E","R","T","M","M","?","M","?","R","B",null,"R","$","E"],"character_chosen":"DEFECT","items_purchased":["Gash","Bag of Preparation","Kunai","Fusion","Capacitor","Redo","Meteor Strike+1"],"campfire_rested":0,"item_purchase_floors":[8,8,29,29,37,37,53],"current_hp_per_floor":[75,75,75,75,75,75,75,75,75,75,75,75,75,80,80,41,70,76,76,76,71,71,71,64,71,85,85,87,87,87,87,87,65,87,93,93,93,93,62,62,66,66,66,68,54,54,61,85,85,17,75,75,75,0],"gold":30,"neow_bonus":"THREE_ENEMY_KILL","is_prod":false,"is_daily":false,"chose_seed":false,"campfire_upgraded":10,"win_rate":0,"timestamp":1554053355,"path_taken":["M","?","?","?","M","R","E","$","T","R","M","R","?","?","R","BOSS","M","?","?","?","?","R","E","M","T","M","?","?","R","?","R","BOSS","M","M","$","?","M","R","E","R","T","M","M","?","M","?","R","BOSS","R","$","E"],"build_version":"2019-01-23","purchased_purges":2,"victory":false,"max_hp_per_floor":[75,75,75,75,75,75,75,75,75,75,75,75,75,80,80,80,80,80,80,80,80,80,80,80,80,94,94,94,94,94,94,94,94,94,94,94,94,94,94,94,94,94,94,94,94,94,94,94,94,94,94,94,94,94],"card_choices":[{"not_picked":["Compile Driver","Scrape"],"picked":"Streamline","floor":1},{"not_picked":["Lockon","Hello World"],"picked":"Leap","floor":5},{"not_picked":["Compile Driver","Steam"],"picked":"Turbo","floor":7},{"not_picked":["Cold Snap","Barrage"],"picked":"Self Repair","floor":11},{"not_picked":["Self Repair","Streamline"],"picked":"Scrape","floor":13},{"not_picked":["Core Surge","Thunder Strike"],"picked":"Fission","floor":16},{"not_picked":["Barrage","Leap"],"picked":"Streamline","floor":18},{"not_picked":["Conserve Battery+1","Coolheaded"],"picked":"Hologram+1","floor":21},{"not_picked":["Coolheaded","Barrage"],"picked":"Hologram+1","floor":24},{"not_picked":["Compile Driver","Hologram"],"picked":"Seek","floor":25},{"not_picked":["FTL","Darkness"],"picked":"Go for the Eyes","floor":27},{"not_picked":["Creative AI","Reboot"],"picked":"Fission","floor":33},{"not_picked":["Defragment+1","Tempest+1","Melter"],"picked":"SKIP","floor":35},{"not_picked":["Hello World+1","Compile Driver"],"picked":"Conserve Battery+1","floor":36},{"not_picked":["Purity","PanicButton"],"picked":"Finesse","floor":38},{"not_picked":["Melter","Turbo+1"],"picked":"Hello World","floor":39},{"not_picked":["Darkness","Force Field+1"],"picked":"BootSequence+1","floor":41},{"not_picked":["Reinforced Body","Defragment"],"picked":"Scrape+1","floor":44},{"not_picked":["Melter+1","Compile Driver+1"],"picked":"Steam+1","floor":45},{"not_picked":["Compile Driver+1","Storm"],"picked":"Steam","floor":47}],"player_experience":166237,"relics_obtained":[{"floor":7,"key":"Cables"},{"floor":24,"key":"Symbiotic Virus"},{"floor":26,"key":"Mango"},{"floor":41,"key":"Smiling Mask"},{"floor":43,"key":"Molten Egg 2"}],"event_choices":[{"damage_healed":0,"gold_gain":175,"player_choice":"AGREE","damage_taken":0,"max_hp_gain":0,"max_hp_loss":0,"event_name":"Liars Game","floor":2,"gold_loss":0,"cards_obtained":["Doubt"]},{"cards_removed":["Doubt"],"damage_healed":0,"gold_gain":0,"player_choice":"Forget","damage_taken":0,"max_hp_gain":0,"max_hp_loss":0,"event_name":"Living Wall","floor":3,"gold_loss":0},{"damage_healed":0,"gold_gain":0,"cards_transformed":["Strike_B"],"player_choice":"Transformed","damage_taken":0,"max_hp_gain":0,"max_hp_loss":0,"event_name":"Transmorgrifier","floor":4,"gold_loss":0,"cards_obtained":["Doom and Gloom"]},{"damage_healed":0,"gold_gain":0,"player_choice":"Donut","damage_taken":0,"max_hp_gain":5,"max_hp_loss":0,"event_name":"Big Fish","floor":14,"gold_loss":0},{"damage_healed":0,"gold_gain":0,"player_choice":"Obtain J.A.X.","damage_taken":0,"max_hp_gain":0,"max_hp_loss":0,"event_name":"Drug Dealer","floor":19,"gold_loss":0,"cards_obtained":["J.A.X."]},{"cards_removed":["Defend_B"],"damage_healed":0,"gold_gain":0,"player_choice":"Purged","damage_taken":0,"max_hp_gain":0,"max_hp_loss":0,"event_name":"Purifier","floor":20,"gold_loss":0},{"damage_healed":0,"gold_gain":0,"player_choice":"0 cards matched","damage_taken":0,"max_hp_gain":0,"max_hp_loss":0,"event_name":"Match and Keep!","floor":22,"gold_loss":0,"cards_obtained":[]},{"damage_healed":0,"gold_gain":0,"player_choice":"Read","damage_taken":0,"max_hp_gain":0,"max_hp_loss":0,"event_name":"The Library","floor":31,"gold_loss":0,"cards_obtained":["Conserve Battery"]},{"damage_healed":0,"gold_gain":0,"player_choice":"Memory 1","damage_taken":0,"max_hp_gain":0,"max_hp_loss":0,"event_name":"SensoryStone","floor":38,"gold_loss":0},{"damage_healed":0,"gold_gain":0,"player_choice":"Ignored","damage_taken":0,"max_hp_gain":0,"max_hp_loss":0,"event_name":"Mysterious Sphere","floor":46,"gold_loss":0},{"damage_healed":24,"gold_gain":0,"player_choice":"Writhe","damage_taken":0,"max_hp_gain":0,"max_hp_loss":0,"event_name":"Winding Halls","floor":48,"gold_loss":0,"cards_obtained":["Writhe"]}],"is_beta":false,"boss_relics":[{"not_picked":["White Beast Statue","Sozu"],"picked":"Astrolabe"},{"not_picked":["Tiny House","Black Star"],"picked":"Coffee Dripper"}],"items_purged_floors":[8,53],"is_endless":false,"potions_floor_spawned":[5,11,18,25,33,39,44,45,47],"killed_by":"Shield and Spear","ascension_level":5}