{"gold_per_floor":[114,114,158,209,253,291,335,388,388,388,407,407,73,117,117,242,242,261,35,135,154,101,164,164,202,202,202,221,221,265,309,309,434,434,453,472,166,316,416,454,498,542,567,611,221,240,259,278,278,278],"floor_reached":51,"playtime":4296,"items_purged":["HandOfGreed"],"score":773,"play_id":"e3740559-4d81-4d7f-98cc-21acd5076c32","local_time":"20190327001933","daily_mods":["Allstar","Green Cards","Terminal"],"is_ascension_mode":false,"campfire_choices":[{"data":"Apotheosis","floor":10,"key":"SMITH"},{"floor":12,"key":"REST"},{"floor":15,"key":"REST"},{"floor":24,"key":"REST"},{"floor":29,"key":"REST"},{"data":"Infinite Blades","floor":32,"key":"SMITH"},{"data":"Mayhem","floor":49,"key":"SMITH"}],"neow_cost":"","seed_source_timestamp":37917218284500,"circlet_count":0,"master_deck":["Strike_B","Strike_B","Strike_B","Strike_B","Defend_B","Defend_B","Defend_B","Defend_B","Zap","Dualcast","Secret Technique","Apotheosis+1","Panacea","Panache","All For One","Cold Snap","Dagger Spray","Backflip","Infinite Blades+1","Go for the Eyes","Die Die Die","BootSequence","Genetic Algorithm","Cloak And Dagger+1","Hologram","Backflip","Night Terror","Reinforced Body","Infinite Blades+1","Wraith Form v2","Cloak And Dagger+1","Biased Cognition","Prepared","Recycle","Reprogram+1","Mayhem+1","Finesse","Accuracy"],"special_seed":17982,"relics":["Cracked Core","Golden Idol","Strawberry","Odd Mushroom","Bottled Lightning","Medical Kit","Sozu","DataDisk","Art of War","Blood Vial","Meat on the Bone","Runic Pyramid","Membership Card","FossilizedHelix","Ancient Tea Set","PreservedInsect","Vajra","HandDrill"],"potions_floor_usage":[6,7,50],"damage_taken":[{"damage":6,"enemies":"Jaw Worm","floor":1,"turns":3},{"damage":0,"enemies":"Small Slimes","floor":3,"turns":3},{"damage":0,"enemies":"Cultist","floor":5,"turns":4},{"damage":13,"enemies":"Gremlin Nob","floor":6,"turns":4},{"damage":4,"enemies":"Red Slaver","floor":7,"turns":3},{"damage":13,"enemies":"The Mushroom Lair","floor":8,"turns":4},{"damage":7,"enemies":"Blue Slaver","floor":11,"turns":2},{"damage":5,"enemies":"Lots of Slimes","floor":14,"turns":3},{"damage":13,"enemies":"Hexaghost","floor":16,"turns":6},{"damage":0,"enemies":"Chosen","floor":18,"turns":4},{"damage":0,"enemies":"Spheric Guardian","floor":21,"turns":3},{"damage":15,"enemies":"Gremlin Leader","floor":23,"turns":6},{"damage":0,"enemies":"Book of Stabbing","floor":25,"turns":4},{"damage":3,"enemies":"Snake Plant","floor":28,"turns":4},{"damage":0,"enemies":"Cultist and Chosen","floor":30,"turns":4},{"damage":0,"enemies":"Shelled Parasite and Fungi","floor":31,"turns":4},{"damage":20,"enemies":"Automaton","floor":33,"turns":10},{"damage":0,"enemies":"Orb Walker","floor":35,"turns":4},{"damage":5,"enemies":"3 Shapes","floor":36,"turns":4},{"damage":0,"enemies":"Mind Bloom Boss Battle","floor":38,"turns":7},{"damage":0,"enemies":"Nemesis","floor":40,"turns":7},{"damage":0,"enemies":"Maw","floor":41,"turns":5},{"damage":0,"enemies":"4 Shapes","floor":42,"turns":4},{"damage":0,"enemies":"Jaw Worm Horde","floor":44,"turns":6},{"damage":0,"enemies":"Spire Growth","floor":46,"turns":5},{"damage":0,"enemies":"Transient","floor":47,"turns":5},{"damage":0,"enemies":"Sphere and 2 Shapes","floor":48,"turns":4},{"damage":16,"enemies":"Donu and Deca","floor":50,"turns":7}],"seed_played":"2705991791978996183","potions_obtained":[{"floor":1,"key":"EssenceOfSteel"},{"floor":5,"key":"Swift Potion"},{"floor":8,"key":"Ancient Potion"},{"floor":11,"key":"FocusPotion"}],"is_trial":false,"path_per_floor":["?","?","M","?","?","M","$","?","M","M","?","?","M","M"],"character_chosen":"DEFECT","items_purchased":["Medical Kit","Infinite Blades","Go for the Eyes","DataDisk","Genetic Algorithm","Hologram","Membership Card","Biased Cognition","Prepared","Mayhem","Vajra","HandDrill","Finesse","Accuracy"],"campfire_rested":4,"item_purchase_floors":[13,13,13,19,19,22,37,37,37,45,45,45,45,45],"current_hp_per_floor":[68,67,66,65,64,58,54,41,41,41,34,53,53,48,61,48,59,58,57,56,55,54,39,52,51,50,49,46,47,46,45,44,24,42,41,36,36,38,37,36,35,34,33,32,31,30,29,28,27,23],"gold":278,"neow_bonus":"","is_prod":false,"is_daily":true,"chose_seed":false,"campfire_upgraded":3,"win_rate":0,"timestamp":1553660373,"path_taken":["M","?","M","?","M","E","?","?","T","R","M","R","$","M","R","BOSS","M","$","?","?","?","E","R","E","T","?","M","R","?","?","R","BOSS","M","M","$","?","?","E","M","M","T","?","$","M","?","M","R","BOSS"],"build_version":"2019-01-23","purchased_purges":1,"victory":true,"max_hp_per_floor":[73,67,66,65,64,70,69,68,67,66,65,64,63,62,61,60,59,58,57,56,55,54,53,52,51,50,49,48,47,46,45,44,43,42,41,40,39,38,37,36,35,34,33,32,31,30,29,28,27,26],"card_choices":[{"not_picked":["Coolheaded","Flying Knee","Gash"],"picked":"SKIP","floor":1},{"not_picked":["Underhanded Strike","Aggregate","Prepared"],"picked":"SKIP","floor":3},{"not_picked":["Hologram","Bane","Deflect"],"picked":"SKIP","floor":5},{"not_picked":["Blade Dance","Backflip"],"picked":"All For One","floor":6},{"not_picked":["Dodge and Roll","Streamline"],"picked":"Cold Snap","floor":7},{"not_picked":["Static Discharge","Rebound"],"picked":"Dagger Spray","floor":8},{"not_picked":["Blade Dance","Auto Shields"],"picked":"Backflip","floor":11},{"not_picked":["Eviscerate","Storm","Rip and Tear"],"picked":"SKIP","floor":14},{"not_picked":["Thunder Strike","Storm of Steel"],"picked":"Die Die Die","floor":16},{"not_picked":["Coolheaded","Gash+1"],"picked":"BootSequence","floor":18},{"not_picked":["Setup","Outmaneuver"],"picked":"Cloak And Dagger+1","floor":21},{"not_picked":["Sucker Punch+1","Setup"],"picked":"Backflip","floor":23},{"not_picked":["Backstab","Dagger Throw"],"picked":"Night Terror","floor":25},{"not_picked":["Skewer","Flying Knee+1"],"picked":"Reinforced Body","floor":28},{"not_picked":["Leap+1","Finisher"],"picked":"Infinite Blades","floor":30},{"not_picked":["Flechettes","Stack","Leap"],"picked":"SKIP","floor":31},{"not_picked":["Rainbow","Meteor Strike"],"picked":"Wraith Form v2","floor":33},{"not_picked":["Barrage","Beam Cell+1","Dodge and Roll+1"],"picked":"SKIP","floor":35},{"not_picked":["Deflect+1","Sucker Punch+1"],"picked":"Cloak And Dagger+1","floor":36},{"not_picked":["Dagger Spray+1","Acrobatics"],"picked":"Recycle","floor":38},{"not_picked":["Core Surge","Backflip+1"],"picked":"Reprogram+1","floor":40},{"not_picked":["Coolheaded","Deadly Poison","Lockon"],"picked":"SKIP","floor":41},{"not_picked":["Ball Lightning+1","Redo","Barrage"],"picked":"SKIP","floor":42},{"not_picked":["Phantasmal Killer","Turbo+1","Beam Cell"],"picked":"SKIP","floor":44},{"not_picked":["Beam Cell","Dagger Throw+1","Well Laid Plans"],"picked":"SKIP","floor":46},{"not_picked":["Hologram+1","Barrage","Ball Lightning"],"picked":"SKIP","floor":47},{"not_picked":["Acrobatics","Hologram","Blizzard"],"picked":"SKIP","floor":48}],"player_experience":313096,"relics_obtained":[{"floor":6,"key":"Strawberry"},{"floor":8,"key":"Odd Mushroom"},{"floor":9,"key":"Bottled Lightning"},{"floor":23,"key":"Art of War"},{"floor":25,"key":"Blood Vial"},{"floor":26,"key":"Meat on the Bone"},{"floor":38,"key":"FossilizedHelix"},{"floor":40,"key":"Ancient Tea Set"},{"floor":43,"key":"PreservedInsect"}],"event_choices":[{"damage_healed":0,"gold_gain":0,"player_choice":"Lose Max HP","damage_taken":0,"relics_obtained":["Golden Idol"],"max_hp_gain":0,"max_hp_loss":5,"event_name":"Golden Idol","floor":2,"gold_loss":0},{"damage_healed":0,"gold_gain":51,"player_choice":"Gained Gold","damage_taken":0,"max_hp_gain":0,"max_hp_loss":0,"event_name":"Golden Wing","floor":4,"gold_loss":0},{"damage_healed":0,"gold_gain":0,"player_choice":"Fought Mushrooms","damage_taken":0,"max_hp_gain":0,"max_hp_loss":0,"event_name":"Mushrooms","floor":8,"gold_loss":0},{"damage_healed":0,"gold_gain":100,"player_choice":"Pray","damage_taken":0,"max_hp_gain":0,"max_hp_loss":0,"event_name":"Golden Shrine","floor":20,"gold_loss":0},{"damage_healed":0,"gold_gain":0,"player_choice":"Upgraded","damage_taken":0,"max_hp_gain":0,"max_hp_loss":0,"event_name":"Upgrade Shrine","floor":27,"gold_loss":0,"cards_upgraded":["Infinite Blades"]},{"damage_healed":0,"gold_gain":0,"player_choice":"Fight","damage_taken":0,"max_hp_gain":0,"max_hp_loss":0,"event_name":"MindBloom","floor":38,"gold_loss":0},{"damage_healed":0,"gold_gain":100,"player_choice":"Pray","damage_taken":0,"max_hp_gain":0,"max_hp_loss":0,"event_name":"Golden Shrine","floor":39,"gold_loss":0}],"is_beta":false,"boss_relics":[{"not_picked":["Black Star","Tiny House"],"picked":"Sozu"},{"not_picked":["Snecko Eye","FrozenCore"],"picked":"Runic Pyramid"}],"items_purged_floors":[45],"is_endless":false,"potions_floor_spawned":[1,5,8,11,23,28,33,36,40,41,42,44],"ascension_level":0}