{"gold_per_floor":[211,211,88,88,4,4,22,22,22,37,37,62,62,86,86,206,206,227,247,247,263,64,105,105,128,128,128,141,156,170,119,119,119],"floor_reached":33,"playtime":1348,"items_purged":["Defend_R","Bash"],"score":312,"play_id":"cfb91b62-e7ed-4b99-93c0-f72f932ac7e0","local_time":"20180924082115","is_ascension_mode":true,"campfire_choices":[{"data":"Whirlwind","floor":6,"key":"SMITH"},{"data":"Flex","floor":11,"key":"SMITH"},{"data":"Spot Weakness","floor":13,"key":"SMITH"},{"data":"Thunderclap","floor":15,"key":"SMITH"},{"data":"Armaments","floor":24,"key":"PURGE"},{"floor":27,"key":"REST"},{"floor":32,"key":"REST"}],"neow_cost":"NONE","seed_source_timestamp":248383809334735,"circlet_count":0,"master_deck":["Strike_R+1","Strike_R+1","Strike_R+1","Strike_R+1","Strike_R+1","Defend_R+1","Defend_R+1","Thunderclap+1","Whirlwind+1","Flex+1","Spot Weakness+1"],"relics":["Burning Blood","Dead Branch","Golden Idol","Kunai","Velvet Choker","Peace Pipe","Sundial"],"potions_floor_usage":[14,16,18,21,23,28,29,30,33],"damage_taken":[{"damage":7,"enemies":"2 Louse","floor":1,"turns":2},{"damage":12,"enemies":"Small Slimes","floor":7,"turns":2},{"damage":12,"enemies":"Jaw Worm","floor":10,"turns":2},{"damage":11,"enemies":"Blue Slaver","floor":12,"turns":3},{"damage":10,"enemies":"Large Slime","floor":14,"turns":5},{"damage":31,"enemies":"Hexaghost","floor":16,"turns":7},{"damage":0,"enemies":"Spheric Guardian","floor":18,"turns":2},{"damage":25,"enemies":"3 Byrds","floor":19,"turns":3},{"damage":22,"enemies":"Sentry and Sphere","floor":21,"turns":4},{"damage":0,"enemies":"Slavers","floor":23,"turns":1},{"damage":28,"enemies":"Snecko","floor":25,"turns":4},{"damage":12,"enemies":"Cultist and Chosen","floor":28,"turns":3},{"damage":24,"enemies":"Snake Plant","floor":29,"turns":2},{"damage":0,"enemies":"3 Cultists","floor":30,"turns":2},{"damage":67,"enemies":"Collector","floor":33,"turns":6}],"seed_played":"-6346493251969305520","potions_obtained":[{"floor":10,"key":"Explosive Potion"},{"floor":12,"key":"SkillPotion"},{"floor":14,"key":"Block Potion"},{"floor":16,"key":"Fire Potion"},{"floor":28,"key":"FearPotion"},{"floor":29,"key":"BloodPotion"}],"is_trial":false,"path_per_floor":["M","?","$","?","$","R","M","?","T","M","R","M","R","M","R","B",null,"M","M","?","M","$","E","R","M","T","R","M","M","M","$","R"],"character_chosen":"IRONCLAD","items_purchased":["Armaments","Whirlwind","Flex","Fire Potion","Energy Potion","SteroidPotion"],"campfire_rested":2,"item_purchase_floors":[3,5,5,22,22,31],"current_hp_per_floor":[79,79,79,67,67,67,61,61,61,55,55,50,50,46,46,21,74,74,55,55,39,39,45,45,23,23,45,39,21,34,34,56,0],"gold":119,"neow_bonus":"HUNDRED_GOLD","is_prod":false,"is_daily":false,"chose_seed":false,"campfire_upgraded":4,"win_rate":0,"timestamp":1537791675,"path_taken":["M","?","$","?","?","R","M","?","T","M","R","M","R","M","R","BOSS","M","M","?","M","?","E","R","?","T","R","?","M","M","$","R","BOSS"],"build_version":"2018-09-20","purchased_purges":2,"victory":false,"max_hp_per_floor":[80,80,80,80,80,80,80,74,74,74,74,74,74,74,74,74,74,74,74,74,74,74,74,74,74,74,74,74,74,74,74,74,74],"card_choices":[{"not_picked":["Cleave","True Grit"],"picked":"Thunderclap","floor":1},{"not_picked":["Flame Barrier","Cleave"],"picked":"Spot Weakness","floor":7},{"not_picked":["Cleave","Twin Strike","Wild Strike"],"picked":"SKIP","floor":10},{"not_picked":["Cleave","Twin Strike","Wild Strike"],"picked":"SKIP","floor":10},{"not_picked":["Barricade","Ghostly Armor","Warcry"],"picked":"SKIP","floor":12},{"not_picked":["Twin Strike","Headbutt","Battle Trance"],"picked":"SKIP","floor":14},{"not_picked":["Burning Pact","Spot Weakness","Second Wind"],"picked":"SKIP","floor":18},{"not_picked":["Havoc","Flame Barrier+1","Reckless Charge+1"],"picked":"SKIP","floor":19},{"not_picked":["Fire Breathing","Cleave","Shrug It Off"],"picked":"SKIP","floor":21},{"not_picked":["Cleave","Battle Trance","Pummel"],"picked":"SKIP","floor":23},{"not_picked":["Body Slam","Shockwave","Iron Wave"],"picked":"SKIP","floor":25},{"not_picked":["Metallicize","Thunderclap+1","Corruption"],"picked":"SKIP","floor":28},{"not_picked":["Sentinel","Dual Wield","Dropkick"],"picked":"SKIP","floor":29},{"not_picked":["Feel No Pain","Flame Barrier+1","Power Through"],"picked":"SKIP","floor":30}],"player_experience":395942,"relics_obtained":[{"floor":9,"key":"Kunai"},{"floor":23,"key":"Peace Pipe"},{"floor":26,"key":"Sundial"}],"event_choices":[{"event_name":"Living Wall","player_choice":"Forget","floor":2,"damage_taken":0},{"event_name":"Scrap Ooze","player_choice":"success","floor":4,"damage_taken":12},{"event_name":"Golden Idol","player_choice":"Lose Max HP","floor":8,"damage_taken":0},{"event_name":"Back to Basics","player_choice":"Simplicity","floor":20,"damage_taken":0}],"is_beta":false,"boss_relics":[{"not_picked":["Lizard Tail","White Beast Statue"],"picked":"Velvet Choker"}],"items_purged_floors":[3,22],"is_endless":false,"potions_floor_spawned":[10,12,14,16,28,29],"killed_by":"Collector","ascension_level":2}