{"gold_per_floor":[114,134,153,228,228,260,275,295,295,295,295,328,344,344,344,344],"floor_reached":16,"playtime":783,"items_purged":[],"score":151,"play_id":"450fe4d3-6c93-43d2-a133-9debe5149fc0","local_time":"20190327113402","is_ascension_mode":true,"campfire_choices":[{"floor":10,"key":"REST"},{"floor":15,"key":"REST"}],"neow_cost":"NONE","seed_source_timestamp":110590303000,"circlet_count":0,"master_deck":["Strike_R","Strike_R","Strike_R","Strike_R","Strike_R","Defend_R","Defend_R","Defend_R","Defend_R","Bash","Barricade","Pommel Strike","True Grit","Clothesline","Reaper","Flame Barrier","Limit Break","Pommel Strike"],"relics":["Burning Blood","Paper Frog","Frozen Egg 2","Meat on the Bone","Darkstone Periapt"],"potions_floor_usage":[6,12,12,12,13,16],"damage_taken":[{"damage":6,"enemies":"Cultist","floor":1,"turns":4},{"damage":2,"enemies":"2 Louse","floor":2,"turns":3},{"damage":10,"enemies":"Small Slimes","floor":3,"turns":3},{"damage":28,"enemies":"3 Sentries","floor":6,"turns":13},{"damage":20,"enemies":"2 Fungi Beasts","floor":7,"turns":4},{"damage":17,"enemies":"Exordium Wildlife","floor":8,"turns":6},{"damage":26,"enemies":"Gremlin Nob","floor":12,"turns":4},{"damage":41,"enemies":"Gremlin Gang","floor":13,"turns":6},{"damage":68,"enemies":"Hexaghost","floor":16,"turns":14}],"seed_played":"7816403088550681629","potions_obtained":[{"floor":2,"key":"Block Potion"},{"floor":5,"key":"Strength Potion"},{"floor":5,"key":"Poison Potion"},{"floor":8,"key":"Regen Potion"},{"floor":12,"key":"Strength Potion"},{"floor":13,"key":"Regen Potion"}],"is_trial":false,"path_per_floor":["?","?","M","?","?"],"character_chosen":"IRONCLAD","items_purchased":[],"campfire_rested":2,"item_purchase_floors":[],"current_hp_per_floor":[72,76,72,61,61,39,25,18,18,42,30,34,25,25,49,0],"gold":344,"neow_bonus":"ONE_RANDOM_RARE_CARD","is_prod":false,"is_daily":false,"chose_seed":false,"campfire_upgraded":0,"win_rate":0,"timestamp":1553700842,"path_taken":["M","M","M","?","?","E","?","M","T","R","?","E","M","?","R","BOSS"],"build_version":"2019-01-23","purchased_purges":0,"victory":false,"max_hp_per_floor":[80,80,80,80,80,80,80,80,80,80,80,80,80,80,80,80],"card_choices":[{"not_picked":["Thunderclap","Corruption","Perfected Strike"],"picked":"SKIP","floor":1},{"not_picked":["Havoc","Iron Wave"],"picked":"Pommel Strike","floor":2},{"not_picked":["Body Slam","Perfected Strike"],"picked":"True Grit","floor":3},{"not_picked":["Second Wind","Burning Pact"],"picked":"Clothesline","floor":6},{"not_picked":["Wild Strike","Warcry"],"picked":"Reaper","floor":7},{"not_picked":["Flex","Battle Trance"],"picked":"Flame Barrier","floor":8},{"not_picked":["Second Wind","Dropkick"],"picked":"Limit Break","floor":12},{"not_picked":["Fire Breathing+1","Rupture+1"],"picked":"Pommel Strike","floor":13}],"player_experience":317392,"relics_obtained":[{"floor":6,"key":"Paper Frog"},{"floor":9,"key":"Frozen Egg 2"},{"floor":12,"key":"Darkstone Periapt"}],"event_choices":[{"damage_healed":0,"gold_gain":75,"player_choice":"Gather Gold","damage_taken":11,"max_hp_gain":0,"max_hp_loss":0,"event_name":"World of Goop","floor":4,"gold_loss":0},{"damage_healed":0,"gold_gain":0,"player_choice":"Got Potions","damage_taken":0,"max_hp_gain":0,"max_hp_loss":0,"event_name":"Lab","floor":5,"gold_loss":0},{"damage_healed":0,"gold_gain":0,"player_choice":"Success","damage_taken":12,"relics_obtained":["Meat on the Bone"],"max_hp_gain":0,"max_hp_loss":0,"event_name":"Scrap Ooze","floor":11,"gold_loss":0},{"damage_healed":0,"gold_gain":0,"player_choice":"Searched \u00270\u0027 times","damage_taken":0,"max_hp_gain":0,"max_hp_loss":0,"event_name":"Dead Adventurer","floor":14,"gold_loss":0}],"is_beta":false,"boss_relics":[],"items_purged_floors":[],"is_endless":false,"potions_floor_spawned":[2,8,12,13],"killed_by":"Hexaghost","ascension_level":7}