{"gold_per_floor":[114,114,114,128,128,128,159,171,171,196,211,211,224,242,242,242],"floor_reached":16,"playtime":733,"items_purged":[],"score":178,"play_id":"608c8b9e-c729-4476-b2d9-f25a4ec5a0be","local_time":"20190326145126","is_ascension_mode":true,"campfire_choices":[{"data":"Neutralize","floor":6,"key":"SMITH"},{"floor":15,"key":"REST"}],"neow_cost":"NONE","seed_source_timestamp":10640615951500,"circlet_count":0,"master_deck":["Defend_G","Defend_G","Defend_G","Defend_G","Defend_G","Strike_G","Strike_G","Strike_G","Strike_G","Survivor+1","Neutralize+1","Dagger Throw","Glass Knife+1","Decay","Finisher","Crippling Poison","Cloak And Dagger","Skewer","Endless Agony"],"relics":["Ring of the Snake","NeowsBlessing","Unceasing Top","Nunchaku","Regal Pillow"],"potions_floor_usage":[11,13,14],"damage_taken":[{"damage":0,"enemies":"Small Slimes","floor":1,"turns":1},{"damage":0,"enemies":"Jaw Worm","floor":4,"turns":1},{"damage":0,"enemies":"3 Sentries","floor":7,"turns":1},{"damage":0,"enemies":"Cultist","floor":8,"turns":2},{"damage":27,"enemies":"Lagavulin","floor":10,"turns":6},{"damage":6,"enemies":"Large Slime","floor":11,"turns":8},{"damage":5,"enemies":"Lots of Slimes","floor":13,"turns":2},{"damage":0,"enemies":"Blue Slaver","floor":14,"turns":1},{"damage":62,"enemies":"The Guardian","floor":16,"turns":10}],"seed_played":"6149186436959163908","potions_obtained":[{"floor":8,"key":"Swift Potion"},{"floor":10,"key":"PowerPotion"},{"floor":13,"key":"Explosive Potion"}],"is_trial":false,"path_per_floor":["?","?","?","M","?"],"character_chosen":"THE_SILENT","items_purchased":[],"campfire_rested":1,"item_purchase_floors":[],"current_hp_per_floor":[63,63,49,49,49,49,49,49,49,22,16,16,11,11,47,0],"gold":242,"neow_bonus":"THREE_ENEMY_KILL","is_prod":false,"is_daily":false,"chose_seed":false,"campfire_upgraded":1,"win_rate":0,"timestamp":1553626286,"path_taken":["M","?","?","M","?","R","E","M","T","E","?","?","M","M","R","BOSS"],"build_version":"2019-01-23","purchased_purges":0,"victory":false,"max_hp_per_floor":[70,70,70,70,70,70,70,70,70,70,70,70,70,70,70,70],"card_choices":[{"not_picked":["PiercingWail","Backflip"],"picked":"Dagger Throw","floor":1},{"not_picked":["PiercingWail","Acrobatics","All Out Attack"],"picked":"SKIP","floor":4},{"not_picked":["Blade Dance","Slice","Concentrate"],"picked":"SKIP","floor":7},{"not_picked":["Deflect","Outmaneuver"],"picked":"Finisher","floor":8},{"not_picked":["Distraction","Deflect"],"picked":"Crippling Poison","floor":10},{"not_picked":["Doppelganger","Blade Dance"],"picked":"Cloak And Dagger","floor":11},{"not_picked":["Cloak And Dagger","Leg Sweep","Quick Slash"],"picked":"SKIP","floor":13},{"not_picked":["Dodge and Roll","Sucker Punch"],"picked":"Endless Agony","floor":14}],"player_experience":298283,"relics_obtained":[{"floor":7,"key":"Unceasing Top"},{"floor":9,"key":"Nunchaku"},{"floor":10,"key":"Regal Pillow"}],"event_choices":[{"damage_healed":0,"gold_gain":0,"cards_transformed":["Strike_G"],"player_choice":"Change","damage_taken":0,"max_hp_gain":0,"max_hp_loss":0,"event_name":"Living Wall","floor":2,"gold_loss":0,"cards_obtained":["Glass Knife"]},{"damage_healed":0,"gold_gain":0,"player_choice":"Entered Light","damage_taken":14,"max_hp_gain":0,"max_hp_loss":0,"event_name":"Shining Light","floor":3,"gold_loss":0,"cards_upgraded":["Survivor","Glass Knife"]},{"damage_healed":0,"gold_gain":0,"player_choice":"Cursed","damage_taken":0,"max_hp_gain":0,"max_hp_loss":0,"event_name":"Wheel of Change","floor":5,"gold_loss":0,"cards_obtained":["Decay"]},{"damage_healed":0,"gold_gain":0,"player_choice":"1 cards matched","damage_taken":0,"max_hp_gain":0,"max_hp_loss":0,"event_name":"Match and Keep!","floor":12,"gold_loss":0,"cards_obtained":["Skewer"]}],"is_beta":false,"boss_relics":[],"items_purged_floors":[],"is_endless":false,"potions_floor_spawned":[8,10,13],"killed_by":"The Guardian","ascension_level":6}