{"gold_per_floor":[118,68,68,88,163,139,154,169,223,233,233,233,251,271,271,371,371,386,301,301,301,317,317,317],"floor_reached":24,"playtime":1560,"items_purged":[],"score":213,"play_id":"57e6433f-48d1-4a5f-9738-0c6f12f063d6","local_time":"20190303063316","is_ascension_mode":false,"campfire_choices":[{"data":"Rampage","floor":12,"key":"SMITH"},{"floor":15,"key":"REST"}],"neow_cost":"NONE","seed_source_timestamp":110928613550560,"circlet_count":0,"master_deck":["Strike_R","Strike_R","Strike_R","Defend_R","Defend_R","Defend_R","Defend_R","Bash+1","Pommel Strike","Body Slam","Headbutt","Flex","Rampage+1","Shrug It Off","Flex","Headbutt","Ghostly","Ghostly","Ghostly","Ghostly","Ghostly","RitualDagger"],"relics":["Burning Blood","Meat on the Bone","Mark of Pain","Lantern"],"potions_floor_usage":[16,24,24],"damage_taken":[{"damage":5,"enemies":"2 Louse","floor":1,"turns":4},{"damage":6,"enemies":"Jaw Worm","floor":4,"turns":3},{"damage":0,"enemies":"Cultist","floor":7,"turns":2},{"damage":11,"enemies":"3 Louse","floor":8,"turns":4},{"damage":14,"enemies":"Exordium Thugs","floor":10,"turns":5},{"damage":10,"enemies":"Looter","floor":13,"turns":3},{"damage":15,"enemies":"Exordium Wildlife","floor":14,"turns":4},{"damage":64,"enemies":"Hexaghost","floor":16,"turns":8},{"damage":30,"enemies":"Shell Parasite","floor":18,"turns":6},{"damage":8,"enemies":"Chosen","floor":22,"turns":8},{"damage":36,"enemies":"Gremlin Leader","floor":24,"turns":7}],"seed_played":"-4441831252451166474","potions_obtained":[{"floor":7,"key":"Poison Potion"},{"floor":10,"key":"AttackPotion"},{"floor":18,"key":"Swift Potion"}],"is_trial":false,"path_per_floor":["?","?","?","M","T","?","?","?","?"],"character_chosen":"IRONCLAD","items_purchased":["Headbutt"],"campfire_rested":1,"item_purchase_floors":[6],"current_hp_per_floor":[80,80,80,80,69,69,75,70,70,62,62,62,58,49,73,27,80,56,56,40,34,32,27,0],"gold":317,"neow_bonus":"UPGRADE_CARD","is_prod":false,"is_daily":false,"chose_seed":false,"campfire_upgraded":1,"win_rate":0,"timestamp":1551605596,"path_taken":["M","?","?","M","?","$","?","M","T","M","?","R","M","M","R","BOSS","M","?","?","?","M","?","E"],"build_version":"2019-01-23","purchased_purges":0,"victory":false,"max_hp_per_floor":[80,80,80,80,80,80,80,80,80,80,80,80,80,80,80,80,80,80,80,40,40,40,45,45],"card_choices":[{"not_picked":["Corruption","Havoc"],"picked":"Pommel Strike","floor":1},{"not_picked":["Clash","Wild Strike"],"picked":"Body Slam","floor":4},{"not_picked":["Anger","Heavy Blade"],"picked":"Flex","floor":7},{"not_picked":["Wild Strike","Clothesline","Dual Wield"],"picked":"SKIP","floor":8},{"not_picked":["Sword Boomerang","Uppercut"],"picked":"Rampage","floor":10},{"not_picked":["Rampage","Pommel Strike"],"picked":"Shrug It Off","floor":13},{"not_picked":["Sword Boomerang","Warcry"],"picked":"Flex","floor":14},{"not_picked":["Rage","Perfected Strike+1"],"picked":"Headbutt","floor":18},{"not_picked":["Warcry","Heavy Blade+1","Perfected Strike"],"picked":"SKIP","floor":22}],"player_experience":249879,"relics_obtained":[{"floor":11,"key":"Meat on the Bone"}],"event_choices":[{"cards_removed":["Strike_R"],"damage_healed":0,"gold_gain":0,"player_choice":"Card Removal","damage_taken":0,"max_hp_gain":0,"max_hp_loss":0,"event_name":"The Cleric","floor":2,"gold_loss":50},{"cards_removed":["Strike_R"],"damage_healed":0,"gold_gain":0,"player_choice":"Forget","damage_taken":0,"max_hp_gain":0,"max_hp_loss":0,"event_name":"Living Wall","floor":3,"gold_loss":0},{"damage_healed":0,"gold_gain":75,"player_choice":"Gather Gold","damage_taken":11,"max_hp_gain":0,"max_hp_loss":0,"event_name":"World of Goop","floor":5,"gold_loss":0},{"damage_healed":0,"gold_gain":0,"player_choice":"Obtained Relic","damage_taken":0,"relics_obtained":["Lantern"],"max_hp_gain":0,"max_hp_loss":0,"event_name":"Addict","floor":19,"gold_loss":85},{"damage_healed":0,"gold_gain":0,"player_choice":"Became a Ghost","damage_taken":0,"max_hp_gain":0,"max_hp_loss":40,"event_name":"Ghosts","floor":20,"gold_loss":0,"cards_obtained":["Ghostly","Ghostly","Ghostly","Ghostly","Ghostly"]},{"damage_healed":0,"gold_gain":0,"player_choice":"Joined the Cult","damage_taken":6,"max_hp_gain":0,"max_hp_loss":0,"event_name":"Nest","floor":21,"gold_loss":0,"cards_obtained":["RitualDagger"]},{"damage_healed":0,"gold_gain":0,"player_choice":"Shed Blood","damage_taken":10,"max_hp_gain":5,"max_hp_loss":0,"event_name":"Forgotten Altar","floor":23,"gold_loss":0}],"is_beta":false,"boss_relics":[{"not_picked":["Coffee Dripper","Busted Crown"],"picked":"Mark of Pain"}],"items_purged_floors":[],"is_endless":false,"potions_floor_spawned":[7,10,18],"killed_by":"Gremlin Leader","ascension_level":0}