{"gold_per_floor":[115,126,226,69,84,84,109,126,126,146,146,46,46,59,59,163,163,173,185,185,195,212,227,227,227,254,266,281,281,298,328,328,328],"floor_reached":33,"playtime":1141,"items_purged":["Defend_B","Defend_B"],"score":303,"play_id":"f2a61c68-a858-480b-96a3-77793eea9b3c","local_time":"20180706113827","is_ascension_mode":false,"campfire_choices":[{"data":"Hyperbeam","floor":6,"key":"SMITH"},{"data":"Beam Cell","floor":15,"key":"SMITH"},{"floor":24,"key":"REST"},{"floor":29,"key":"REST"},{"floor":32,"key":"REST"}],"neow_cost":"NONE","seed_source_timestamp":1330465119838802,"circlet_count":0,"master_deck":["Strike_B","Strike_B","Strike_B","Strike_B","Defend_B","Defend_B","Zap","Dualcast","Beam Cell+1","Beam Cell","Hyperbeam+1","Turbo","Hologram","Turbo","Hyperbeam"],"relics":["Cracked Core","Anchor","Bottled Flame","Mercury Hourglass","Fusion Hammer","Pear","Blood Vial","Red Mask"],"potions_floor_usage":[16,16,16,33,33,33],"damage_taken":[{"damage":0,"enemies":"Small Slimes","floor":1,"turns":2},{"damage":0,"enemies":"Cultist","floor":2,"turns":2},{"damage":1,"enemies":"Jaw Worm","floor":5,"turns":2},{"damage":0,"enemies":"3 Sentries","floor":7,"turns":2},{"damage":7,"enemies":"Blue Slaver","floor":8,"turns":3},{"damage":0,"enemies":"Looter","floor":10,"turns":1},{"damage":0,"enemies":"Exordium Thugs","floor":14,"turns":2},{"damage":53,"enemies":"Hexaghost","floor":16,"turns":5},{"damage":0,"enemies":"Shell Parasite","floor":18,"turns":2},{"damage":0,"enemies":"Chosen","floor":19,"turns":3},{"damage":0,"enemies":"Slaver and Parasite","floor":21,"turns":1},{"damage":23,"enemies":"Snecko","floor":22,"turns":4},{"damage":6,"enemies":"Snake Plant","floor":23,"turns":2},{"damage":0,"enemies":"Cultist and Chosen","floor":27,"turns":3},{"damage":0,"enemies":"3 Cultists","floor":28,"turns":1},{"damage":0,"enemies":"Centurion and Healer","floor":30,"turns":2},{"damage":0,"floor":31,"turns":1},{"damage":98,"enemies":"Champ","floor":33,"turns":6}],"seed_played":"-716697624947489006","potions_obtained":[{"floor":2,"key":"FocusPotion"},{"floor":7,"key":"Strength Potion"},{"floor":11,"key":"Strength Potion"},{"floor":21,"key":"FearPotion"},{"floor":22,"key":"Block Potion"},{"floor":27,"key":"SteroidPotion"},{"floor":28,"key":"Strength Potion"}],"is_trial":false,"path_per_floor":["M","M","?","$","M","R","E","M","T","M","?","$","?","M","R","B",null,"M","M","?","M","M","M","R","T","T","M","M","R","M","?","R"],"character_chosen":"DEFECT","items_purchased":["Hyperbeam"],"campfire_rested":3,"item_purchase_floors":[4],"current_hp_per_floor":[75,75,75,75,74,74,74,67,67,67,67,67,72,72,72,19,80,80,80,64,64,41,35,59,69,69,71,73,90,90,90,90,0],"gold":328,"neow_bonus":"RANDOM_COMMON_RELIC","is_prod":false,"is_daily":false,"chose_seed":false,"campfire_upgraded":2,"win_rate":0.0,"timestamp":1530891507,"path_taken":["M","M","?","$","M","R","E","?","T","M","?","$","?","M","R","BOSS","M","M","?","M","M","M","R","?","T","?","M","R","M","?","R","BOSS"],"build_version":"2018-07-05","purchased_purges":2,"victory":false,"max_hp_per_floor":[75,75,75,75,75,75,75,75,75,75,75,75,80,80,80,80,80,80,80,80,80,80,80,80,90,90,90,90,90,90,90,90,90],"card_choices":[{"not_picked":["Hologram","Leap"],"picked":"Beam Cell","floor":1},{"not_picked":["Redo","Doom and Gloom"],"picked":"Beam Cell","floor":2},{"not_picked":["Steam","Cold Snap"],"picked":"Turbo","floor":5},{"not_picked":["Conserve Battery","Compile Driver","Tempest"],"picked":"SKIP","floor":7},{"not_picked":["Core Surge","Gash"],"picked":"Hologram","floor":8},{"not_picked":["Capacitor","Defragment"],"picked":"Turbo","floor":10},{"not_picked":["Beam Cell","Storm","Barrage"],"picked":"SKIP","floor":14},{"not_picked":["Meteor Strike","Core Surge"],"picked":"Hyperbeam","floor":16},{"not_picked":["Rebound","Beam Cell","Barrage+1"],"picked":"SKIP","floor":18},{"not_picked":["Cold Snap","Rebound+1","Streamline"],"picked":"SKIP","floor":19},{"not_picked":["Loop","Chaos","Hologram"],"picked":"SKIP","floor":21},{"not_picked":["Hologram","Chill","Sunder"],"picked":"SKIP","floor":22},{"not_picked":["Machine Learning","Hologram","Compile Driver+1"],"picked":"SKIP","floor":23},{"not_picked":["Gash","Undo","Steam"],"picked":"SKIP","floor":27},{"not_picked":["Beam Cell","Gash","Rebound"],"picked":"SKIP","floor":28},{"not_picked":["Hologram","Compile Driver+1","Chill"],"picked":"SKIP","floor":30}],"player_experience":85061,"relics_obtained":[{"floor":7,"key":"Bottled Flame"},{"floor":9,"key":"Mercury Hourglass"},{"floor":25,"key":"Pear"},{"floor":26,"key":"Blood Vial"},{"floor":31,"key":"Red Mask"}],"event_choices":[{"event_name":"Wheel of Change","player_choice":"Gold","floor":3,"damage_taken":0},{"event_name":"The Lab","player_choice":"Got Potions","floor":11,"damage_taken":0},{"event_name":"Big Fish","player_choice":"Donut","floor":13,"damage_taken":0},{"event_name":"Cursed Tome","player_choice":"Obtained Book","floor":20,"damage_taken":0},{"event_name":"Masked Bandits","player_choice":"Fought over 298 gold","floor":31,"damage_taken":0}],"boss_relics":[{"not_picked":["Astrolabe","Snecko Eye"],"picked":"Fusion Hammer"}],"items_purged_floors":[4,12],"is_endless":false,"potions_floor_spawned":[2,7,21,22,27,28],"killed_by":"Champ","ascension_level":0}