{"gold_per_floor":[10,26,41,52,65,65,85,85,85,160,179,197,197,272,272,370,370,386,401,420,438,438,438,450,450,475,475,574,592,603,619,619,724,724,738,429,441,441,455,455,455,472,472,472,382,382,401,100,100,100],"floor_reached":51,"playtime":3152,"items_purged":["Bite","Bite"],"score":647,"play_id":"4c18917c-f41b-4c56-9693-8022301747f9","local_time":"20190311233952","is_ascension_mode":false,"campfire_choices":[{"data":"Body Slam","floor":6,"key":"SMITH"},{"data":"Flame Barrier","floor":8,"key":"SMITH"},{"data":"Demon Form","floor":13,"key":"SMITH"},{"data":"Whirlwind","floor":15,"key":"SMITH"},{"data":"Body Slam","floor":23,"key":"SMITH"},{"data":"Bash","floor":25,"key":"PURGE"},{"data":"Parasite","floor":27,"key":"PURGE"},{"data":"Offering","floor":32,"key":"SMITH"},{"data":"Limit Break","floor":40,"key":"SMITH"},{"data":"Barricade","floor":44,"key":"SMITH"},{"floor":49,"key":"REST"}],"neow_cost":"NO_GOLD","seed_source_timestamp":45639401068600,"circlet_count":0,"master_deck":["Defend_R","Defend_R","Defend_R","Defend_R","Flame Barrier+1","Body Slam+1","Iron Wave","Ghostly Armor","Demon Form+1","Whirlwind+1","Seeing Red","Offering+1","Body Slam+1","Heavy Blade","Bite","Bite","Impervious","Ghostly Armor","Armaments+1","Limit Break+1","Shrug It Off","Inflame","Trip","Sword Boomerang","Barricade+1","Madness","Madness+1","Limit Break","Shrug It Off"],"relics":["Burning Blood","Peace Pipe","Cursed Key","Juzu Bracelet","Runic Pyramid","Art of War"],"potions_floor_usage":[20,42,50,50,50],"damage_taken":[{"damage":0,"enemies":"Small Slimes","floor":1,"turns":3},{"damage":1,"enemies":"Jaw Worm","floor":2,"turns":6},{"damage":6,"enemies":"Cultist","floor":3,"turns":3},{"damage":10,"enemies":"2 Fungi Beasts","floor":4,"turns":5},{"damage":4,"enemies":"3 Louse","floor":5,"turns":4},{"damage":0,"enemies":"Large Slime","floor":7,"turns":7},{"damage":12,"enemies":"2 Fungi Beasts","floor":11,"turns":4},{"damage":10,"enemies":"Red Slaver","floor":12,"turns":5},{"damage":29,"enemies":"Hexaghost","floor":16,"turns":8},{"damage":11,"enemies":"Spheric Guardian","floor":18,"turns":3},{"damage":16,"enemies":"2 Thieves","floor":19,"turns":3},{"damage":27,"enemies":"Sentry and Sphere","floor":20,"turns":5},{"damage":6,"enemies":"Snake Plant","floor":21,"turns":2},{"damage":15,"enemies":"Shelled Parasite and Fungi","floor":24,"turns":5},{"damage":9,"enemies":"Centurion and Healer","floor":29,"turns":6},{"damage":6,"enemies":"3 Cultists","floor":30,"turns":3},{"damage":6,"enemies":"Cultist and Chosen","floor":31,"turns":4},{"damage":74,"enemies":"Champ","floor":33,"turns":11},{"damage":6,"enemies":"3 Darklings","floor":35,"turns":4},{"damage":24,"enemies":"3 Shapes","floor":37,"turns":4},{"damage":16,"enemies":"Writhing Mass","floor":39,"turns":5},{"damage":24,"enemies":"Transient","floor":42,"turns":5},{"damage":6,"enemies":"Spire Growth","floor":47,"turns":4},{"damage":13,"enemies":"Awakened One","floor":50,"turns":16}],"seed_played":"1596607826013564604","potions_obtained":[{"floor":2,"key":"Poison Potion"},{"floor":3,"key":"Fire Potion"},{"floor":5,"key":"Strength Potion"},{"floor":7,"key":"Strength Potion"},{"floor":21,"key":"FearPotion"},{"floor":42,"key":"Dexterity Potion"}],"is_trial":false,"path_per_floor":["?","?","?","?","?","?","?","?"],"character_chosen":"IRONCLAD","items_purchased":["Shrug It Off","Inflame","Trip","Sword Boomerang","Shrug It Off","Art of War"],"campfire_rested":1,"item_purchase_floors":[36,36,36,36,48,48],"current_hp_per_floor":[80,80,80,76,78,78,80,80,80,69,63,59,59,51,51,28,80,75,65,44,44,44,44,41,41,41,41,41,50,53,53,53,8,53,53,53,39,39,41,41,34,21,21,21,21,21,25,25,40,41],"gold":100,"neow_bonus":"REMOVE_TWO","is_prod":false,"is_daily":false,"chose_seed":false,"campfire_upgraded":8,"win_rate":0,"timestamp":1552361992,"path_taken":["M","M","M","M","M","R","M","R","T","?","M","M","R","?","R","BOSS","M","M","M","M","?","R","M","R","T","R","?","M","M","M","R","BOSS","M","$","M","?","M","R","?","M","T","R","?","?","M","$","R","BOSS"],"build_version":"2019-01-23","purchased_purges":2,"victory":true,"max_hp_per_floor":[80,80,80,80,80,80,80,80,80,80,80,80,80,80,80,80,80,80,80,80,80,56,56,56,56,56,53,53,53,53,53,53,53,53,53,53,53,53,53,53,53,53,53,53,53,53,53,53,53,53],"card_choices":[{"not_picked":["Wild Strike","Clothesline"],"picked":"Flame Barrier","floor":1},{"not_picked":["Rupture","Perfected Strike"],"picked":"Body Slam","floor":2},{"not_picked":["Corruption","Twin Strike"],"picked":"Iron Wave","floor":3},{"not_picked":["Dropkick","Warcry","Pummel"],"picked":"SKIP","floor":4},{"not_picked":["Twin Strike","Rupture"],"picked":"Ghostly Armor","floor":5},{"not_picked":["Fire Breathing","Anger"],"picked":"Demon Form","floor":7},{"not_picked":["Flex","Rampage"],"picked":"Whirlwind","floor":11},{"not_picked":["Blood for Blood","Havoc"],"picked":"Seeing Red","floor":12},{"not_picked":["Brutality","Fiend Fire"],"picked":"Offering","floor":16},{"not_picked":["Wild Strike+1","Perfected Strike"],"picked":"Body Slam","floor":18},{"not_picked":["Flex","Wild Strike"],"picked":"Heavy Blade","floor":19},{"not_picked":["Spot Weakness","Clash","Heavy Blade"],"picked":"SKIP","floor":20},{"not_picked":["Whirlwind","Clash+1","Flex+1"],"picked":"SKIP","floor":21},{"not_picked":["Warcry","Flame Barrier"],"picked":"Impervious","floor":24},{"not_picked":["Pommel Strike","Armaments"],"picked":"Ghostly Armor","floor":29},{"not_picked":["Heavy Blade","Twin Strike"],"picked":"Armaments+1","floor":30},{"not_picked":["Clothesline","Feel No Pain","Pommel Strike"],"picked":"SKIP","floor":31},{"not_picked":["Immolate","Exhume"],"picked":"Limit Break","floor":33},{"not_picked":["True Grit","Clothesline+1","Sword Boomerang"],"picked":"SKIP","floor":35},{"not_picked":["Sentinel+1","Flame Barrier+1"],"picked":"Barricade","floor":37},{"not_picked":["Feel No Pain","Wild Strike","Sword Boomerang+1"],"picked":"SKIP","floor":39},{"not_picked":["Seeing Red","Clash","Cleave+1"],"picked":"SKIP","floor":42},{"not_picked":["Anger+1","Clothesline"],"picked":"Limit Break","floor":47}],"player_experience":157485,"relics_obtained":[{"floor":9,"key":"Peace Pipe"},{"floor":26,"key":"Juzu Bracelet"}],"event_choices":[{"damage_healed":0,"gold_gain":75,"player_choice":"Gather Gold","damage_taken":11,"max_hp_gain":0,"max_hp_loss":0,"event_name":"World of Goop","floor":10,"gold_loss":0},{"damage_healed":0,"gold_gain":75,"player_choice":"Touch","damage_taken":8,"max_hp_gain":0,"max_hp_loss":0,"event_name":"FaceTrader","floor":14,"gold_loss":0},{"damage_healed":0,"gold_gain":0,"player_choice":"Became a vampire","damage_taken":0,"max_hp_gain":0,"max_hp_loss":24,"event_name":"Vampires","floor":22,"gold_loss":0,"cards_obtained":["Bite","Bite","Bite","Bite","Bite"]},{"damage_healed":0,"gold_gain":99,"player_choice":"Stole From Cult","damage_taken":0,"max_hp_gain":0,"max_hp_loss":0,"event_name":"Nest","floor":28,"gold_loss":0},{"damage_healed":0,"gold_gain":0,"player_choice":"Memory 1","damage_taken":0,"max_hp_gain":0,"max_hp_loss":0,"event_name":"SensoryStone","floor":38,"gold_loss":0},{"damage_healed":0,"gold_gain":0,"player_choice":"Embrace Madness","damage_taken":7,"max_hp_gain":0,"max_hp_loss":0,"event_name":"Winding Halls","floor":41,"gold_loss":0,"cards_obtained":["Madness","Madness"]},{"cards_removed":["Bite"],"damage_healed":0,"gold_gain":0,"player_choice":"Upgrade and Remove","damage_taken":0,"max_hp_gain":0,"max_hp_loss":0,"event_name":"Designer","floor":45,"gold_loss":90,"cards_upgraded":["Madness"]},{"damage_healed":0,"gold_gain":0,"player_choice":"Ignored","damage_taken":0,"max_hp_gain":0,"max_hp_loss":0,"event_name":"Tomb of Lord Red Mask","floor":46,"gold_loss":0}],"is_beta":false,"boss_relics":[{"not_picked":["Busted Crown","Coffee Dripper"],"picked":"Cursed Key"},{"not_picked":["Pandora\u0027s Box","Lizard Tail"],"picked":"Runic Pyramid"}],"items_purged_floors":[36,48],"is_endless":false,"potions_floor_spawned":[2,3,5,7,11,19,21,24,33,37,42,47],"ascension_level":0}