{"gold_per_floor":[17,17,17,30,44,44,219,230,230,230,241,241,257,281,281,281],"floor_reached":16,"playtime":556,"items_purged":[],"score":92,"play_id":"80c14b90-af53-4b47-ac84-599c77df463e","local_time":"20180706114754","is_ascension_mode":false,"campfire_choices":[{"data":"Turbo","floor":6,"key":"SMITH"},{"floor":10,"key":"REST"},{"floor":12,"key":"REST"},{"data":"Beam Cell","floor":15,"key":"SMITH"}],"neow_cost":"NO_GOLD","seed_source_timestamp":1331618209067026,"circlet_count":0,"master_deck":["Strike_B","Strike_B","Strike_B","Strike_B+1","Defend_B","Defend_B","Defend_B","Defend_B","Zap","Dualcast","Hyperbeam+1","Turbo+1","Doubt","Beam Cell+1"],"relics":["Cracked Core","Darkstone Periapt","Boot"],"potions_floor_usage":[16,16,16],"damage_taken":[{"damage":0,"enemies":"Small Slimes","floor":1,"turns":1},{"damage":0,"enemies":"Cultist","floor":4,"turns":2},{"damage":11,"enemies":"Jaw Worm","floor":5,"turns":2},{"damage":13,"enemies":"Red Slaver","floor":8,"turns":3},{"damage":10,"enemies":"Looter","floor":11,"turns":2},{"damage":9,"enemies":"Blue Slaver","floor":13,"turns":3},{"damage":62,"enemies":"Hexaghost","floor":16,"turns":9}],"seed_played":"-4559930508424620442","potions_obtained":[{"floor":1,"key":"AttackPotion"},{"floor":5,"key":"PowerPotion"},{"floor":13,"key":"PowerPotion"}],"is_trial":false,"path_per_floor":["M","?","?","M","M","R","?","M","T","R","M","R","M","T","R"],"character_chosen":"DEFECT","items_purchased":[],"campfire_rested":2,"item_purchase_floors":[],"current_hp_per_floor":[75,60,60,60,49,49,49,36,36,58,48,70,61,61,61,0],"gold":281,"neow_bonus":"THREE_RARE_CARDS","is_prod":false,"is_daily":false,"chose_seed":false,"campfire_upgraded":2,"win_rate":0.0,"timestamp":1530892074,"path_taken":["M","?","?","M","M","R","?","M","T","R","?","R","M","?","R","BOSS"],"build_version":"2018-07-05","purchased_purges":0,"victory":false,"max_hp_per_floor":[75,75,75,75,75,75,75,75,75,75,75,75,75,75,75,75],"card_choices":[{"not_picked":["Meteor Strike","Fission"],"picked":"Hyperbeam","floor":0},{"not_picked":["Undo","Auto Shields","Stack"],"picked":"SKIP","floor":1},{"not_picked":["Cold Snap","Glacier","Coolheaded"],"picked":"SKIP","floor":4},{"not_picked":["Hello World","Go for the Eyes"],"picked":"Turbo","floor":5},{"not_picked":["Streamline","Sweeping Beam"],"picked":"Beam Cell","floor":8},{"not_picked":["Loop","Redo","Turbo"],"picked":"SKIP","floor":11},{"not_picked":["Buffer","Gash","Redo"],"picked":"SKIP","floor":13}],"player_experience":86202,"relics_obtained":[{"floor":9,"key":"Darkstone Periapt"},{"floor":14,"key":"Boot"}],"event_choices":[{"event_name":"Shining Light","player_choice":"Entered Light","floor":2,"damage_taken":0},{"event_name":"Match and Keep!","player_choice":"0 cards matched","floor":3,"damage_taken":0},{"event_name":"Liars Game","player_choice":"agreed","floor":7,"damage_taken":0}],"boss_relics":[],"items_purged_floors":[],"is_endless":false,"potions_floor_spawned":[1,5,13],"killed_by":"Hexaghost","ascension_level":0}