{"gold_per_floor":[118,118,118,118,132,166,64,64,64,76,76,76,76,103,103,203,203,213,231,131,144,19,19,19,19,43,43,63,77,95,25,25,125,125,141,0,13,24,24,24,41,41,89,89,89,89,89,104,104,104],"floor_reached":50,"playtime":1627,"items_purged":["Defend_B","Strike_B","Regret"],"score":473,"play_id":"bde967c2-c63f-4305-bd0f-c44c4ea64938","local_time":"20180709131452","is_ascension_mode":false,"campfire_choices":[{"floor":8,"key":"REST"},{"floor":13,"key":"REST"},{"data":"Coolheaded","floor":15,"key":"SMITH"},{"floor":23,"key":"REST"},{"data":"Gash","floor":25,"key":"SMITH"},{"data":"Gash","floor":27,"key":"SMITH"},{"floor":32,"key":"REST"},{"floor":40,"key":"REST"},{"data":"Seek","floor":46,"key":"SMITH"},{"floor":49,"key":"REST"}],"neow_cost":"","seed_source_timestamp":1594967008155618,"circlet_count":0,"master_deck":["Strike_B","Strike_B","Strike_B+1","Defend_B","Defend_B","Zap","Dualcast+1","Gash+1","Streamline","Go for the Eyes","Compile Driver","Gash+1","Gash+1","FTL","Gash","Fusion","FTL","Seek+1","Streamline+1","Doubt"],"relics":["Cracked Core","Matryoshka","Bottled Lightning","Regal Pillow","Ginger","Oddly Smooth Stone","Cables","Nuclear Battery","Pen Nib","Bag of Preparation","Lizard Tail","Red Mask","Anchor"],"potions_floor_usage":[6,28,50,50],"damage_taken":[{"damage":2,"enemies":"Small Slimes","floor":1,"turns":4},{"damage":0,"enemies":"Cultist","floor":5,"turns":2},{"damage":24,"enemies":"Lagavulin","floor":6,"turns":6},{"damage":0,"enemies":"2 Louse","floor":10,"turns":2},{"damage":17,"enemies":"Gremlin Nob","floor":14,"turns":3},{"damage":56,"enemies":"The Guardian","floor":16,"turns":9},{"damage":5,"enemies":"Chosen","floor":18,"turns":3},{"damage":20,"enemies":"3 Byrds","floor":19,"turns":5},{"damage":16,"enemies":"Snecko","floor":21,"turns":4},{"damage":26,"enemies":"Snake Plant","floor":28,"turns":3},{"damage":0,"enemies":"3 Cultists","floor":29,"turns":3},{"damage":18,"enemies":"Snecko","floor":30,"turns":4},{"damage":32,"enemies":"Collector","floor":33,"turns":6},{"damage":7,"enemies":"3 Shapes","floor":35,"turns":4},{"damage":14,"enemies":"Orb Walker","floor":37,"turns":3},{"damage":13,"enemies":"Maw","floor":38,"turns":6},{"damage":42,"enemies":"4 Shapes","floor":41,"turns":4},{"damage":66,"enemies":"Sphere and 2 Shapes","floor":48,"turns":5},{"damage":108,"enemies":"Donu and Deca","floor":50,"turns":5}],"seed_played":"-4279070101660437152","potions_obtained":[{"floor":1,"key":"Weak Potion"},{"floor":10,"key":"Ancient Potion"},{"floor":19,"key":"Fire Potion"},{"floor":48,"key":"SteroidPotion"}],"is_trial":false,"path_per_floor":["M","?","?","?","M","E","$","R","T","M","$","?","R","E","R","B",null,"M","M","$","M","$","R","?","R","T","R","M","M","M","$","R","B",null,"M","?","M","M","$","R","M","?","T","?","?","R","$","M","R"],"character_chosen":"DEFECT","items_purchased":["Compile Driver","FTL"],"campfire_rested":6,"item_purchase_floors":[7,31],"current_hp_per_floor":[73,73,73,58,58,34,34,56,56,56,56,44,75,58,58,2,75,70,50,50,34,34,71,71,71,71,71,45,45,27,27,64,32,75,68,68,54,41,41,75,33,33,33,33,75,75,75,9,46,0],"gold":104,"neow_bonus":"","is_prod":false,"is_daily":false,"chose_seed":false,"campfire_upgraded":4,"win_rate":0.0,"timestamp":1531156492,"path_taken":["M","?","?","?","M","E","$","R","T","M","$","?","R","E","R","BOSS","M","M","$","M","$","R","?","R","T","R","M","M","M","$","R","BOSS","M","?","?","M","?","R","M","?","T","?","?","R","?","?","R","BOSS"],"build_version":"2018-07-05","purchased_purges":3,"victory":false,"max_hp_per_floor":[75,75,75,75,75,75,75,75,75,75,75,75,75,75,75,75,75,75,75,75,75,75,75,75,75,75,75,75,75,75,75,75,75,75,75,75,75,75,75,75,75,75,75,75,75,75,75,75,75,75],"card_choices":[{"not_picked":["Conserve Battery","Force Field"],"picked":"Gash","floor":1},{"not_picked":["Leap","Defragment"],"picked":"Coolheaded","floor":5},{"not_picked":["Core Surge","Turbo"],"picked":"Go for the Eyes","floor":6},{"not_picked":["Hologram","Stack"],"picked":"Gash","floor":10},{"not_picked":["Beam Cell","Streamline","Consume"],"picked":"SKIP","floor":14},{"not_picked":["Undo","Compile Driver"],"picked":"Gash+1","floor":18},{"not_picked":["Scrape","Rebound"],"picked":"FTL","floor":19},{"not_picked":["Beam Cell","Rebound","Tempest"],"picked":"SKIP","floor":21},{"not_picked":["Force Field+1","Redo","Beam Cell+1"],"picked":"SKIP","floor":28},{"not_picked":["Genetic Algorithm","Steam"],"picked":"Fusion","floor":29},{"not_picked":["Leap","Sunder","Reinforced Body"],"picked":"SKIP","floor":30},{"not_picked":["Fission","Biased Cognition"],"picked":"Seek","floor":33},{"not_picked":["Conserve Battery","Sweeping Beam"],"picked":"Streamline+1","floor":35},{"not_picked":["Static Discharge","Darkness+1","Reprogram"],"picked":"SKIP","floor":37},{"not_picked":["Steam+1","Barrage","Rebound"],"picked":"SKIP","floor":38},{"not_picked":["Auto Shields+1","Recycle","Hyperbeam"],"picked":"SKIP","floor":41},{"not_picked":["Genetic Algorithm+1","Conserve Battery+1","Melter+1"],"picked":"SKIP","floor":48}],"player_experience":147302,"relics_obtained":[{"floor":6,"key":"Bottled Lightning"},{"floor":9,"key":"Regal Pillow"},{"floor":9,"key":"Ginger"},{"floor":14,"key":"Cables"},{"floor":26,"key":"Pen Nib"},{"floor":26,"key":"Bag of Preparation"},{"floor":43,"key":"Anchor"}],"event_choices":[{"event_name":"Big Fish","player_choice":"Box","floor":2,"damage_taken":0},{"event_name":"Transmorgrifier","player_choice":"Transform","floor":3,"damage_taken":0},{"event_name":"Shining Light","player_choice":"Entered Light","floor":4,"damage_taken":0},{"event_name":"Scrap Ooze","player_choice":"success","floor":12,"damage_taken":12},{"event_name":"The Library","player_choice":"Read","floor":24,"damage_taken":0},{"event_name":"Tomb of Lord Red Mask","player_choice":"Paid","floor":36,"damage_taken":0},{"event_name":"Mysterious Sphere","player_choice":"Ignore","floor":42,"damage_taken":0},{"event_name":"Falling","player_choice":"Removed Skill","floor":44,"damage_taken":0},{"event_name":"MindBloom","player_choice":"Heal","floor":45,"damage_taken":0}],"boss_relics":[{"not_picked":["White Beast Statue","Empty Cage"],"picked":"Nuclear Battery"},{"not_picked":["Eternal Feather","Coffee Dripper"],"picked":"Lizard Tail"}],"items_purged_floors":[7,20,22],"is_endless":false,"potions_floor_spawned":[1,10,19,48],"killed_by":"Donu and Deca","ascension_level":0}