{"gold_per_floor":[112,125,144,159,84,84,102,102,127,127,143,318,334,351,351,454,454,472,472,372,383,398,398,413,218,264,0,0,0,0,0,0,105,105,121,131,131,144,163,163,163,179,231,231,33,46,46,58,58,58],"floor_reached":51,"playtime":1906,"items_purged":["Defend_B","Doubt","Strike_B","Zap"],"score":668,"play_id":"360c9a09-afc0-487f-afae-1270f3d5742f","local_time":"20180802111427","is_ascension_mode":false,"campfire_choices":[{"floor":6,"key":"REST"},{"floor":15,"key":"REST"},{"floor":23,"key":"REST"},{"data":"Scrape","floor":28,"key":"SMITH"},{"data":"Scrape","floor":30,"key":"SMITH"},{"data":"Gash","floor":32,"key":"SMITH"},{"data":"Gash","floor":40,"key":"SMITH"},{"floor":44,"key":"REST"},{"data":"Gash","floor":47,"key":"SMITH"},{"floor":49,"key":"REST"}],"neow_cost":"NONE","seed_source_timestamp":1910792141356440,"circlet_count":0,"master_deck":["Strike_B","Strike_B","Defend_B","Defend_B","Dualcast","Beam Cell","Gash+1","Gash+1","Hologram","Scrape+1","Scrape+1","Gash+1","Reboot","Reboot","Gash"],"relics":["Cracked Core","Anchor","Happy Flower","Runic Dome","Pen Nib","Runic Pyramid","Boot"],"potions_floor_usage":[7,13,21,21,24,33,42,48],"damage_taken":[{"damage":11,"enemies":"Jaw Worm","floor":1,"turns":2},{"damage":6,"enemies":"Cultist","floor":2,"turns":3},{"damage":2,"enemies":"Small Slimes","floor":3,"turns":3},{"damage":18,"enemies":"Exordium Wildlife","floor":4,"turns":4},{"damage":0,"enemies":"Large Slime","floor":7,"turns":2},{"damage":0,"enemies":"Looter","floor":11,"turns":2},{"damage":4,"enemies":"3 Louse","floor":13,"turns":3},{"damage":17,"enemies":"Gremlin Gang","floor":14,"turns":3},{"damage":51,"enemies":"Slime Boss","floor":16,"turns":9},{"damage":17,"enemies":"3 Byrds","floor":18,"turns":5},{"damage":7,"enemies":"Spheric Guardian","floor":21,"turns":3},{"damage":30,"enemies":"Slaver and Parasite","floor":22,"turns":5},{"damage":2,"enemies":"Centurion and Healer","floor":24,"turns":4},{"damage":26,"enemies":"Champ","floor":33,"turns":4},{"damage":0,"enemies":"3 Darklings","floor":35,"turns":1},{"damage":0,"enemies":"3 Shapes","floor":36,"turns":1},{"damage":19,"enemies":"3 Darklings","floor":38,"turns":4},{"damage":0,"enemies":"Sphere and 2 Shapes","floor":39,"turns":1},{"damage":27,"enemies":"Maw","floor":42,"turns":4},{"damage":4,"enemies":"4 Shapes","floor":46,"turns":2},{"damage":4,"enemies":"3 Darklings","floor":48,"turns":3},{"damage":17,"enemies":"Time Eater","floor":50,"turns":2}],"seed_played":"7481519027162895798","potions_obtained":[{"floor":1,"key":"SpeedPotion"},{"floor":4,"key":"Poison Potion"},{"floor":11,"key":"Poison Potion"},{"floor":16,"key":"PowerPotion"},{"floor":18,"key":"Regen Potion"},{"floor":22,"key":"Regen Potion"},{"floor":36,"key":"PowerPotion"},{"floor":39,"key":"FocusPotion"},{"floor":48,"key":"FearPotion"}],"is_trial":false,"path_per_floor":["M","M","M","M","$","R","M","?","T","?","M","?","M","M","R","B",null,"M","?","$","M","M","R","M","$","T","?","R","?","R","$","R","B",null,"M","M","$","M","M","R","?","M","T","R","$","M","R","M","R","B"],"character_chosen":"DEFECT","items_purchased":["Reboot","Gash"],"campfire_rested":5,"item_purchase_floors":[25,45],"current_hp_per_floor":[64,58,56,38,38,60,60,60,60,60,60,60,56,39,61,10,75,58,58,58,60,30,52,59,59,59,59,59,59,59,59,59,33,75,75,75,75,56,56,56,56,29,29,51,51,47,47,43,65,48],"gold":58,"neow_bonus":"REMOVE_CARD","is_prod":false,"is_daily":false,"chose_seed":false,"campfire_upgraded":5,"win_rate":0,"timestamp":1533222867,"path_taken":["M","M","M","M","$","R","M","?","T","?","M","?","M","M","R","BOSS","M","?","$","M","M","R","?","$","T","?","R","?","R","?","R","BOSS","M","M","$","M","M","R","?","?","T","R","$","M","R","?","R","BOSS"],"build_version":"2018-07-26","purchased_purges":4,"victory":true,"max_hp_per_floor":[75,75,75,75,75,75,75,75,75,75,75,75,75,75,75,75,75,75,75,75,75,75,75,75,75,75,75,75,75,75,75,75,75,75,75,75,75,75,75,75,75,75,75,75,75,75,75,75,75,75],"card_choices":[{"not_picked":["Doom and Gloom","Stack"],"picked":"Beam Cell","floor":1},{"not_picked":["FTL","Chaos"],"picked":"Gash","floor":2},{"not_picked":["Chaos","Turbo"],"picked":"Gash","floor":3},{"not_picked":["White Noise","Rebound","Go for the Eyes"],"picked":"SKIP","floor":4},{"not_picked":["Hello World","Conserve Battery"],"picked":"Hologram","floor":7},{"not_picked":["Chill","Sunder"],"picked":"Scrape","floor":11},{"not_picked":["Steam","Stack","Tempest"],"picked":"SKIP","floor":13},{"not_picked":["Redo","Meteor Strike","Compile Driver"],"picked":"SKIP","floor":14},{"not_picked":["Beam Cell+1","Reprogram"],"picked":"Scrape","floor":18},{"not_picked":["Ball Lightning","Barrage","Conserve Battery"],"picked":"SKIP","floor":21},{"not_picked":["Compile Driver","FTL"],"picked":"Gash","floor":22},{"not_picked":["Capacitor","Scrape","Barrage"],"picked":"SKIP","floor":24},{"not_picked":["Fission","Rainbow"],"picked":"Reboot","floor":33},{"not_picked":["Redo","Turbo+1","Go for the Eyes+1"],"picked":"SKIP","floor":35},{"not_picked":["Streamline+1","Steam","Stack+1"],"picked":"SKIP","floor":36},{"not_picked":["Go for the Eyes+1","Redo","Beam Cell+1"],"picked":"SKIP","floor":38},{"not_picked":["Barrage","Beam Cell","Gash"],"picked":"SKIP","floor":39},{"not_picked":["Thunder Strike","Recycle+1","Glacier+1"],"picked":"SKIP","floor":42},{"not_picked":["Redo+1","Self Repair","Double Energy+1"],"picked":"SKIP","floor":46},{"not_picked":["Conserve Battery","Redo","Compile Driver"],"picked":"SKIP","floor":48}],"player_experience":328853,"relics_obtained":[{"floor":9,"key":"Anchor"},{"floor":26,"key":"Pen Nib"},{"floor":43,"key":"Boot"}],"event_choices":[{"event_name":"Purifier","player_choice":"One Purge","floor":8,"damage_taken":0},{"event_name":"WeMeetAgain","player_choice":"Potion","floor":10,"damage_taken":0},{"event_name":"Liars Game","player_choice":"agreed","floor":12,"damage_taken":0},{"event_name":"Accursed Blacksmith","player_choice":"Ignore","floor":19,"damage_taken":0},{"event_name":"Masked Bandits","player_choice":"Paid Bandits 264 gold","floor":27,"damage_taken":0},{"event_name":"N\u0027loth","player_choice":"Ignored","floor":29,"damage_taken":0},{"event_name":"Tomb of Lord Red Mask","player_choice":"Ignored","floor":41,"damage_taken":0}],"is_beta":false,"boss_relics":[{"not_picked":["Inserter","Black Star"],"picked":"Runic Dome"},{"not_picked":["Velvet Choker","Lizard Tail"],"picked":"Runic Pyramid"}],"items_purged_floors":[5,20,25,45],"is_endless":false,"potions_floor_spawned":[1,4,11,16,18,22,36,39,48],"ascension_level":0}