{"gold_per_floor":[116,136,149,149,324,356,25,25,25,39,39,39,39,39,39,160,160,174,99,99,74,98,98,121,155,181,217,217,217,260,33,33,33],"floor_reached":33,"playtime":3265,"items_purged":["Doubt","Strike_G"],"score":324,"play_id":"2e0dc021-c758-4975-8143-2f56f8c129bb","local_time":"20190331002612","is_ascension_mode":false,"campfire_choices":[{"floor":8,"key":"REST"},{"data":"Leg Sweep","floor":11,"key":"SMITH"},{"data":"Backflip","floor":15,"key":"SMITH"},{"data":"Backflip","floor":23,"key":"SMITH"},{"floor":29,"key":"REST"},{"data":"Dash","floor":32,"key":"SMITH"}],"neow_cost":"NONE","seed_source_timestamp":33976833443465,"circlet_count":0,"master_deck":["Defend_G","Defend_G","Defend_G","Defend_G","Defend_G+1","Strike_G","Strike_G","Strike_G","Survivor","Neutralize+1","Backflip+1","Leg Sweep+1","Dagger Spray","PiercingWail","Noxious Fumes+1","Dash+1","Die Die Die","Tools of the Trade+1","Bane+1","Backflip+1","Calculated Gamble+1","Well Laid Plans","Glass Knife","Corpse Explosion","Dash+1"],"relics":["Ring of the Snake","Vajra","Juzu Bracelet","Golden Idol","HoveringKite","Nloth\u0027s Gift","Singing Bowl","Pen Nib","Paper Crane","Lantern"],"potions_floor_usage":[6,6,16,25,27,33,33],"damage_taken":[{"damage":0,"enemies":"2 Louse","floor":1,"turns":3},{"damage":2,"enemies":"Small Slimes","floor":2,"turns":5},{"damage":0,"enemies":"Jaw Worm","floor":3,"turns":5},{"damage":13,"enemies":"3 Sentries","floor":6,"turns":19},{"damage":0,"enemies":"Lots of Slimes","floor":10,"turns":3},{"damage":35,"enemies":"Hexaghost","floor":16,"turns":10},{"damage":0,"enemies":"Chosen","floor":18,"turns":6},{"damage":0,"enemies":"Shell Parasite","floor":22,"turns":6},{"damage":12,"enemies":"Snake Plant","floor":24,"turns":5},{"damage":14,"enemies":"Gremlin Leader","floor":25,"turns":8},{"damage":10,"enemies":"Slavers","floor":27,"turns":6},{"damage":0,"enemies":"Book of Stabbing","floor":30,"turns":8},{"damage":62,"enemies":"Collector","floor":33,"turns":6}],"seed_played":"-4478854642771817941","potions_obtained":[{"floor":1,"key":"SteroidPotion"},{"floor":2,"key":"Fire Potion"},{"floor":6,"key":"AttackPotion"},{"floor":24,"key":"Ancient Potion"},{"floor":25,"key":"EssenceOfSteel"},{"floor":27,"key":"Weak Potion"}],"is_trial":false,"path_per_floor":["?","?","?","?","$","?","?","?"],"character_chosen":"THE_SILENT","items_purchased":["Noxious Fumes+1","Vajra","Dash","Backflip","Dash","SpeedPotion"],"campfire_rested":2,"item_purchase_floors":[7,7,7,21,31,31],"current_hp_per_floor":[77,75,75,60,60,47,47,70,70,70,70,70,70,70,70,35,71,71,71,71,71,71,71,59,45,45,37,37,58,58,58,58,0],"gold":33,"neow_bonus":"TEN_PERCENT_HP_BONUS","is_prod":false,"is_daily":false,"chose_seed":false,"campfire_upgraded":4,"win_rate":0,"timestamp":1554002772,"path_taken":["M","M","M","?","?","E","$","R","T","M","R","?","?","?","R","BOSS","M","?","?","$","M","R","M","E","T","E","?","R","E","$","R","BOSS"],"build_version":"2019-01-23","purchased_purges":2,"victory":false,"max_hp_per_floor":[77,77,77,77,77,77,77,77,77,77,77,71,71,71,71,71,71,71,71,71,71,71,71,71,71,71,73,73,73,73,73,73,73],"card_choices":[{"not_picked":["Eviscerate","Tactician"],"picked":"Backflip","floor":1},{"not_picked":["Escape Plan","Cloak And Dagger"],"picked":"Leg Sweep","floor":2},{"not_picked":["Catalyst","Deadly Poison"],"picked":"Dagger Spray","floor":3},{"not_picked":["Dodge and Roll","Flying Knee"],"picked":"PiercingWail","floor":6},{"not_picked":["Deadly Poison","Prepared"],"picked":"Die Die Die","floor":10},{"not_picked":["Grand Finale","After Image+1"],"picked":"Tools of the Trade+1","floor":16},{"not_picked":["Slice+1","Masterful Stab"],"picked":"Bane+1","floor":18},{"not_picked":["Bane","Blade Dance"],"picked":"Calculated Gamble+1","floor":22},{"not_picked":["Outmaneuver","Blade Dance"],"picked":"Well Laid Plans","floor":24},{"not_picked":["Envenom","Doppelganger"],"picked":"Glass Knife","floor":25},{"not_picked":["Finisher","Dodge and Roll","Dagger Throw"],"picked":"Singing Bowl","floor":27},{"not_picked":["Flying Knee+1","Poisoned Stab"],"picked":"Corpse Explosion","floor":30}],"player_experience":510717,"relics_obtained":[{"floor":6,"key":"Frozen Egg 2"},{"floor":9,"key":"Juzu Bracelet"},{"floor":25,"key":"Singing Bowl"},{"floor":26,"key":"Pen Nib"},{"floor":27,"key":"Paper Crane"},{"floor":30,"key":"Lantern"}],"event_choices":[{"damage_healed":0,"gold_gain":0,"player_choice":"Entered Light","damage_taken":15,"max_hp_gain":0,"max_hp_loss":0,"event_name":"Shining Light","floor":4,"gold_loss":0,"cards_upgraded":["Neutralize","Defend_G"]},{"damage_healed":0,"gold_gain":175,"player_choice":"AGREE","damage_taken":0,"max_hp_gain":0,"max_hp_loss":0,"event_name":"Liars Game","floor":5,"gold_loss":0,"cards_obtained":["Doubt"]},{"damage_healed":0,"gold_gain":0,"player_choice":"Lose Max HP","damage_taken":0,"relics_obtained":["Golden Idol"],"max_hp_gain":0,"max_hp_loss":6,"event_name":"Golden Idol","floor":12,"gold_loss":0},{"damage_healed":0,"gold_gain":0,"player_choice":"Forge","damage_taken":0,"max_hp_gain":0,"max_hp_loss":0,"event_name":"Accursed Blacksmith","floor":13,"gold_loss":0,"cards_upgraded":["Dash"]},{"cards_removed":["Strike_G"],"damage_healed":0,"gold_gain":0,"player_choice":"Gave Gold","damage_taken":0,"max_hp_gain":0,"max_hp_loss":0,"event_name":"Beggar","floor":19,"gold_loss":75},{"damage_healed":0,"gold_gain":0,"player_choice":"Traded Relic","damage_taken":0,"relics_obtained":["Nloth\u0027s Gift"],"max_hp_gain":0,"max_hp_loss":0,"event_name":"N\u0027loth","floor":20,"relics_lost":["Frozen Egg 2"],"gold_loss":0},{"damage_healed":0,"gold_gain":0,"player_choice":"Ignored","damage_taken":0,"max_hp_gain":0,"max_hp_loss":0,"event_name":"Cursed Tome","floor":28,"gold_loss":0}],"is_beta":false,"boss_relics":[{"not_picked":["Ring of the Serpent","Runic Pyramid"],"picked":"HoveringKite"}],"items_purged_floors":[7,31],"is_endless":false,"potions_floor_spawned":[1,2,6,24,25,27],"killed_by":"Collector","ascension_level":0}