{"gold_per_floor":[109,59,59,234,107,141,141,161,161,161,161,185,111,127,127,251,251,266,206,224,244,264,264,284,284,284,284,284,308,329,329],"floor_reached":31,"playtime":3517,"items_purged":["Doubt"],"score":237,"play_id":"6733f6a1-3c27-47fb-934d-3c6ffe9decc3","local_time":"20190205045510","is_ascension_mode":false,"campfire_choices":[{"floor":7.0,"key":"REST"},{"data":"Capacitor","floor":11.0,"key":"SMITH"},{"data":"Self Repair","floor":15.0,"key":"SMITH"},{"data":"Capacitor","floor":23,"key":"SMITH"},{"floor":25,"key":"REST"},{"data":"Seek","floor":28,"key":"SMITH"}],"neow_cost":"NONE","seed_source_timestamp":0,"circlet_count":0,"master_deck":["Strike_B","Strike_B","Strike_B","Defend_B","Defend_B","Defend_B","Defend_B","Zap","Dualcast","Ball Lightning","Leap","Capacitor+1","Self Repair+1","Seek+1","Conserve Battery","Electrodynamics","Leap","Capacitor+1","Rebound+1","Static Discharge","Steam","Turbo","Writhe","Streamline+1"],"special_seed":0,"relics":["Cracked Core","Golden Idol","Kunai","Molten Egg 2","Eternal Feather","Bird Faced Urn","Bag of Marbles"],"potions_floor_usage":[18,20,21,22,24,30],"damage_taken":[{"damage":0.0,"enemies":"Small Slimes","floor":1.0,"turns":4.0},{"damage":25.0,"enemies":"Gremlin Nob","floor":6.0,"turns":4.0},{"damage":5.0,"enemies":"2 Louse","floor":8.0,"turns":3.0},{"damage":1.0,"enemies":"Jaw Worm","floor":12.0,"turns":4.0},{"damage":13.0,"enemies":"2 Fungi Beasts","floor":14.0,"turns":4.0},{"damage":35.0,"enemies":"The Guardian","floor":16.0,"turns":13.0},{"damage":19,"enemies":"Shell Parasite","floor":18,"turns":14},{"damage":4,"enemies":"2 Thieves","floor":19,"turns":4},{"damage":23,"enemies":"Snake Plant","floor":20,"turns":6},{"damage":19,"enemies":"Snecko","floor":21,"turns":9},{"damage":22,"enemies":"Centurion and Healer","floor":22,"turns":7},{"damage":30,"enemies":"Snake Plant","floor":24,"turns":6},{"damage":69,"enemies":"Cultist and Chosen","floor":29,"turns":6},{"damage":15,"enemies":"Centurion and Healer","floor":30,"turns":12},{"damage":47,"enemies":"Shelled Parasite and Fungi","floor":31,"turns":9}],"seed_played":"6428147660774981768","potions_obtained":[{"floor":1.0,"key":"Swift Potion"},{"floor":6.0,"key":"Energy Potion"},{"floor":8.0,"key":"Swift Potion"},{"floor":18,"key":"PowerPotion"},{"floor":21,"key":"Energy Potion"},{"floor":22,"key":"PowerPotion"}],"is_trial":false,"path_per_floor":["?","?","?","$","?","?"],"character_chosen":"DEFECT","items_purchased":["Leap","Seek"],"campfire_rested":2,"item_purchase_floors":[5,13],"current_hp_per_floor":[82,82,62,62,62,37,61,56,56,61,61,60,60,54,54,29,82,73,79,66,57,45,57,37,73,73,73,82,27,32,0],"gold":329,"neow_bonus":"TEN_PERCENT_HP_BONUS","is_prod":false,"is_daily":false,"chose_seed":false,"campfire_upgraded":4,"win_rate":0.0,"timestamp":1549353310,"path_taken":["M","?","?","?","?","E","R","M","T","?","R","M","$","M","R","BOSS","M","M","M","M","M","R","M","R","T","?","R","M","M","M"],"build_version":"2019-01-23","purchased_purges":1,"victory":false,"max_hp_per_floor":[82,82,82,82,82,82,82,82,82,82,82,82,82,82,82,82,82,82,82,82,82,82,82,82,82,82,82,82,82,82,82],"card_choices":[{"not_picked":["Recycle","Rebound"],"picked":"Ball Lightning","floor":1.0},{"not_picked":["Undo","Doom and Gloom"],"picked":"Capacitor","floor":6.0},{"not_picked":["Turbo","Cold Snap"],"picked":"Redo","floor":8.0},{"not_picked":["Genetic Algorithm","Hyperbeam+1"],"picked":"Self Repair","floor":12.0},{"not_picked":["Beam Cell+1","Barrage+1"],"picked":"Conserve Battery","floor":14.0},{"not_picked":["Hyperbeam+1","All For One+1"],"picked":"Electrodynamics","floor":16.0},{"not_picked":["Rebound+1","Compile Driver+1"],"picked":"Leap","floor":18},{"not_picked":["Beam Cell+1","Coolheaded"],"picked":"Capacitor","floor":19},{"not_picked":["Storm","Rip and Tear+1"],"picked":"Rebound+1","floor":20},{"not_picked":["Cold Snap+1","Go for the Eyes+1"],"picked":"Static Discharge","floor":21},{"not_picked":["Compile Driver+1","Glacier"],"picked":"Steam","floor":22},{"not_picked":["Beam Cell+1","Compile Driver+1"],"picked":"Turbo","floor":24},{"not_picked":["Doom and Gloom+1","Rainbow","Darkness"],"picked":"SKIP","floor":29},{"not_picked":["Go for the Eyes+1","Doom and Gloom+1"],"picked":"Streamline+1","floor":30}],"player_experience":109936,"relics_obtained":[{"floor":6.0,"key":"Kunai"},{"floor":9.0,"key":"Molten Egg 2"},{"floor":26,"key":"Bird Faced Urn"}],"event_choices":[{"cards_removed":["Strike_B"],"damage_healed":0.0,"max_hp_gain":0.0,"max_hp_loss":0.0,"gold_gain":0.0,"event_name":"The Cleric","player_choice":"Card Removal","floor":2.0,"gold_loss":50.0,"damage_taken":0.0},{"damage_healed":0.0,"max_hp_gain":0.0,"max_hp_loss":0.0,"gold_gain":0.0,"event_name":"Golden Idol","player_choice":"Take Damage","floor":3.0,"gold_loss":0.0,"damage_taken":20.0,"relics_obtained":["Golden Idol"]},{"damage_healed":0.0,"max_hp_gain":0.0,"max_hp_loss":0.0,"gold_gain":175.0,"event_name":"Liars Game","player_choice":"AGREE","floor":4.0,"gold_loss":0.0,"damage_taken":0.0,"cards_obtained":["Doubt"]},{"cards_removed":["Redo"],"damage_healed":5.0,"max_hp_gain":0.0,"max_hp_loss":0.0,"gold_gain":0.0,"event_name":"Bonfire Elementals","player_choice":"Offered Common","floor":10.0,"gold_loss":0.0,"damage_taken":0.0},{"cards_removed":["Redo"],"damage_healed":5.0,"max_hp_gain":0.0,"max_hp_loss":0.0,"gold_gain":0.0,"event_name":"Bonfire Elementals","player_choice":"Offered Special","floor":10.0,"gold_loss":0.0,"damage_taken":0.0},{"damage_healed":0,"gold_gain":0,"player_choice":"Opened","damage_taken":0,"relics_obtained":["Bag of Marbles"],"max_hp_gain":0,"max_hp_loss":0,"event_name":"The Mausoleum","floor":27,"gold_loss":0,"cards_obtained":["Writhe"]}],"is_beta":false,"boss_relics":[{"not_picked":["Coffee Dripper","Snecko Eye"],"picked":"Eternal Feather"}],"items_purged_floors":[5],"is_endless":false,"potions_floor_spawned":[1,6,8,14,18,21,22],"killed_by":"Shelled Parasite and Fungi","ascension_level":0}