{"gold_per_floor":[111,286,304,404,419,419,436,436,436,135,150,167,200,210,210,210],"floor_reached":16,"playtime":722,"items_purged":["Defend_R"],"score":104,"play_id":"2442498f-d6ab-496f-b1ac-16a588a22ef7","local_time":"20180705092704","is_ascension_mode":false,"campfire_choices":[{"data":"Thunderclap","floor":6,"key":"SMITH"},{"data":"Thunderclap","floor":8,"key":"SMITH"},{"floor":15,"key":"REST"}],"neow_cost":"","seed_source_timestamp":1236600747670152,"circlet_count":0,"master_deck":["Strike_R","Strike_R","Strike_R","Strike_R","Strike_R","Defend_R","Defend_R","Defend_R","Bash","Thunderclap+1","Doubt","Thunderclap+1","Flex","Heavy Blade","Searing Blow","Pommel Strike","Heavy Blade","Anger","Flame Barrier","Perfected Strike"],"relics":["Burning Blood","Mercury Hourglass","Dream Catcher","Ginger"],"potions_floor_usage":[16,16],"damage_taken":[{"damage":6,"enemies":"Cultist","floor":1,"turns":3},{"damage":11,"enemies":"Jaw Worm","floor":3,"turns":3},{"damage":0,"enemies":"Small Slimes","floor":5,"turns":3},{"damage":9,"enemies":"Blue Slaver","floor":7,"turns":3},{"damage":8,"enemies":"Gremlin Gang","floor":11,"turns":3},{"damage":11,"enemies":"3 Louse","floor":12,"turns":2},{"damage":36,"enemies":"Lagavulin","floor":13,"turns":5},{"damage":12,"enemies":"Blue Slaver","floor":14,"turns":2},{"damage":58,"enemies":"The Guardian","floor":16,"turns":8}],"seed_played":"-1483307575482524266","potions_obtained":[{"floor":3,"key":"FearPotion"},{"floor":11,"key":"SneckoOil"},{"floor":13,"key":"PowerPotion"},{"floor":14,"key":"EssenceOfSteel"}],"is_trial":false,"path_per_floor":["M","?","M","?","M","R","M","R","T","$","M","M","E","M","R"],"character_chosen":"IRONCLAD","items_purchased":["Searing Blow","Dream Catcher"],"campfire_rested":1,"item_purchase_floors":[10,10],"current_hp_per_floor":[80,80,75,75,80,80,77,77,77,77,75,70,40,34,58,0],"gold":210,"neow_bonus":"","is_prod":false,"is_daily":false,"chose_seed":false,"campfire_upgraded":2,"win_rate":0.0,"timestamp":1530797224,"path_taken":["M","?","M","?","M","R","M","R","T","?","M","M","E","M","R","BOSS"],"build_version":"2018-06-28","purchased_purges":1,"victory":false,"max_hp_per_floor":[80,80,80,80,80,80,80,80,80,80,80,80,80,80,80,80],"card_choices":[{"not_picked":["Twin Strike","Headbutt"],"picked":"Thunderclap","floor":1},{"not_picked":["Ghostly Armor","Heavy Blade"],"picked":"Thunderclap","floor":3},{"not_picked":["Body Slam","Sever Soul"],"picked":"Flex","floor":5},{"not_picked":["Armaments","Double Tap"],"picked":"Heavy Blade","floor":7},{"not_picked":["Perfected Strike","Fire Breathing"],"picked":"Pommel Strike","floor":11},{"not_picked":["Entrench","Searing Blow"],"picked":"Heavy Blade","floor":12},{"not_picked":["Sword Boomerang","Body Slam"],"picked":"Anger","floor":13},{"not_picked":["Clash","Thunderclap"],"picked":"Flame Barrier","floor":14},{"not_picked":["Sword Boomerang","Shrug It Off"],"picked":"Perfected Strike","floor":15}],"player_experience":31624,"relics_obtained":[{"floor":9,"key":"Mercury Hourglass"},{"floor":13,"key":"Ginger"}],"event_choices":[{"event_name":"Liars Game","player_choice":"agreed","floor":2,"damage_taken":0},{"event_name":"Golden Shrine","player_choice":"Pray","floor":4,"damage_taken":0}],"boss_relics":[],"items_purged_floors":[10],"is_endless":false,"potions_floor_spawned":[3,11,13,14],"killed_by":"The Guardian","ascension_level":0}