{"gold_per_floor":[116,116,130,130,156,168,161,191,203,226,238,250,262,303,315,424,436,459,498,529,428,428],"floor_reached":22,"playtime":738,"items_purged":["Zap"],"score":214,"play_id":"f2bbe161-55a6-4ddc-bd37-a49b3f6b1cc2","local_time":"20190324201512","is_ascension_mode":true,"campfire_choices":[{"data":"Scrape","floor":6,"key":"SMITH"},{"data":"Auto Shields","floor":13,"key":"SMITH"},{"data":"Creative AI","floor":15,"key":"SMITH"}],"neow_cost":"NONE","seed_source_timestamp":7852986440172482,"circlet_count":0,"master_deck":["Strike_B","Strike_B","Strike_B","Strike_B","Defend_B","Defend_B","Defend_B","Defend_B","Dualcast","Rip and Tear","Forethought","Beam Cell","Scrape+1","Auto Shields+1","Creative AI+1","Machine Learning","Storm","Static Discharge"],"relics":["Cracked Core","Regal Pillow","MawBank","Sundial","Pocketwatch","Philosopher\u0027s Stone","Omamori"],"potions_floor_usage":[14,14,22],"damage_taken":[{"damage":4,"enemies":"Jaw Worm","floor":1,"turns":3},{"damage":1,"enemies":"Cultist","floor":3,"turns":3},{"damage":0,"enemies":"Small Slimes","floor":5,"turns":2},{"damage":12,"enemies":"Exordium Thugs","floor":7,"turns":4},{"damage":6,"enemies":"3 Louse","floor":8,"turns":3},{"damage":6,"enemies":"2 Fungi Beasts","floor":10,"turns":2},{"damage":17,"enemies":"Gremlin Nob","floor":14,"turns":4},{"damage":41,"enemies":"The Guardian","floor":16,"turns":11},{"damage":32,"enemies":"Spheric Guardian","floor":18,"turns":5},{"damage":0,"enemies":"Chosen","floor":20,"turns":5},{"damage":53,"enemies":"Centurion and Healer","floor":22,"turns":6}],"seed_played":"8217803763004982582","potions_obtained":[{"floor":3,"key":"SpeedPotion"},{"floor":5,"key":"Dexterity Potion"},{"floor":10,"key":"LiquidBronze"},{"floor":16,"key":"Weak Potion"},{"floor":18,"key":"Poison Potion"}],"is_trial":false,"path_per_floor":["M","?","M","?","M","R","M","M","T","M","$","?","R","E","R","B",null,"M","T","M","$","M"],"character_chosen":"DEFECT","items_purchased":["Static Discharge"],"campfire_rested":0,"item_purchase_floors":[21],"current_hp_per_floor":[71,71,70,52,52,52,40,34,34,28,28,85,85,68,68,27,85,53,53,53,53,0],"gold":428,"neow_bonus":"RANDOM_COMMON_RELIC","is_prod":false,"is_daily":false,"chose_seed":false,"campfire_upgraded":3,"win_rate":0,"timestamp":1553472912,"path_taken":["M","?","?","?","M","R","M","M","T","M","?","?","R","E","R","BOSS","M","?","M","$","M"],"build_version":"2019-01-23","purchased_purges":1,"victory":false,"max_hp_per_floor":[75,75,75,75,75,75,75,75,75,75,75,85,85,85,85,85,85,85,85,85,85,85],"card_choices":[{"not_picked":["Stack","Undo"],"picked":"Rip and Tear","floor":1},{"not_picked":["Coolheaded","Compile Driver"],"picked":"Beam Cell","floor":3},{"not_picked":["Barrage","Stack"],"picked":"Scrape","floor":5},{"not_picked":["Sunder","Steam"],"picked":"Auto Shields","floor":7},{"not_picked":["Defragment","Loop","Hello World"],"picked":"SKIP","floor":8},{"not_picked":["Auto Shields","Hello World","Steam"],"picked":"SKIP","floor":10},{"not_picked":["Defragment","Hologram"],"picked":"Creative AI","floor":14},{"not_picked":["Buffer","All For One"],"picked":"Machine Learning","floor":16},{"not_picked":["Steam","Gash","Barrage+1"],"picked":"SKIP","floor":18},{"not_picked":["Sweeping Beam+1","Gash"],"picked":"Storm","floor":20}],"player_experience":475010,"relics_obtained":[{"floor":9,"key":"Sundial"},{"floor":14,"key":"Pocketwatch"},{"floor":19,"key":"Omamori"}],"event_choices":[{"damage_healed":0,"gold_gain":0,"player_choice":"2 cards matched","damage_taken":0,"max_hp_gain":0,"max_hp_loss":0,"event_name":"Match and Keep!","floor":2,"gold_loss":0,"cards_obtained":["Forethought","Reboot"]},{"damage_healed":0,"gold_gain":0,"player_choice":"Success","damage_taken":18,"relics_obtained":["MawBank"],"max_hp_gain":0,"max_hp_loss":0,"event_name":"Scrap Ooze","floor":4,"gold_loss":0},{"cards_removed":["Reboot"],"damage_healed":47,"gold_gain":0,"player_choice":"Offered Rare","damage_taken":0,"max_hp_gain":10,"max_hp_loss":0,"event_name":"Bonfire Elementals","floor":12,"gold_loss":0}],"is_beta":false,"boss_relics":[{"not_picked":["Calling Bell","Runic Pyramid"],"picked":"Philosopher\u0027s Stone"}],"items_purged_floors":[21],"is_endless":false,"potions_floor_spawned":[3,5,10,16,18],"killed_by":"Centurion and Healer","ascension_level":3}