{"gold_per_floor":[126,157,169,181,212,224,270,293,305,329,367,14,14,114,114,213,213,223,15,34,87,106,134,145,164,189,189,189,189],"floor_reached":29,"playtime":1394,"items_purged":["Strike_G","Strike_G"],"score":306,"play_id":"d91b0ce0-befe-4862-b24d-e52aa576f17f","local_time":"20190330011006","is_ascension_mode":true,"campfire_choices":[{"data":"Neutralize","floor":6.0,"key":"SMITH"},{"floor":13.0,"key":"REST"},{"data":"Noxious Fumes","floor":15.0,"key":"SMITH"},{"floor":28,"key":"REST"}],"neow_cost":"NONE","seed_source_timestamp":0,"circlet_count":0,"master_deck":["Defend_G","Defend_G+1","Defend_G","Defend_G+1","Defend_G","Strike_G","Strike_G+1","Strike_G+1","Survivor","Neutralize+1","Quick Slash+1","Dagger Spray+1","Doppelganger","Noxious Fumes+1","Cloak And Dagger+1","Malaise","Dodge and Roll+1","Leg Sweep","Acrobatics","Noxious Fumes+1","Backflip","Heel Hook+1"],"special_seed":0,"relics":["Ring of the Snake","MawBank","Mango","Frozen Egg 2","Ornamental Fan","Membership Card","Tiny Chest","Omamori","Philosopher\u0027s Stone","Whetstone","War Paint","Regal Pillow","Bag of Marbles"],"potions_floor_usage":[25],"damage_taken":[{"damage":0.0,"enemies":"Cultist","floor":1.0,"turns":4.0},{"damage":0.0,"enemies":"Jaw Worm","floor":2.0,"turns":5.0},{"damage":0.0,"enemies":"Small Slimes","floor":5.0,"turns":2.0},{"damage":23.0,"enemies":"Lagavulin","floor":7.0,"turns":8.0},{"damage":10.0,"enemies":"Exordium Thugs","floor":8.0,"turns":4.0},{"damage":5.0,"enemies":"2 Fungi Beasts","floor":10.0,"turns":3.0},{"damage":31.0,"enemies":"Gremlin Nob","floor":11.0,"turns":5.0},{"damage":20.0,"enemies":"Hexaghost","floor":16.0,"turns":11.0},{"damage":35.0,"enemies":"3 Byrds","floor":18.0,"turns":5.0},{"damage":5.0,"enemies":"Spheric Guardian","floor":20.0,"turns":7.0},{"damage":0.0,"enemies":"Snecko","floor":22.0,"turns":6.0},{"damage":7.0,"enemies":"Book of Stabbing","floor":23.0,"turns":7.0},{"damage":14.0,"enemies":"3 Cultists","floor":24.0,"turns":5.0},{"damage":18,"enemies":"Snake Plant","floor":25,"turns":4},{"damage":66,"enemies":"Slavers","floor":29,"turns":4}],"seed_played":"-1036620467551903430","potions_obtained":[{"floor":1.0,"key":"Explosive Potion"},{"floor":8.0,"key":"LiquidBronze"},{"floor":11.0,"key":"SpeedPotion"},{"floor":16.0,"key":"Regen Potion"},{"floor":20.0,"key":"Poison Potion"},{"floor":23.0,"key":"AttackPotion"}],"is_trial":false,"path_per_floor":["M","M","?","?","M","R","E","M","T","M","E","$","R","?","R","B",null,"M","$","M","T","M","E","M","M","T","?","R","E"],"character_chosen":"THE_SILENT","items_purchased":["Membership Card","Tiny Chest","Omamori","Whetstone","Leg Sweep","Acrobatics","SkillPotion"],"campfire_rested":2,"item_purchase_floors":[12,12,12,19,19,19,19],"current_hp_per_floor":[70,70,56,56,56,56,47,37,37,32,1,1,26,26,26,6,84,61,61,56,56,56,49,35,17,17,17,57,0],"gold":189,"neow_bonus":"RANDOM_COMMON_RELIC","is_prod":false,"is_daily":false,"chose_seed":false,"campfire_upgraded":2,"win_rate":0,"timestamp":1553922606,"path_taken":["M","M","?","?","M","R","E","M","T","M","E","$","R","?","R","BOSS","M","$","M","?","?","E","M","M","T","?","R","E"],"build_version":"2019-01-23","purchased_purges":2,"victory":false,"max_hp_per_floor":[70,70,70,70,70,70,84,84,84,84,84,84,84,84,84,84,84,84,84,84,84,84,84,84,84,84,84,84,84],"card_choices":[{"not_picked":["Reflex","Blade Dance"],"picked":"Quick Slash","floor":1.0},{"not_picked":["PiercingWail","All Out Attack"],"picked":"Dagger Spray","floor":2.0},{"not_picked":["Heel Hook","Terror","Deadly Poison"],"picked":"SKIP","floor":5.0},{"not_picked":["Slice","Poisoned Stab"],"picked":"Doppelganger","floor":7.0},{"not_picked":["Outmaneuver","Catalyst"],"picked":"Noxious Fumes","floor":8.0},{"not_picked":["Underhanded Strike","Skewer","Outmaneuver"],"picked":"SKIP","floor":10.0},{"not_picked":["PiercingWail","Underhanded Strike"],"picked":"Cloak And Dagger","floor":11.0},{"not_picked":["Burst","Grand Finale"],"picked":"Malaise","floor":16.0},{"not_picked":["Heel Hook","Infinite Blades+1"],"picked":"Dodge and Roll+1","floor":18.0},{"not_picked":["Expertise+1","Deflect"],"picked":"Noxious Fumes+1","floor":20.0},{"not_picked":["Backstab","Deadly Poison"],"picked":"Backflip","floor":22.0},{"not_picked":["Blur","All Out Attack+1","Dash"],"picked":"SKIP","floor":23.0},{"not_picked":["Dagger Throw","Acrobatics"],"picked":"Heel Hook+1","floor":24.0},{"not_picked":["Tactician","Dagger Throw+1","Poisoned Stab+1"],"picked":"SKIP","floor":25}],"player_experience":619816,"relics_obtained":[{"floor":7.0,"key":"Mango"},{"floor":9.0,"key":"Frozen Egg 2"},{"floor":11.0,"key":"Ornamental Fan"},{"floor":21.0,"key":"War Paint"},{"floor":23.0,"key":"Regal Pillow"},{"floor":26,"key":"Bag of Marbles"}],"event_choices":[{"damage_healed":0.0,"max_hp_gain":0.0,"max_hp_loss":0.0,"gold_gain":0.0,"event_name":"Shining Light","player_choice":"Entered Light","floor":3.0,"gold_loss":0.0,"damage_taken":14.0,"cards_upgraded":["Strike_G","Defend_G"]},{"damage_healed":0.0,"max_hp_gain":0.0,"max_hp_loss":0.0,"gold_gain":0.0,"event_name":"Living Wall","player_choice":"Grow","floor":4.0,"gold_loss":0.0,"damage_taken":0.0,"cards_upgraded":["Dagger Spray"]},{"damage_healed":0.0,"max_hp_gain":0.0,"max_hp_loss":0.0,"gold_gain":100.0,"event_name":"Golden Shrine","player_choice":"Pray","floor":14.0,"gold_loss":0.0,"damage_taken":0.0},{"damage_healed":0,"gold_gain":0,"player_choice":"Ignored","damage_taken":0,"max_hp_gain":0,"max_hp_loss":0,"event_name":"Vampires","floor":27,"gold_loss":0}],"is_beta":false,"boss_relics":[{"not_picked":["White Beast Statue","Astrolabe"],"picked":"Philosopher\u0027s Stone"}],"items_purged_floors":[12,19],"is_endless":false,"potions_floor_spawned":[1,8,11,16,20,23],"killed_by":"Slavers","ascension_level":4}