{"gold_per_floor":[113,113,288,213,234,234,259,259,339,353,353,376,376,171,171,302,302,316,266,266,266,36,60,76,76,76,99,99,125,139,157,157,277,277,302,204,204,223,241,310,310,331,331,16,30,30,30,48,48,48],"floor_reached":51,"playtime":3000,"items_purged":["Doubt","Defend_B","Sweeping Beam","Cold Snap"],"score":769,"play_id":"20b912d8-3b74-4602-b6a0-702b29dd0824","local_time":"20180710092805","is_ascension_mode":false,"campfire_choices":[{"data":"FTL","floor":6,"key":"SMITH"},{"data":"Zap","floor":13,"key":"SMITH"},{"floor":15,"key":"REST"},{"data":"Rainbow","floor":25,"key":"SMITH"},{"data":"Fusion","floor":28,"key":"SMITH"},{"floor":32,"key":"REST"},{"floor":41,"key":"REST"},{"floor":46,"key":"REST"},{"floor":49,"key":"REST"}],"neow_cost":"","seed_source_timestamp":1666380170954395,"circlet_count":0,"master_deck":["Zap+1","Dualcast","FTL+1","Rainbow+1","Compile Driver+1","Chaos+1","Ball Lightning","Leap+1","Fusion+1","Auto Shields+1","Reinforced Body+1","Defragment","Seek+1","Coolheaded+1"],"relics":["Cracked Core","Golden Idol","Cables","Smiling Mask","Regal Pillow","Pandora\u0027s Box","Ginger","Whetstone","Pear","Singing Bowl","Fusion Hammer","Tiny Chest","Toxic Egg 2","War Paint"],"potions_floor_usage":[12,16,24,33,39,39,40,40,50,50,50],"damage_taken":[{"damage":0,"enemies":"Small Slimes","floor":1,"turns":2},{"damage":3,"enemies":"2 Louse","floor":5,"turns":2},{"damage":1,"enemies":"Jaw Worm","floor":7,"turns":3},{"damage":4,"enemies":"3 Louse","floor":10,"turns":3},{"damage":13,"enemies":"Lots of Slimes","floor":12,"turns":3},{"damage":50,"enemies":"The Guardian","floor":16,"turns":9},{"damage":5,"enemies":"Shell Parasite","floor":18,"turns":5},{"damage":0,"enemies":"Spheric Guardian","floor":23,"turns":3},{"damage":8,"enemies":"Centurion and Healer","floor":24,"turns":3},{"damage":11,"enemies":"Cultist and Chosen","floor":27,"turns":5},{"damage":7,"enemies":"3 Cultists","floor":30,"turns":4},{"damage":31,"enemies":"Slaver and Parasite","floor":31,"turns":3},{"damage":65,"enemies":"Automaton","floor":33,"turns":9},{"damage":4,"enemies":"3 Shapes","floor":35,"turns":3},{"damage":1,"enemies":"Orb Walker","floor":38,"turns":2},{"damage":9,"enemies":"Sphere and 2 Shapes","floor":39,"turns":4},{"damage":3,"enemies":"Nemesis","floor":40,"turns":9},{"damage":20,"enemies":"4 Shapes","floor":42,"turns":6},{"damage":5,"enemies":"Maw","floor":45,"turns":7},{"damage":4,"enemies":"3 Darklings","floor":48,"turns":3},{"damage":78,"enemies":"Awakened One","floor":50,"turns":18}],"seed_played":"-1291595566159818477","potions_obtained":[{"floor":7,"key":"Block Potion"},{"floor":10,"key":"FearPotion"},{"floor":16,"key":"FocusPotion"},{"floor":23,"key":"Strength Potion"},{"floor":33,"key":"AttackPotion"},{"floor":38,"key":"FocusPotion"},{"floor":39,"key":"SkillPotion"},{"floor":48,"key":"LiquidBronze"}],"is_trial":false,"path_per_floor":["M","?","?","$","M","R","M","?","T","M","T","M","R","$","R","B",null,"M","$","?","?","$","M","M","R","T","M","R","T","M","M","R","B",null,"M","$","?","M","M","E","R","M","T","$","M","R","?","M","R","B"],"character_chosen":"DEFECT","items_purchased":["Regal Pillow","Fusion","Whetstone","Block Potion","War Paint","SkillPotion","Fire Potion","Defragment"],"campfire_rested":5,"item_purchase_floors":[14,22,22,36,44,44,44,44],"current_hp_per_floor":[75,57,57,57,54,54,53,53,53,49,49,36,36,36,73,23,75,70,70,70,70,70,70,62,62,72,61,61,61,56,27,68,5,91,89,89,89,88,81,78,95,77,77,77,74,99,99,95,99,21],"gold":48,"neow_bonus":"","is_prod":false,"is_daily":false,"chose_seed":false,"campfire_upgraded":4,"win_rate":0.0,"timestamp":1531229285,"path_taken":["M","?","?","$","M","R","?","?","T","?","?","M","R","$","R","BOSS","M","?","?","?","$","M","M","R","T","M","R","?","M","M","R","BOSS","M","$","?","M","M","E","R","?","T","$","M","R","?","M","R","BOSS"],"build_version":"2018-07-05","purchased_purges":4,"victory":true,"max_hp_per_floor":[75,75,75,75,75,75,75,75,75,75,75,75,75,75,75,75,75,75,75,75,75,75,75,75,75,85,85,85,85,87,89,89,91,91,93,93,93,93,95,95,95,97,97,97,99,99,99,99,99,99],"card_choices":[{"not_picked":["Turbo","Steam","Leap"],"picked":"SKIP","floor":1},{"not_picked":["Hologram","Compile Driver"],"picked":"FTL","floor":5},{"not_picked":["Blizzard","Leap","Hologram"],"picked":"SKIP","floor":7},{"not_picked":["Sweeping Beam","Turbo","Steam"],"picked":"SKIP","floor":10},{"not_picked":["Aggregate","Go for the Eyes","Stack"],"picked":"SKIP","floor":12},{"not_picked":["Multi-Cast","Thunder Strike"],"picked":"Rainbow","floor":16},{"not_picked":["Leap+1","Loop"],"picked":"Ball Lightning","floor":18},{"not_picked":["Stack+1","Hologram"],"picked":"Cold Snap","floor":23},{"not_picked":["Lockon","Rebound","BootSequence"],"picked":"SKIP","floor":24},{"not_picked":["Undo","Machine Learning","White Noise+1"],"picked":"SKIP","floor":27},{"not_picked":["Auto Shields+1","Steam","FTL+1"],"picked":"Singing Bowl","floor":30},{"not_picked":["Capacitor","Streamline","Sweeping Beam"],"picked":"Singing Bowl","floor":31},{"not_picked":["Amplify","Core Surge","Creative AI"],"picked":"Singing Bowl","floor":33},{"not_picked":["Force Field","Gash+1","Double Energy+1"],"picked":"Singing Bowl","floor":35},{"not_picked":["Reprogram+1","Gash"],"picked":"Auto Shields+1","floor":38},{"not_picked":["Sunder","Steam","Gash"],"picked":"Singing Bowl","floor":39},{"not_picked":["Rip and Tear","Rebound+1"],"picked":"Reinforced Body+1","floor":40},{"not_picked":["Sweeping Beam+1","Go for the Eyes+1","Steam+1"],"picked":"Singing Bowl","floor":42},{"not_picked":["Hologram+1","Self Repair","Barrage"],"picked":"Singing Bowl","floor":45},{"not_picked":["Electrodynamics","Reprogram+1"],"picked":"Coolheaded+1","floor":48}],"player_experience":170313,"relics_obtained":[{"floor":9,"key":"Cables"},{"floor":11,"key":"Smiling Mask"},{"floor":26,"key":"Pear"},{"floor":29,"key":"Singing Bowl"},{"floor":40,"key":"Tiny Chest"},{"floor":43,"key":"Toxic Egg 2"}],"event_choices":[{"event_name":"Golden Idol","player_choice":"Take Damage","floor":2,"damage_taken":0},{"event_name":"Liars Game","player_choice":"agreed","floor":3,"damage_taken":0},{"event_name":"Living Wall","player_choice":"Forget","floor":8,"damage_taken":0},{"event_name":"The Mausoleum","player_choice":"Yes","floor":20,"damage_taken":0},{"event_name":"Back to Basics","player_choice":"Elegance","floor":21,"damage_taken":0},{"event_name":"Falling","player_choice":"Removed Attack","floor":37,"damage_taken":0},{"event_name":"Match and Keep!","player_choice":"1 cards matched","floor":47,"damage_taken":0}],"boss_relics":[{"not_picked":["Coffee Dripper","White Beast Statue"],"picked":"Pandora\u0027s Box"},{"not_picked":["Runic Dome","Velvet Choker"],"picked":"Fusion Hammer"}],"items_purged_floors":[4,14,19,36],"is_endless":false,"potions_floor_spawned":[7,10,16,23,33,38,39,48],"ascension_level":0}