{"gold_per_floor":[112,127,127,146,166,166,200,220,244,244,279,279,314,325,325,325],"floor_reached":16,"playtime":733,"items_purged":[],"score":202,"play_id":"e38b2688-f6db-404e-9eee-fc4fe8af457d","local_time":"20190330190440","is_ascension_mode":true,"campfire_choices":[{"data":"Neutralize","floor":6,"key":"SMITH"},{"floor":10,"key":"REST"},{"floor":15,"key":"REST"}],"neow_cost":"NONE","seed_source_timestamp":27291397167900,"circlet_count":0,"master_deck":["Defend_G","Defend_G","Defend_G","Defend_G","Defend_G","Strike_G","Strike_G","Strike_G","Strike_G","Strike_G","Survivor","Neutralize+1","Backstab","Choke","Flying Knee","Dagger Spray","Footwork","PiercingWail","After Image"],"relics":["Ring of the Snake","Question Card","Strawberry","Juzu Bracelet","Anchor","Centennial Puzzle"],"potions_floor_usage":[7,16,16,16],"damage_taken":[{"damage":2,"enemies":"Jaw Worm","floor":1,"turns":5},{"damage":2,"enemies":"Cultist","floor":2,"turns":4},{"damage":0,"enemies":"2 Louse","floor":4,"turns":3},{"damage":4,"enemies":"Looter","floor":5,"turns":4},{"damage":27,"enemies":"Lagavulin","floor":7,"turns":8},{"damage":0,"enemies":"Gremlin Gang","floor":8,"turns":4},{"damage":17,"enemies":"Gremlin Nob","floor":11,"turns":4},{"damage":39,"enemies":"Lagavulin","floor":13,"turns":7},{"damage":0,"enemies":"3 Louse","floor":14,"turns":3},{"damage":45,"enemies":"Hexaghost","floor":16,"turns":14}],"seed_played":"-8409136238873539827","potions_obtained":[{"floor":1,"key":"Dexterity Potion"},{"floor":2,"key":"Swift Potion"},{"floor":7,"key":"Fruit Juice"},{"floor":8,"key":"Weak Potion"}],"is_trial":false,"path_per_floor":["?","M","?"],"character_chosen":"THE_SILENT","items_purchased":[],"campfire_rested":2,"item_purchase_floors":[],"current_hp_per_floor":[68,66,66,66,62,62,40,40,47,73,56,53,14,14,40,0],"gold":325,"neow_bonus":"TEN_PERCENT_HP_BONUS","is_prod":false,"is_daily":false,"chose_seed":false,"campfire_upgraded":1,"win_rate":0,"timestamp":1553987080,"path_taken":["M","M","?","?","M","R","E","M","T","R","E","?","E","M","R","BOSS"],"build_version":"2019-01-23","purchased_purges":0,"victory":false,"max_hp_per_floor":[77,77,77,77,77,77,82,82,89,89,89,89,89,89,89,89],"card_choices":[{"not_picked":["Masterful Stab","Predator","All Out Attack"],"picked":"SKIP","floor":1},{"not_picked":["Backflip","Caltrops"],"picked":"Backstab","floor":2},{"not_picked":["Predator","Eviscerate","Sucker Punch"],"picked":"SKIP","floor":4},{"not_picked":["Tactician","Reflex"],"picked":"Choke","floor":5},{"not_picked":["Acrobatics","Deadly Poison"],"picked":"Flying Knee","floor":7},{"not_picked":["Bane","Deflect","Tactician"],"picked":"Dagger Spray","floor":8},{"not_picked":["Poisoned Stab","Accuracy","Backflip"],"picked":"Footwork","floor":11},{"not_picked":["Deflect","Storm of Steel","Dodge and Roll"],"picked":"PiercingWail","floor":13},{"not_picked":["Crippling Poison","Blade Dance","Cloak And Dagger"],"picked":"After Image","floor":14}],"player_experience":352517,"relics_obtained":[{"floor":7,"key":"Question Card"},{"floor":9,"key":"Strawberry"},{"floor":11,"key":"Juzu Bracelet"},{"floor":13,"key":"Centennial Puzzle"}],"event_choices":[{"damage_healed":0,"gold_gain":0,"player_choice":"0 cards matched","damage_taken":0,"max_hp_gain":0,"max_hp_loss":0,"event_name":"Match and Keep!","floor":3,"gold_loss":0,"cards_obtained":[]},{"damage_healed":0,"gold_gain":0,"player_choice":"Success","damage_taken":3,"relics_obtained":["Anchor"],"max_hp_gain":0,"max_hp_loss":0,"event_name":"Scrap Ooze","floor":12,"gold_loss":0}],"is_beta":false,"boss_relics":[],"items_purged_floors":[],"is_endless":false,"potions_floor_spawned":[1,2,7,8,13],"killed_by":"Hexaghost","ascension_level":9}