{"gold_per_floor":[119,44,62,78,78,78,105,105,128,145,159,159,159,177,177,281,281,299,49,4,16,16,16,16,16,16,36,50,50],"floor_reached":29,"playtime":735,"items_purged":["Defend_R","Strike_R"],"score":227,"play_id":"66a48edd-9975-492b-9212-3fdc4df6d8c0","local_time":"20180710114223","is_ascension_mode":false,"campfire_choices":[{"data":"Flex","floor":6,"key":"SMITH"},{"data":"Thunderclap","floor":8,"key":"SMITH"},{"floor":13,"key":"REST"},{"data":"Battle Trance","floor":15,"key":"SMITH"},{"data":"Whirlwind","floor":23,"key":"SMITH"},{"data":"Flex","floor":25,"key":"SMITH"}],"neow_cost":"NONE","seed_source_timestamp":1676713879366320,"circlet_count":0,"master_deck":["Strike_R+1","Strike_R","Strike_R","Strike_R","Defend_R+1","Defend_R+1","Defend_R+1","Bash","Flex+1","Thunderclap+1","Battle Trance+1","Flex+1","Limit Break","Flex+1","Whirlwind+1"],"relics":["Burning Blood","NeowsBlessing","War Paint","Potion Belt","Orrery","Vajra","Darkstone Periapt"],"potions_floor_usage":[7,27,28,28],"damage_taken":[{"damage":0,"enemies":"Small Slimes","floor":1,"turns":1},{"damage":0,"enemies":"Jaw Worm","floor":3,"turns":1},{"damage":0,"enemies":"Cultist","floor":4,"turns":1},{"damage":31,"enemies":"Lagavulin","floor":7,"turns":4},{"damage":12,"enemies":"Exordium Wildlife","floor":10,"turns":2},{"damage":0,"enemies":"Red Slaver","floor":11,"turns":2},{"damage":0,"enemies":"Large Slime","floor":14,"turns":4},{"damage":56,"enemies":"Hexaghost","floor":16,"turns":9},{"damage":23,"enemies":"3 Byrds","floor":18,"turns":4},{"damage":22,"enemies":"2 Thieves","floor":20,"turns":3},{"damage":7,"enemies":"Snecko","floor":21,"turns":3},{"damage":26,"enemies":"Centurion and Healer","floor":27,"turns":3},{"damage":22,"enemies":"Slaver and Parasite","floor":28,"turns":4},{"damage":26,"enemies":"Snecko","floor":29,"turns":4}],"seed_played":"5122017338168639589","potions_obtained":[{"floor":4,"key":"FearPotion"},{"floor":10,"key":"SpeedPotion"},{"floor":16,"key":"Energy Potion"},{"floor":21,"key":"PowerPotion"},{"floor":27,"key":"Dexterity Potion"}],"is_trial":false,"path_per_floor":["M","$","M","M","?","R","E","R","T","M","M","?","R","M","R","B",null,"M","$","M","M","?","R","?","R","T","M","M"],"character_chosen":"IRONCLAD","items_purchased":["Vajra"],"campfire_rested":1,"item_purchase_floors":[19],"current_hp_per_floor":[80,80,80,80,64,64,39,39,39,33,39,39,63,69,69,19,80,63,63,47,46,46,46,46,46,46,26,10,0],"gold":50,"neow_bonus":"THREE_ENEMY_KILL","is_prod":false,"is_daily":false,"chose_seed":false,"campfire_upgraded":5,"win_rate":0,"timestamp":1531237343,"path_taken":["M","$","M","M","?","R","E","R","T","M","M","?","R","?","R","BOSS","M","$","M","M","?","R","?","R","T","M","M","M"],"build_version":"2018-07-05","purchased_purges":2,"victory":false,"max_hp_per_floor":[80,80,80,80,80,80,80,80,80,80,80,80,80,80,80,80,80,80,80,80,80,80,80,80,80,80,80,80,80],"card_choices":[{"not_picked":["Sword Boomerang","Heavy Blade"],"picked":"Flex","floor":1},{"not_picked":["Anger","True Grit","Clothesline"],"picked":"SKIP","floor":3},{"not_picked":["Havoc","Clothesline"],"picked":"Thunderclap","floor":4},{"not_picked":["Hemokinesis","Shrug It Off"],"picked":"Battle Trance","floor":7},{"not_picked":["Warcry","True Grit","Shockwave"],"picked":"SKIP","floor":10},{"not_picked":["Anger","Sword Boomerang"],"picked":"Flex","floor":11},{"not_picked":["Clash","Juggernaut","Metallicize"],"picked":"SKIP","floor":14},{"not_picked":["Impervious","Reaper"],"picked":"Limit Break","floor":16},{"not_picked":["Clash","Thunderclap"],"picked":"Flex","floor":17},{"not_picked":["Thunderclap+1","Shrug It Off"],"picked":"Whirlwind","floor":18},{"not_picked":["Warcry","Clash","Rage"],"picked":"SKIP","floor":20},{"not_picked":["Corruption","Armaments","Feed"],"picked":"SKIP","floor":21},{"not_picked":["Sword Boomerang","Second Wind","Shockwave"],"picked":"SKIP","floor":27},{"not_picked":["Warcry+1","Clash","Evolve+1"],"picked":"SKIP","floor":28}],"player_experience":180286,"relics_obtained":[{"floor":7,"key":"War Paint"},{"floor":9,"key":"Potion Belt"},{"floor":26,"key":"Darkstone Periapt"}],"event_choices":[{"event_name":"Shining Light","player_choice":"Entered Light","floor":5,"damage_taken":0},{"event_name":"Upgrade Shrine","player_choice":"Upgraded","floor":12,"damage_taken":0},{"event_name":"The Mausoleum","player_choice":"No","floor":22,"damage_taken":0},{"event_name":"Beggar","player_choice":"Ignored","floor":24,"damage_taken":0}],"boss_relics":[{"not_picked":["Astrolabe","Tiny House"],"picked":"Orrery"}],"items_purged_floors":[2,19],"is_endless":false,"potions_floor_spawned":[4,10,16,21,27],"killed_by":"Snecko","ascension_level":0}