{"gold_per_floor":[114,129,141,151,161,161,176,195,195,224,281,281,281,295,295,394,394,408,427,267,267,267,267,286,286,286,40,73,84,16,50,50,152,152,163,163,175,191,205,205,135,235,308,308],"floor_reached":44,"playtime":5385,"items_purged":[],"score":477,"play_id":"f91921db-f0ac-455b-9add-20d9a8b2a7f2","local_time":"20190323204411","is_ascension_mode":false,"campfire_choices":[{"data":"Neutralize","floor":6,"key":"SMITH"},{"floor":13,"key":"REST"},{"data":"Glass Knife","floor":15,"key":"SMITH"},{"floor":23,"key":"REST"},{"floor":32,"key":"REST"},{"data":"A Thousand Cuts","floor":40,"key":"SMITH"}],"neow_cost":"NONE","seed_source_timestamp":176045632646313,"circlet_count":0,"master_deck":["Defend_G","Defend_G","Defend_G","Defend_G","Defend_G","Strike_G","Strike_G","Strike_G","Strike_G","Survivor","Neutralize+1","Cloak And Dagger","Caltrops","Backstab","Backflip","Glass Knife+1","PiercingWail","Dagger Spray","Die Die Die","Infinite Blades","Accuracy","Dash","Infinite Blades","J.A.X.","Footwork","Cloak And Dagger","Caltrops","A Thousand Cuts+1","Footwork+1","Flying Knee+1","Infinite Blades","Sucker Punch"],"relics":["Ring of the Snake","Pantograph","Oddly Smooth Stone","Bag of Marbles","Ornamental Fan","Snecko Eye","Gremlin Horn","Mercury Hourglass","Pear","Paper Crane","Velvet Choker","Prayer Wheel"],"potions_floor_usage":[8,8,10,11,24,31,37,42],"damage_taken":[{"damage":0,"enemies":"Small Slimes","floor":1,"turns":5},{"damage":0,"enemies":"Jaw Worm","floor":2,"turns":5},{"damage":6,"enemies":"Cultist","floor":3,"turns":4},{"damage":9,"enemies":"3 Louse","floor":4,"turns":5},{"damage":7,"enemies":"Large Slime","floor":5,"turns":9},{"damage":0,"enemies":"Blue Slaver","floor":7,"turns":4},{"damage":6,"enemies":"Exordium Wildlife","floor":8,"turns":6},{"damage":19,"enemies":"3 Sentries","floor":10,"turns":19},{"damage":14,"enemies":"Gremlin Nob","floor":11,"turns":4},{"damage":0,"enemies":"Gremlin Gang","floor":14,"turns":4},{"damage":55,"enemies":"Hexaghost","floor":16,"turns":12},{"damage":10,"enemies":"Shell Parasite","floor":18,"turns":11},{"damage":10,"enemies":"Spheric Guardian","floor":19,"turns":4},{"damage":5,"enemies":"3 Cultists","floor":24,"turns":4},{"damage":10,"enemies":"Book of Stabbing","floor":28,"turns":4},{"damage":8,"enemies":"Shelled Parasite and Fungi","floor":29,"turns":8},{"damage":18,"enemies":"Gremlin Leader","floor":31,"turns":6},{"damage":45,"enemies":"Champ","floor":33,"turns":16},{"damage":12,"enemies":"3 Shapes","floor":35,"turns":4},{"damage":4,"enemies":"Orb Walker","floor":37,"turns":4},{"damage":14,"enemies":"Transient","floor":38,"turns":5},{"damage":7,"enemies":"4 Shapes","floor":39,"turns":5},{"damage":38,"enemies":"Mind Bloom Boss Battle","floor":42,"turns":8},{"damage":63,"enemies":"Reptomancer","floor":44,"turns":5}],"seed_played":"2514458461195082621","potions_obtained":[{"floor":2,"key":"GamblersBrew"},{"floor":4,"key":"AttackPotion"},{"floor":5,"key":"Regen Potion"},{"floor":10,"key":"Block Potion"},{"floor":16,"key":"Explosive Potion"},{"floor":18,"key":"LiquidBronze"},{"floor":33,"key":"LiquidBronze"},{"floor":35,"key":"EssenceOfSteel"},{"floor":37,"key":"Dexterity Potion"},{"floor":39,"key":"EssenceOfSteel"}],"is_trial":false,"path_per_floor":["?","T","$","?","?","?","?","?"],"character_chosen":"THE_SILENT","items_purchased":["Dash","Infinite Blades","Mercury Hourglass","Caltrops","Infinite Blades"],"campfire_rested":3,"item_purchase_floors":[20,20,27,30,41],"current_hp_per_floor":[77,77,71,62,55,55,55,64,64,45,31,31,54,54,54,22,77,67,57,57,43,43,67,62,62,62,62,62,54,54,36,63,43,92,80,80,76,62,55,55,55,42,42,0],"gold":308,"neow_bonus":"TEN_PERCENT_HP_BONUS","is_prod":false,"is_daily":false,"chose_seed":false,"campfire_upgraded":3,"win_rate":0,"timestamp":1553384651,"path_taken":["M","M","M","M","M","R","M","M","T","E","?","?","R","M","R","BOSS","M","M","?","?","?","R","M","?","T","$","E","M","$","E","R","BOSS","M","?","M","M","M","R","$","?","T","E"],"build_version":"2019-01-23","purchased_purges":0,"victory":false,"max_hp_per_floor":[77,77,77,77,77,77,77,77,77,77,77,77,77,77,77,77,77,77,77,77,82,82,82,82,82,82,82,92,92,92,92,92,92,92,92,92,92,92,92,92,92,92,92,92],"card_choices":[{"not_picked":["Quick Slash","Poisoned Stab"],"picked":"Cloak And Dagger","floor":1},{"not_picked":["Deadly Poison","Blade Dance"],"picked":"Caltrops","floor":2},{"not_picked":["Dagger Throw","Bane"],"picked":"Backstab","floor":3},{"not_picked":["Blade Dance","Underhanded Strike","All Out Attack"],"picked":"SKIP","floor":4},{"not_picked":["Bane","PiercingWail"],"picked":"Backflip","floor":5},{"not_picked":["Envenom","Deflect","Skewer"],"picked":"SKIP","floor":7},{"not_picked":["Blade Dance","Quick Slash","Masterful Stab"],"picked":"SKIP","floor":8},{"not_picked":["Masterful Stab","Catalyst"],"picked":"Glass Knife","floor":10},{"not_picked":["Catalyst","Dagger Throw"],"picked":"PiercingWail","floor":11},{"not_picked":["Acrobatics","Setup"],"picked":"Dagger Spray","floor":14},{"not_picked":["Burst","Wraith Form v2"],"picked":"Die Die Die","floor":16},{"not_picked":["Bane","Distraction+1"],"picked":"Infinite Blades","floor":18},{"not_picked":["Dodge and Roll","Setup"],"picked":"Accuracy","floor":19},{"not_picked":["Cloak And Dagger","Eviscerate"],"picked":"Footwork","floor":24},{"not_picked":["PiercingWail","Wraith Form v2","Expertise"],"picked":"SKIP","floor":28},{"not_picked":["Deflect+1","Concentrate"],"picked":"Cloak And Dagger","floor":29},{"not_picked":["Blade Dance","Wraith Form v2","Masterful Stab+1"],"picked":"SKIP","floor":31},{"not_picked":["Burst","Adrenaline"],"picked":"A Thousand Cuts","floor":33},{"not_picked":["Slice","Blade Dance+1","Bane+1"],"picked":"SKIP","floor":35},{"not_picked":["Accuracy+1","Deadly Poison+1"],"picked":"Footwork+1","floor":37},{"not_picked":["Wraith Form v2","Prepared+1","Underhanded Strike"],"picked":"SKIP","floor":38},{"not_picked":["PiercingWail+1","Dagger Throw+1"],"picked":"Flying Knee+1","floor":39},{"not_picked":["Reflex","Dagger Spray+1"],"picked":"Sucker Punch","floor":42}],"player_experience":414125,"relics_obtained":[{"floor":9,"key":"Pantograph"},{"floor":10,"key":"Oddly Smooth Stone"},{"floor":11,"key":"Bag of Marbles"},{"floor":12,"key":"Ornamental Fan"},{"floor":26,"key":"Gremlin Horn"},{"floor":28,"key":"Pear"},{"floor":31,"key":"Paper Crane"},{"floor":42,"key":"Prayer Wheel"}],"event_choices":[{"damage_healed":0,"gold_gain":0,"player_choice":"Searched \u00272\u0027 times","damage_taken":0,"max_hp_gain":0,"max_hp_loss":0,"event_name":"Dead Adventurer","floor":11,"gold_loss":0},{"damage_healed":0,"gold_gain":0,"player_choice":"Shed Blood","damage_taken":19,"max_hp_gain":5,"max_hp_loss":0,"event_name":"Forgotten Altar","floor":21,"gold_loss":0},{"damage_healed":0,"gold_gain":0,"player_choice":"Obtain J.A.X.","damage_taken":0,"max_hp_gain":0,"max_hp_loss":0,"event_name":"Drug Dealer","floor":22,"gold_loss":0,"cards_obtained":["J.A.X."]},{"damage_healed":0,"gold_gain":0,"player_choice":"Ignored","damage_taken":0,"max_hp_gain":0,"max_hp_loss":0,"event_name":"Ghosts","floor":25,"gold_loss":0},{"cards_removed":["Strike_G"],"damage_healed":0,"gold_gain":0,"player_choice":"Removed Attack","damage_taken":0,"max_hp_gain":0,"max_hp_loss":0,"event_name":"Falling","floor":36,"gold_loss":0},{"damage_healed":0,"gold_gain":0,"player_choice":"Fight","damage_taken":0,"max_hp_gain":0,"max_hp_loss":0,"event_name":"MindBloom","floor":42,"gold_loss":0}],"is_beta":false,"boss_relics":[{"not_picked":["Runic Dome","Lizard Tail"],"picked":"Snecko Eye"},{"not_picked":["Tiny House","Ring of the Serpent"],"picked":"Velvet Choker"}],"items_purged_floors":[],"is_endless":false,"potions_floor_spawned":[2,4,5,10,16,18,33,35,37,39],"killed_by":"Reptomancer","ascension_level":0}