{"gold_per_floor":[111,61,75,87,100,100,100,120,120,21,33,49,65,76,76,76],"floor_reached":16,"playtime":708,"items_purged":["Defend_R"],"score":98,"play_id":"34e09684-21ba-4d0a-8780-1daa32d43a04","local_time":"20180705172605","is_ascension_mode":false,"campfire_choices":[{"data":"Perfected Strike","floor":6,"key":"SMITH"},{"floor":15,"key":"REST"}],"neow_cost":"NONE","seed_source_timestamp":1265355955631263,"circlet_count":0,"master_deck":["Strike_R","Strike_R","Strike_R","Strike_R","Strike_R","Defend_R","Bash","Perfected Strike+1","Cleave","Perfected Strike","Shrug It Off"],"relics":["Burning Blood","Letter Opener","Darkstone Periapt"],"potions_floor_usage":[5,12,14,14],"damage_taken":[{"damage":11,"enemies":"Jaw Worm","floor":1,"turns":4},{"damage":10,"enemies":"Small Slimes","floor":3,"turns":3},{"damage":0,"enemies":"2 Louse","floor":4,"turns":2},{"damage":34,"enemies":"Exordium Thugs","floor":5,"turns":4},{"damage":10,"enemies":"Looter","floor":8,"turns":2},{"damage":25,"enemies":"Gremlin Gang","floor":11,"turns":3},{"damage":16,"enemies":"Large Slime","floor":12,"turns":4},{"damage":9,"enemies":"2 Fungi Beasts","floor":13,"turns":2},{"damage":0,"enemies":"Looter","floor":14,"turns":2},{"damage":42,"enemies":"The Guardian","floor":16,"turns":7}],"seed_played":"-6249647153620194552","potions_obtained":[{"floor":1,"key":"Energy Potion"},{"floor":3,"key":"Explosive Potion"},{"floor":8,"key":"Block Potion"},{"floor":11,"key":"GamblersBrew"}],"is_trial":false,"path_per_floor":["M","?","M","M","M","R","?","M","T","$","M","M","M","M","R"],"character_chosen":"IRONCLAD","items_purchased":["Cleave"],"campfire_rested":1,"item_purchase_floors":[10],"current_hp_per_floor":[75,75,71,77,49,49,46,42,42,42,23,13,10,16,40,0],"gold":76,"neow_bonus":"REMOVE_CARD","is_prod":false,"is_daily":false,"chose_seed":false,"campfire_upgraded":1,"win_rate":0.0,"timestamp":1530825965,"path_taken":["M","?","M","M","M","R","?","M","T","$","M","M","M","M","R","BOSS"],"build_version":"2018-06-28","purchased_purges":1,"victory":false,"max_hp_per_floor":[80,80,80,80,80,80,80,80,80,80,80,80,80,80,80,80],"card_choices":[{"not_picked":["Hemokinesis","Shrug It Off"],"picked":"Perfected Strike","floor":1},{"not_picked":["Iron Wave","Inflame","Body Slam"],"picked":"SKIP","floor":3},{"not_picked":["Feel No Pain","Sentinel","Clothesline"],"picked":"SKIP","floor":4},{"not_picked":["Evolve","Thunderclap","Shrug It Off"],"picked":"SKIP","floor":5},{"not_picked":["Dropkick","Anger","Fire Breathing"],"picked":"SKIP","floor":8},{"not_picked":["Exhume","Body Slam"],"picked":"Perfected Strike","floor":11},{"not_picked":["Second Wind","Warcry"],"picked":"Shrug It Off","floor":12},{"not_picked":["Anger","Twin Strike","Carnage"],"picked":"SKIP","floor":13},{"not_picked":["Warcry","Entrench","Clash"],"picked":"SKIP","floor":14}],"player_experience":58693,"relics_obtained":[{"floor":9,"key":"Darkstone Periapt"}],"event_choices":[{"event_name":"The Cleric","player_choice":"Card Removal","floor":2,"damage_taken":0},{"event_name":"Scrap Ooze","player_choice":"success","floor":7,"damage_taken":3}],"boss_relics":[],"items_purged_floors":[10],"is_endless":false,"potions_floor_spawned":[1,3,8,11],"killed_by":"The Guardian","ascension_level":0}