{"gold_per_floor":[115,115,115,127,302,331,331,406,429,429,37,37,37,56,56,152,152,171,71,83,96,48,75,75,93,93,113,113,113,113,132,132,227,227,246,262,137,100,0,0,0],"floor_reached":41,"playtime":1104,"items_purged":["Doubt","Defend_B","Defend_B"],"score":554,"play_id":"60d613a0-6e4a-456f-8243-dfc9aa4ab35c","local_time":"20190325012523","is_ascension_mode":true,"campfire_choices":[{"data":"Zap","floor":10,"key":"SMITH"},{"data":"Scrape","floor":13,"key":"SMITH"},{"data":"Streamline","floor":15,"key":"SMITH"},{"floor":24,"key":"REST"},{"data":"Gash","floor":28,"key":"SMITH"},{"floor":32,"key":"REST"},{"floor":40,"key":"REST"}],"neow_cost":"NONE","seed_source_timestamp":7871230293298989,"circlet_count":0,"master_deck":["Strike_B","Strike_B","Strike_B","Strike_B","Zap+1","Dualcast+1","Hologram","Scrape+1","Secret Weapon+1","Good Instincts+1","Streamline+1","Turbo+1","Reboot+1","Sweeping Beam","Go for the Eyes+1","Gash+1","Steam Power+1","Streamline+1","Rebound","Gash+1","Seek+1","FTL"],"relics":["Cracked Core","NeowsBlessing","Bronze Scales","Toxic Egg 2","Dream Catcher","Runic Dome","Juzu Bracelet","Pear","Busted Crown","Red Mask"],"potions_floor_usage":[16,16,33],"damage_taken":[{"damage":0,"enemies":"Jaw Worm","floor":1,"turns":1},{"damage":0,"enemies":"Small Slimes","floor":4,"turns":1},{"damage":0,"enemies":"3 Sentries","floor":6,"turns":1},{"damage":0,"enemies":"Cultist","floor":14,"turns":2},{"damage":0,"enemies":"Slime Boss","floor":16,"turns":6},{"damage":1,"enemies":"Spheric Guardian","floor":18,"turns":3},{"damage":22,"enemies":"2 Thieves","floor":20,"turns":2},{"damage":8,"enemies":"Shelled Parasite and Fungi","floor":21,"turns":3},{"damage":18,"enemies":"Gremlin Leader","floor":23,"turns":6},{"damage":2,"enemies":"3 Cultists","floor":25,"turns":3},{"damage":0,"enemies":"Sentry and Sphere","floor":27,"turns":2},{"damage":19,"enemies":"Shelled Parasite and Fungi","floor":31,"turns":3},{"damage":40,"enemies":"Collector","floor":33,"turns":7},{"damage":43,"enemies":"3 Shapes","floor":35,"turns":3},{"damage":28,"enemies":"3 Darklings","floor":36,"turns":4},{"damage":40,"enemies":"Nemesis","floor":41,"turns":3}],"seed_played":"-7841356255598089791","potions_obtained":[{"floor":1,"key":"Explosive Potion"},{"floor":6,"key":"Strength Potion"},{"floor":21,"key":"Ancient Potion"},{"floor":27,"key":"Energy Potion"},{"floor":33,"key":"LiquidBronze"}],"is_trial":false,"path_per_floor":["M","?","?","M","?","E","?","T","T","R","$","$","R","M","R","B",null,"M","$","M","M","$","E","R","M","T","M","R","?","?","M","R","B",null,"M","M","$","$","?","R","E"],"character_chosen":"DEFECT","items_purchased":["Secret Weapon+1","Good Instincts+1","Streamline","Gash","FTL"],"campfire_rested":3,"item_purchase_floors":[11,11,11,22,38],"current_hp_per_floor":[75,60,60,60,60,60,53,53,53,53,53,53,53,53,53,53,75,74,74,52,44,44,26,48,46,56,56,56,56,56,37,62,22,85,42,14,14,14,14,39,0],"gold":0,"neow_bonus":"THREE_ENEMY_KILL","is_prod":false,"is_daily":false,"chose_seed":false,"campfire_upgraded":4,"win_rate":0,"timestamp":1553491523,"path_taken":["M","?","?","?","?","E","?","?","T","R","?","$","R","M","R","BOSS","M","$","M","M","$","E","R","M","T","M","R","?","?","M","R","BOSS","M","M","?","$","?","R","E"],"build_version":"2019-01-23","purchased_purges":3,"victory":false,"max_hp_per_floor":[75,75,75,75,75,75,75,75,75,75,75,75,75,75,75,75,75,75,75,75,75,75,75,75,75,85,85,85,85,85,85,85,85,85,85,85,85,85,85,85,85],"card_choices":[{"not_picked":["Lockon","Redo"],"picked":"Hologram","floor":1},{"not_picked":["BootSequence","Compile Driver"],"picked":"Scrape","floor":4},{"not_picked":["Aggregate","Coolheaded","Stack"],"picked":"SKIP","floor":6},{"not_picked":["Coolheaded+1","Leap+1"],"picked":"Turbo+1","floor":14},{"not_picked":["Buffer","Creative AI"],"picked":"Reboot+1","floor":16},{"not_picked":["Ball Lightning","Redo+1"],"picked":"Sweeping Beam","floor":18},{"not_picked":["Steam+1","Cold Snap+1"],"picked":"Go for the Eyes+1","floor":20},{"not_picked":["Amplify+1","Conserve Battery+1","Stack+1"],"picked":"SKIP","floor":21},{"not_picked":["Lockon+1","BootSequence+1"],"picked":"Steam Power+1","floor":23},{"not_picked":["Reinforced Body+1","Hologram+1"],"picked":"Streamline+1","floor":24},{"not_picked":["Reinforced Body+1","Defragment"],"picked":"Rebound","floor":25},{"not_picked":["Leap+1","Conserve Battery+1","Turbo+1"],"picked":"SKIP","floor":27},{"not_picked":["Sunder","Undo+1","Sweeping Beam"],"picked":"SKIP","floor":31},{"not_picked":["Rebound"],"picked":"SKIP","floor":35},{"not_picked":["Turbo+1"],"picked":"SKIP","floor":36}],"player_experience":492179,"relics_obtained":[{"floor":6,"key":"Bronze Scales"},{"floor":8,"key":"Toxic Egg 2"},{"floor":9,"key":"Dream Catcher"},{"floor":23,"key":"Juzu Bracelet"},{"floor":26,"key":"Pear"}],"event_choices":[{"damage_healed":0,"gold_gain":0,"player_choice":"Entered Light","damage_taken":15,"max_hp_gain":0,"max_hp_loss":0,"event_name":"Shining Light","floor":2,"gold_loss":0,"cards_upgraded":["Defend_B","Dualcast"]},{"cards_removed":["Defend_B"],"damage_healed":0,"gold_gain":0,"player_choice":"Offered Basic","damage_taken":0,"max_hp_gain":0,"max_hp_loss":0,"event_name":"Bonfire Elementals","floor":3,"gold_loss":0},{"damage_healed":0,"gold_gain":175,"player_choice":"AGREE","damage_taken":0,"max_hp_gain":0,"max_hp_loss":0,"event_name":"Liars Game","floor":5,"gold_loss":0,"cards_obtained":["Doubt"]},{"cards_removed":["Defend_B"],"damage_healed":0,"gold_gain":0,"player_choice":"Card Removal","damage_taken":7,"max_hp_gain":0,"max_hp_loss":0,"event_name":"Golden Wing","floor":7,"gold_loss":0},{"damage_healed":0,"gold_gain":0,"player_choice":"Copied","damage_taken":0,"max_hp_gain":0,"max_hp_loss":0,"event_name":"Duplicator","floor":29,"gold_loss":0,"cards_obtained":["Gash"]},{"damage_healed":0,"gold_gain":0,"player_choice":"1 cards matched","damage_taken":0,"max_hp_gain":0,"max_hp_loss":0,"event_name":"Match and Keep!","floor":30,"gold_loss":0,"cards_obtained":["Seek"]},{"damage_healed":0,"gold_gain":0,"player_choice":"Paid","damage_taken":0,"relics_obtained":["Red Mask"],"max_hp_gain":0,"max_hp_loss":0,"event_name":"Tomb of Lord Red Mask","floor":39,"gold_loss":100}],"is_beta":false,"boss_relics":[{"not_picked":["Inserter","Black Star"],"picked":"Runic Dome"},{"not_picked":["Velvet Choker","Eternal Feather"],"picked":"Busted Crown"}],"items_purged_floors":[11,19,37],"is_endless":false,"potions_floor_spawned":[1,6,21,27,33],"killed_by":"Nemesis","ascension_level":3}