{"gold_per_floor":[110,60,77,2,49,75,93,127,153,153,328,341,341,357,357,453,453,465,478,222,253,268,268,283,283,308,70,97,109,109,109],"floor_reached":31,"playtime":1502,"items_purged":["Defend_G","Defend_G","Strike_G"],"score":265,"play_id":"3f00dbbb-e7d3-4589-842a-d2776561f253","local_time":"20180708043418","is_ascension_mode":false,"campfire_choices":[{"floor":10.0,"key":"REST"},{"floor":13.0,"key":"REST"},{"data":"Terror","floor":15.0,"key":"SMITH"},{"floor":23,"key":"REST"},{"floor":25,"key":"REST"},{"floor":30,"key":"REST"}],"neow_cost":"NONE","seed_source_timestamp":0,"circlet_count":0,"master_deck":["Defend_G","Defend_G","Strike_G","Strike_G","Strike_G","Strike_G","Survivor","Neutralize","Terror+1","Noxious Fumes","Dagger Throw","Noxious Fumes","Poisoned Stab","Poisoned Stab+1","Footwork+1","Corpse Explosion","Prepared+1","Flying Knee","Dramatic Entrance"],"special_seed":0,"relics":["Lizard Tail","Omamori","Potion Belt","Strawberry","Dream Catcher","Velvet Choker","Orichalcum","Red Mask","Lantern","Bottled Lightning"],"potions_floor_usage":[19,21],"damage_taken":[{"damage":9.0,"enemies":"Jaw Worm","floor":1.0,"turns":6.0},{"damage":0.0,"enemies":"2 Louse","floor":3.0,"turns":3.0},{"damage":15.0,"enemies":"Gremlin Nob","floor":6.0,"turns":4.0},{"damage":4.0,"enemies":"Cultist","floor":7.0,"turns":3.0},{"damage":23.0,"enemies":"3 Sentries","floor":8.0,"turns":8.0},{"damage":3.0,"enemies":"Red Slaver","floor":12.0,"turns":5.0},{"damage":15.0,"enemies":"Exordium Thugs","floor":14.0,"turns":5.0},{"damage":26.0,"enemies":"Slime Boss","floor":16.0,"turns":5.0},{"damage":9,"enemies":"Shell Parasite","floor":18,"turns":6},{"damage":23,"enemies":"Spheric Guardian","floor":19,"turns":5},{"damage":36,"floor":21,"turns":5},{"damage":29,"enemies":"Slaver and Parasite","floor":22,"turns":6},{"damage":24,"enemies":"Snake Plant","floor":24,"turns":5},{"damage":30,"enemies":"Book of Stabbing","floor":28,"turns":5},{"damage":6,"enemies":"Cultist and Chosen","floor":29,"turns":4},{"damage":29,"enemies":"Slavers","floor":31,"turns":2}],"seed_played":"-2526078388311018480","potions_obtained":[{"floor":3.0,"key":"SteroidPotion"},{"floor":12.0,"key":"Fire Potion"},{"floor":14.0,"key":"SkillPotion"},{"floor":16.0,"key":"Block Potion"},{"floor":18,"key":"Fire Potion"},{"floor":29,"key":"GamblersBrew"}],"is_trial":false,"path_per_floor":["M","?","M","$","T","E","M","E","T","R","?","M","R","M","R","B",null,"M","M","$","?","M","R","M","R","T","$","E","M","R"],"character_chosen":"THE_SILENT","items_purchased":["Orichalcum","Flying Knee","Dramatic Entrance"],"campfire_rested":5,"item_purchase_floors":[20,27,27],"current_hp_per_floor":[61,61,61,61,61,46,42,26,26,49,49,46,69,54,54,28,77,68,45,45,9,18,41,17,40,40,40,10,4,27,0],"gold":109,"neow_bonus":"BOSS_RELIC","is_prod":false,"is_daily":false,"chose_seed":false,"campfire_upgraded":1,"win_rate":0.0,"timestamp":1531038858,"path_taken":["M","?","?","?","?","E","M","E","T","R","?","M","R","M","R","BOSS","M","M","$","?","M","R","M","R","T","$","E","M","R","E"],"build_version":"2018-07-05","purchased_purges":3,"victory":false,"max_hp_per_floor":[70,70,70,70,70,70,70,77,77,77,77,77,77,77,77,77,77,77,77,77,77,77,77,77,77,77,77,77,77,77,77],"card_choices":[{"not_picked":["Deflect","Acrobatics","Dagger Spray"],"picked":"SKIP","floor":1.0},{"not_picked":["Choke","Dodge and Roll"],"picked":"Terror","floor":3.0},{"not_picked":["Eviscerate","Expertise"],"picked":"Noxious Fumes","floor":6.0},{"not_picked":["Underhanded Strike","Sucker Punch","Cloak And Dagger"],"picked":"SKIP","floor":7.0},{"not_picked":["Poisoned Stab","Phantasmal Killer","PiercingWail"],"picked":"SKIP","floor":8.0},{"not_picked":["Dodge and Roll","Infinite Blades","Flechettes"],"picked":"SKIP","floor":12.0},{"not_picked":["Caltrops","Malaise"],"picked":"Dagger Throw","floor":13.0},{"not_picked":["Backflip","Glass Knife","Accuracy"],"picked":"SKIP","floor":14.0},{"not_picked":["Heel Hook","Outmaneuver"],"picked":"Noxious Fumes","floor":18},{"not_picked":["Dagger Spray","Acrobatics","Reflex"],"picked":"SKIP","floor":19},{"not_picked":["Outmaneuver+1","PiercingWail"],"picked":"Poisoned Stab","floor":21},{"not_picked":["Blade Dance+1","PiercingWail"],"picked":"Poisoned Stab+1","floor":22},{"not_picked":["Caltrops","PiercingWail"],"picked":"Footwork+1","floor":23},{"not_picked":["Acrobatics","Underhanded Strike+1"],"picked":"Corpse Explosion","floor":24},{"not_picked":["Dodge and Roll","Choke+1"],"picked":"Prepared+1","floor":25},{"not_picked":["Calculated Gamble","Prepared","Predator"],"picked":"SKIP","floor":28},{"not_picked":["Predator","Cloak And Dagger","Dodge and Roll"],"picked":"SKIP","floor":29}],"player_experience":124869,"relics_obtained":[{"floor":5.0,"key":"Omamori"},{"floor":6.0,"key":"Potion Belt"},{"floor":8.0,"key":"Strawberry"},{"floor":9.0,"key":"Dream Catcher"},{"floor":21,"key":"Red Mask"},{"floor":26,"key":"Lantern"},{"floor":28,"key":"Bottled Lightning"}],"event_choices":[{"event_name":"The Cleric","player_choice":"Card Removal","floor":2.0,"damage_taken":0.0},{"event_name":"Liars Game","player_choice":"agreed","floor":11.0,"damage_taken":0.0},{"event_name":"Masked Bandits","player_choice":"Fought over 222 gold","floor":21,"damage_taken":0}],"boss_relics":[{"not_picked":["Cursed Key","Snecko Eye"],"picked":"Velvet Choker"}],"items_purged_floors":[4,20,27],"is_endless":false,"potions_floor_spawned":[3,12,14,16,18,29],"killed_by":"Slavers","ascension_level":0}