{"gold_per_floor":[14,14,38,38,213,213,227,263,317,317,331,331,296,321,321,451,451,467,467],"floor_reached":19,"playtime":1008,"items_purged":[],"score":175,"play_id":"847a7bb1-4bb2-418e-8861-ea1c0939b5e2","local_time":"20190328091706","is_ascension_mode":true,"campfire_choices":[{"data":"All Out Attack","floor":6,"key":"SMITH"},{"floor":12,"key":"REST"},{"data":"Envenom","floor":15,"key":"SMITH"}],"neow_cost":"NO_GOLD","seed_source_timestamp":8158845034376227,"circlet_count":0,"master_deck":["Defend_G","Defend_G","Defend_G","Defend_G","Strike_G","Strike_G","Survivor","Neutralize","Eviscerate","Choke","All Out Attack+1","Sucker Punch","Dagger Throw","Backflip","Envenom+1","Flying Knee","Malaise","Parasite","Backstab+1","Underhanded Strike+1","Leg Sweep+1"],"relics":["Ring of the Snake","Golden Idol","Potion Belt","Ancient Tea Set","Centennial Puzzle","Astrolabe"],"potions_floor_usage":[11,16],"damage_taken":[{"damage":4,"enemies":"Jaw Worm","floor":1,"turns":6},{"damage":0,"enemies":"Small Slimes","floor":3,"turns":2},{"damage":0,"enemies":"2 Louse","floor":7,"turns":2},{"damage":26,"enemies":"3 Sentries","floor":8,"turns":9},{"damage":2,"enemies":"Exordium Thugs","floor":11,"turns":6},{"damage":0,"enemies":"2 Fungi Beasts","floor":14,"turns":3},{"damage":38,"enemies":"Hexaghost","floor":16,"turns":12},{"damage":4,"enemies":"Shell Parasite","floor":18,"turns":7},{"damage":20,"enemies":"Spheric Guardian","floor":19,"turns":7}],"seed_played":"5503851197155286653","potions_obtained":[{"floor":1,"key":"FearPotion"},{"floor":8,"key":"Swift Potion"},{"floor":10,"key":"Dexterity Potion"},{"floor":10,"key":"SteroidPotion"},{"floor":10,"key":"EssenceOfSteel"},{"floor":14,"key":"SkillPotion"}],"is_trial":false,"path_per_floor":["M","?","M","?","?","R","M","E","T","?","M","R","?","M","R","B",null,"M","M"],"character_chosen":"THE_SILENT","items_purchased":[],"campfire_rested":1,"item_purchase_floors":[],"current_hp_per_floor":[66,49,49,42,42,42,42,16,16,16,14,35,52,52,52,14,70,66,46],"gold":467,"neow_bonus":"TRANSFORM_TWO_CARDS","is_prod":false,"is_daily":false,"chose_seed":false,"campfire_upgraded":2,"win_rate":0,"timestamp":1553779026,"path_taken":["M","?","M","?","?","R","M","E","T","?","?","R","?","M","R","BOSS","M","M"],"build_version":"2019-01-23","purchased_purges":0,"victory":false,"max_hp_per_floor":[70,70,70,70,70,70,70,70,70,70,70,70,70,70,70,70,70,70,70],"card_choices":[{"not_picked":["Bane","Cloak And Dagger"],"picked":"All Out Attack","floor":1},{"not_picked":["Tactician","Dash"],"picked":"Sucker Punch","floor":3},{"not_picked":["Deflect","Slice"],"picked":"Dagger Throw","floor":7},{"not_picked":["Infinite Blades","Heel Hook"],"picked":"Backflip","floor":8},{"not_picked":["Crippling Poison","Infinite Blades"],"picked":"Envenom","floor":11},{"not_picked":["Bane","Prepared"],"picked":"Flying Knee","floor":14},{"not_picked":["Glass Knife","Phantasmal Killer"],"picked":"Malaise","floor":16},{"not_picked":["Acrobatics+1","Flechettes"],"picked":"Leg Sweep+1","floor":18}],"player_experience":574980,"relics_obtained":[{"floor":8,"key":"Ancient Tea Set"},{"floor":9,"key":"Centennial Puzzle"}],"event_choices":[{"damage_healed":0,"gold_gain":0,"player_choice":"Take Damage","damage_taken":17,"relics_obtained":["Golden Idol"],"max_hp_gain":0,"max_hp_loss":0,"event_name":"Golden Idol","floor":2,"gold_loss":0},{"damage_healed":0,"gold_gain":0,"player_choice":"Success","damage_taken":7,"relics_obtained":["Potion Belt"],"max_hp_gain":0,"max_hp_loss":0,"event_name":"Scrap Ooze","floor":4,"gold_loss":0},{"damage_healed":0,"gold_gain":175,"player_choice":"AGREE","damage_taken":0,"max_hp_gain":0,"max_hp_loss":0,"event_name":"Liars Game","floor":5,"gold_loss":0,"cards_obtained":["Doubt"]},{"damage_healed":0,"gold_gain":0,"player_choice":"Got Potions","damage_taken":0,"max_hp_gain":0,"max_hp_loss":0,"event_name":"Lab","floor":10,"gold_loss":0},{"damage_healed":17,"gold_gain":0,"player_choice":"Healed","damage_taken":0,"max_hp_gain":0,"max_hp_loss":0,"event_name":"The Cleric","floor":13,"gold_loss":35}],"is_beta":false,"boss_relics":[{"not_picked":["Coffee Dripper","Calling Bell"],"picked":"Astrolabe"}],"items_purged_floors":[],"is_endless":false,"potions_floor_spawned":[1,8,14],"killed_by":"Spheric Guardian","ascension_level":1}