{"gold_per_floor":[110,110,122,47,47,80,80,95,95,270,289,72,88,99,99,99],"floor_reached":16,"playtime":1025,"items_purged":["Defend_G","Regret"],"score":102,"play_id":"928eee29-048e-4935-9163-c503efb204d3","local_time":"20180711145704","is_ascension_mode":false,"campfire_choices":[{"data":"Adrenaline","floor":7,"key":"SMITH"},{"floor":15,"key":"REST"}],"neow_cost":"NONE","seed_source_timestamp":24212481489104,"circlet_count":0,"master_deck":["Defend_G","Defend_G","Defend_G","Defend_G","Strike_G","Strike_G","Strike_G","Strike_G","Strike_G","Survivor","Neutralize","Flying Knee","Cloak And Dagger","Flying Knee","Adrenaline+1","Quick Slash+1","Doubt"],"relics":["Ring of the Snake","NlothsMask","Sundial","Molten Egg 2","Tiny Chest"],"potions_floor_usage":[],"damage_taken":[{"damage":5,"enemies":"2 Louse","floor":1,"turns":2},{"damage":0,"enemies":"Cultist","floor":3,"turns":3},{"damage":22,"enemies":"3 Sentries","floor":6,"turns":10},{"damage":10,"enemies":"Small Slimes","floor":8,"turns":2},{"damage":3,"enemies":"Exordium Wildlife","floor":11,"turns":3},{"damage":0,"enemies":"2 Fungi Beasts","floor":13,"turns":2},{"damage":4,"enemies":"Looter","floor":14,"turns":3},{"damage":55,"enemies":"Slime Boss","floor":16,"turns":8}],"seed_played":"5289637893846588321","potions_obtained":[{"floor":8,"key":"Ancient Potion"},{"floor":13,"key":"GamblersBrew"},{"floor":14,"key":"Strength Potion"}],"is_trial":false,"path_per_floor":["M","?","M","$","?","E","R","M","T","?","M","$","M","M","R"],"character_chosen":"THE_SILENT","items_purchased":["Tiny Chest"],"campfire_rested":1,"item_purchase_floors":[12],"current_hp_per_floor":[65,65,65,65,65,43,43,33,33,33,30,30,30,26,47,0],"gold":99,"neow_bonus":"THREE_CARDS","is_prod":false,"is_daily":false,"chose_seed":false,"campfire_upgraded":1,"win_rate":0,"timestamp":1531335424,"path_taken":["M","?","M","$","?","E","R","M","T","?","M","?","?","M","R","BOSS"],"build_version":"2018-07-05","purchased_purges":2,"victory":false,"max_hp_per_floor":[70,70,70,70,70,70,70,70,70,70,70,70,70,70,70,70],"card_choices":[{"not_picked":["Sucker Punch","Acrobatics"],"picked":"Flying Knee","floor":0},{"not_picked":["Quick Slash","Sucker Punch"],"picked":"Cloak And Dagger","floor":1},{"not_picked":["Dagger Spray","Quick Slash"],"picked":"Flying Knee","floor":3},{"not_picked":["Catalyst","Acrobatics"],"picked":"Adrenaline","floor":6},{"not_picked":["Slice+1","All Out Attack+1"],"picked":"Quick Slash+1","floor":8},{"not_picked":["Caltrops","Cloak And Dagger","Acrobatics"],"picked":"SKIP","floor":11},{"not_picked":["Dagger Spray+1","Cloak And Dagger","Crippling Poison"],"picked":"SKIP","floor":13},{"not_picked":["Acrobatics","Deadly Poison","Prepared"],"picked":"SKIP","floor":14}],"player_experience":224487,"relics_obtained":[{"floor":6,"key":"Molten Egg 2"}],"event_choices":[{"event_name":"FaceTrader","player_choice":"Trade","floor":2,"damage_taken":0},{"event_name":"Big Fish","player_choice":"Box","floor":5,"damage_taken":0},{"event_name":"Liars Game","player_choice":"agreed","floor":10,"damage_taken":0}],"boss_relics":[],"items_purged_floors":[4,12],"is_endless":false,"potions_floor_spawned":[8,13,14],"killed_by":"Slime Boss","ascension_level":0}