{"gold_per_floor":[113,38,55,69,69,69,98,98,98,108,108,108,8,33,33,128,158,168,12,28,42,56,56,73,73,150,25,41,41],"floor_reached":29,"playtime":823,"items_purged":["Defend_R","Defend_R","Strike_R"],"score":260,"play_id":"4817b7d8-dd5f-4477-9ef8-8126001ac2bb","local_time":"20180713162051","is_ascension_mode":false,"campfire_choices":[{"data":"Flex","floor":6,"key":"SMITH"},{"data":"Armaments","floor":12,"key":"SMITH"},{"data":"Flex","floor":15,"key":"SMITH"},{"floor":23,"key":"REST"},{"floor":25,"key":"REST"}],"neow_cost":"NONE","seed_source_timestamp":202242218083658,"circlet_count":0,"master_deck":["Strike_R+1","Strike_R","Strike_R","Strike_R","Defend_R+1","Bash","Flex+1","Flex+1","Armaments+1","Demon Form","Pommel Strike","Intimidate+1","Bludgeon","Thunderclap","Flex+1"],"relics":["Burning Blood","Red Skull","Mango","Matryoshka","Juzu Bracelet","Tiny House","War Paint","Pantograph"],"potions_floor_usage":[7,16,20,21],"damage_taken":[{"damage":3,"enemies":"Small Slimes","floor":1,"turns":4},{"damage":6,"enemies":"Jaw Worm","floor":3,"turns":4},{"damage":0,"enemies":"2 Louse","floor":4,"turns":3},{"damage":30,"enemies":"3 Sentries","floor":7,"turns":8},{"damage":16,"enemies":"Exordium Thugs","floor":10,"turns":5},{"damage":33,"enemies":"Gremlin Nob","floor":14,"turns":4},{"damage":48,"enemies":"The Guardian","floor":16,"turns":8},{"damage":36,"enemies":"2 Thieves","floor":18,"turns":4},{"damage":30,"enemies":"Spheric Guardian","floor":20,"turns":4},{"damage":38,"enemies":"Centurion and Healer","floor":21,"turns":4},{"damage":12,"enemies":"Chosen and Byrds","floor":22,"turns":5},{"damage":13,"enemies":"Snecko","floor":24,"turns":4},{"damage":30,"enemies":"Snake Plant","floor":28,"turns":3},{"damage":41,"enemies":"Sentry and Sphere","floor":29,"turns":5}],"seed_played":"4618002380912530425","potions_obtained":[{"floor":4,"key":"FearPotion"},{"floor":14,"key":"AttackPotion"},{"floor":17,"key":"FearPotion"},{"floor":18,"key":"SkillPotion"},{"floor":22,"key":"LiquidBronze"},{"floor":28,"key":"LiquidBronze"}],"is_trial":false,"path_per_floor":["M","$","M","M","$","R","E","?","T","M","?","R","$","E","R","B",null,"M","$","M","M","M","R","M","R","T","$","M"],"character_chosen":"IRONCLAD","items_purchased":["Bludgeon"],"campfire_rested":2,"item_purchase_floors":[19],"current_hp_per_floor":[80,80,80,80,80,80,70,63,63,53,84,84,84,57,57,15,99,69,69,45,13,7,36,29,58,58,58,34,0],"gold":41,"neow_bonus":"RANDOM_COMMON_RELIC","is_prod":false,"is_daily":false,"chose_seed":false,"campfire_upgraded":3,"win_rate":0,"timestamp":1531513251,"path_taken":["M","$","M","M","$","R","E","?","T","?","?","R","?","E","R","BOSS","M","$","M","M","M","R","M","R","T","$","M","M"],"build_version":"2018-07-12","purchased_purges":3,"victory":false,"max_hp_per_floor":[80,80,80,80,80,80,94,94,94,94,94,94,94,94,94,94,99,99,99,99,99,99,99,99,99,99,99,99,99],"card_choices":[{"not_picked":["Twin Strike","Headbutt"],"picked":"Flex","floor":1},{"not_picked":["Shrug It Off","Flame Barrier","Heavy Blade"],"picked":"SKIP","floor":3},{"not_picked":["Pommel Strike","Intimidate"],"picked":"Flex","floor":4},{"not_picked":["Iron Wave","Power Through"],"picked":"Armaments","floor":7},{"not_picked":["Clash","Twin Strike","Corruption"],"picked":"SKIP","floor":10},{"not_picked":["Barricade","Cleave","Exhume"],"picked":"SKIP","floor":14},{"not_picked":["Barricade","Reaper"],"picked":"Demon Form","floor":16},{"not_picked":["Anger","Cleave"],"picked":"Pommel Strike","floor":17},{"not_picked":["Entrench+1","Cleave"],"picked":"Intimidate+1","floor":18},{"not_picked":["Pommel Strike","Warcry+1"],"picked":"Thunderclap","floor":20},{"not_picked":["Battle Trance","Reckless Charge","Body Slam"],"picked":"SKIP","floor":21},{"not_picked":["Body Slam","Bloodletting+1","Clash"],"picked":"SKIP","floor":22},{"not_picked":["Warcry","Shockwave","Fire Breathing+1"],"picked":"SKIP","floor":24},{"not_picked":["Sword Boomerang","Hemokinesis"],"picked":"Flex+1","floor":28}],"player_experience":252404,"relics_obtained":[{"floor":7,"key":"Mango"},{"floor":9,"key":"Matryoshka"},{"floor":14,"key":"Juzu Bracelet"},{"floor":26,"key":"War Paint"},{"floor":26,"key":"Pantograph"}],"event_choices":[{"event_name":"Golden Wing","player_choice":"Card Removal","floor":8,"damage_taken":0},{"event_name":"Big Fish","player_choice":"Banana","floor":11,"damage_taken":0}],"boss_relics":[{"not_picked":["Velvet Choker","Ectoplasm"],"picked":"Tiny House"}],"items_purged_floors":[2,13,27],"is_endless":false,"potions_floor_spawned":[4,14,18,22,28],"killed_by":"Sentry and Sphere","ascension_level":0}