{"gold_per_floor":[111,111,13,28,39,67,67,84,84,84,95,120,120,131,131,235,235,235,235,235,235,235,235,235,235,235,235,235,235,13,13,13,13,13,13,13,13,13,13,13,13,13,13,13,13,13,13,13,13,13],"floor_reached":51,"playtime":3450,"items_purged":["Strike_B"],"score":903,"play_id":"d6de7625-1302-4aa4-a6d8-87500eda6116","local_time":"20190326131455","is_ascension_mode":true,"campfire_choices":[{"data":"Zap","floor":7,"key":"SMITH"},{"data":"Sunder","floor":10,"key":"SMITH"},{"data":"Hologram","floor":13,"key":"SMITH"},{"floor":15,"key":"REST"},{"data":"Reboot","floor":24,"key":"SMITH"},{"floor":28,"key":"REST"},{"data":"Defragment","floor":32,"key":"SMITH"},{"data":"Capacitor","floor":40,"key":"SMITH"},{"floor":44,"key":"REST"},{"floor":49,"key":"REST"}],"neow_cost":"NONE","seed_source_timestamp":2121311479800,"circlet_count":0,"master_deck":["Strike_B+1","Strike_B+1","Defend_B+1","Defend_B+1","Defend_B+1","Zap+1","Dualcast","Hologram+1","Compile Driver+1","Conserve Battery","Sunder+1","Conserve Battery","Cold Snap+1","Reboot+1","Capacitor+1","Cold Snap+1","Steam","Writhe","Compile Driver+1","Auto Shields","Genetic Algorithm+1","Panacea","Defragment+1","Rainbow","Streamline+1","Chaos+1","Leap+1","Streamline+1","Go for the Eyes+1","Barrage+1","Streamline+1","Consume+1"],"relics":["Cracked Core","Lantern","Smiling Mask","Mercury Hourglass","Ectoplasm","Red Mask","Blood Vial","Sundial","Dream Catcher","Regal Pillow","DataDisk","Velvet Choker","Whetstone","Prayer Wheel","Vajra"],"potions_floor_usage":[6,6,11,21,23,33,35,41,47,50,50],"damage_taken":[{"damage":1,"enemies":"2 Louse","floor":1,"turns":2},{"damage":1,"enemies":"Cultist","floor":4,"turns":4},{"damage":6,"enemies":"Small Slimes","floor":5,"turns":4},{"damage":9,"enemies":"Gremlin Nob","floor":6,"turns":4},{"damage":0,"enemies":"Gremlin Gang","floor":8,"turns":4},{"damage":9,"enemies":"Large Slime","floor":11,"turns":3},{"damage":10,"enemies":"Lagavulin","floor":12,"turns":7},{"damage":0,"enemies":"2 Fungi Beasts","floor":14,"turns":1},{"damage":6,"enemies":"Slime Boss","floor":16,"turns":8},{"damage":5,"enemies":"Shell Parasite","floor":18,"turns":4},{"damage":0,"enemies":"3 Byrds","floor":20,"turns":5},{"damage":9,"enemies":"Masked Bandits","floor":21,"turns":3},{"damage":10,"enemies":"Slavers","floor":23,"turns":4},{"damage":30,"enemies":"Book of Stabbing","floor":25,"turns":6},{"damage":0,"enemies":"Sentry and Sphere","floor":27,"turns":3},{"damage":0,"enemies":"Shelled Parasite and Fungi","floor":31,"turns":5},{"damage":26,"enemies":"Champ","floor":33,"turns":11},{"damage":3,"enemies":"3 Darklings","floor":35,"turns":5},{"damage":0,"enemies":"3 Shapes","floor":36,"turns":5},{"damage":33,"enemies":"Giant Head","floor":41,"turns":9},{"damage":22,"enemies":"Jaw Worm Horde","floor":42,"turns":4},{"damage":43,"enemies":"Writhing Mass","floor":45,"turns":6},{"damage":0,"enemies":"Sphere and 2 Shapes","floor":47,"turns":5},{"damage":21,"enemies":"Awakened One","floor":50,"turns":12}],"seed_played":"-135887333868717582","potions_obtained":[{"floor":0,"key":"Weak Potion"},{"floor":0,"key":"EntropicBrew"},{"floor":0,"key":"PowerPotion"},{"floor":4,"key":"Strength Potion"},{"floor":5,"key":"Explosive Potion"},{"floor":12,"key":"Ancient Potion"},{"floor":14,"key":"FocusPotion"},{"floor":16,"key":"Explosive Potion"},{"floor":21,"key":"FearPotion"},{"floor":25,"key":"PowerPotion"},{"floor":31,"key":"AttackPotion"},{"floor":36,"key":"Fire Potion"},{"floor":45,"key":"Poison Potion"},{"floor":47,"key":"FocusPotion"}],"is_trial":false,"path_per_floor":["?","M","?","?","?","?","M","?","?","?","M","T"],"character_chosen":"DEFECT","items_purchased":["Compile Driver","DataDisk","Defragment"],"campfire_rested":4,"item_purchase_floors":[3,30,30],"current_hp_per_floor":[67,67,67,66,60,51,51,51,51,51,42,32,32,32,54,48,68,63,63,63,54,54,46,46,18,18,20,57,43,43,45,45,21,62,61,63,63,63,63,63,32,12,12,48,7,7,9,9,45,26],"gold":13,"neow_bonus":"THREE_SMALL_POTIONS","is_prod":false,"is_daily":false,"chose_seed":false,"campfire_upgraded":6,"win_rate":0,"timestamp":1553620495,"path_taken":["M","?","$","M","M","E","R","M","T","R","M","E","R","?","R","BOSS","M","?","M","?","?","E","R","E","T","M","R","?","$","M","R","BOSS","M","?","?","?","?","R","E","?","T","R","M","?","M","$","R","BOSS"],"build_version":"2019-01-23","purchased_purges":1,"victory":true,"max_hp_per_floor":[75,75,75,75,75,75,75,75,75,75,75,75,75,75,75,75,75,75,75,75,75,75,75,75,75,75,75,75,75,75,75,75,75,75,75,75,75,71,71,71,71,71,71,71,71,71,71,71,71,71],"card_choices":[{"not_picked":["Loop","Coolheaded"],"picked":"Hologram","floor":1},{"not_picked":["Chaos","Coolheaded"],"picked":"Conserve Battery","floor":4},{"not_picked":["Redo","Gash"],"picked":"Sunder","floor":5},{"not_picked":["Chaos","FTL","Meteor Strike"],"picked":"SKIP","floor":6},{"not_picked":["Consume","Lockon"],"picked":"Conserve Battery","floor":8},{"not_picked":["Sweeping Beam","Barrage","Recycle"],"picked":"SKIP","floor":11},{"not_picked":["Sunder","Turbo"],"picked":"Cold Snap","floor":12},{"not_picked":["Turbo","Gash","Rebound"],"picked":"SKIP","floor":14},{"not_picked":["Meteor Strike","Amplify"],"picked":"Reboot","floor":16},{"not_picked":["Leap","Heatsinks"],"picked":"Capacitor","floor":18},{"not_picked":["Fusion","Sweeping Beam"],"picked":"Cold Snap+1","floor":20},{"not_picked":["Turbo+1","Conserve Battery"],"picked":"Steam","floor":21},{"not_picked":["Reprogram","Fission"],"picked":"Compile Driver+1","floor":23},{"not_picked":["Barrage","Gash"],"picked":"Auto Shields","floor":25},{"not_picked":["Sweeping Beam","Steam+1","Cold Snap"],"picked":"SKIP","floor":27},{"not_picked":["Barrage","Gash+1"],"picked":"Genetic Algorithm+1","floor":28},{"not_picked":["Hologram","Melter","Chaos"],"picked":"SKIP","floor":31},{"not_picked":["Thunder Strike","Creative AI"],"picked":"Rainbow","floor":33},{"not_picked":["Compile Driver","Blizzard","Self Repair"],"picked":"SKIP","floor":35},{"not_picked":["Rip and Tear+1","Sweeping Beam+1"],"picked":"Streamline+1","floor":36},{"not_picked":["BootSequence","Leap+1"],"picked":"Chaos+1","floor":41},{"not_picked":["Coolheaded","Beam Cell"],"picked":"Leap+1","floor":42},{"not_picked":["Multi-Cast","Sweeping Beam"],"picked":"Streamline+1","floor":44},{"not_picked":["Ball Lightning+1","Recycle+1"],"picked":"Go for the Eyes+1","floor":45},{"not_picked":["Stack","Go for the Eyes+1"],"picked":"Barrage+1","floor":45},{"not_picked":["Loop+1","Cold Snap"],"picked":"Streamline+1","floor":47},{"not_picked":["Tempest+1","Go for the Eyes","Steam+1"],"picked":"SKIP","floor":47},{"not_picked":["Sweeping Beam+1","Leap+1"],"picked":"Consume+1","floor":49}],"player_experience":289831,"relics_obtained":[{"floor":6,"key":"Lantern"},{"floor":9,"key":"Smiling Mask"},{"floor":12,"key":"Mercury Hourglass"},{"floor":21,"key":"Red Mask"},{"floor":23,"key":"Sundial"},{"floor":25,"key":"Dream Catcher"},{"floor":26,"key":"Regal Pillow"},{"floor":41,"key":"Whetstone"},{"floor":43,"key":"Prayer Wheel"},{"floor":46,"key":"Vajra"}],"event_choices":[{"cards_removed":["Strike_B"],"damage_healed":0,"gold_gain":0,"player_choice":"Offered Basic","damage_taken":0,"max_hp_gain":0,"max_hp_loss":0,"event_name":"Bonfire Elementals","floor":2,"gold_loss":0},{"damage_healed":0,"gold_gain":0,"player_choice":"Simplicity","damage_taken":0,"max_hp_gain":0,"max_hp_loss":0,"event_name":"Back to Basics","floor":19,"gold_loss":0,"cards_upgraded":["Strike_B","Strike_B","Defend_B","Defend_B","Defend_B","Defend_B"]},{"damage_healed":0,"gold_gain":0,"player_choice":"Fought Bandits","damage_taken":0,"max_hp_gain":0,"max_hp_loss":0,"event_name":"Masked Bandits","floor":21,"gold_loss":0},{"damage_healed":0,"gold_gain":0,"player_choice":"Opened","damage_taken":0,"relics_obtained":["Blood Vial"],"max_hp_gain":0,"max_hp_loss":0,"event_name":"The Mausoleum","floor":22,"gold_loss":0,"cards_obtained":["Writhe"]},{"damage_healed":0,"gold_gain":0,"player_choice":"CARD ","damage_taken":14,"max_hp_gain":0,"max_hp_loss":0,"event_name":"Knowing Skull","floor":29,"potions_obtained":[],"gold_loss":0,"cards_obtained":["Panacea"]},{"damage_healed":0,"gold_gain":0,"player_choice":"Ignored","damage_taken":0,"max_hp_gain":0,"max_hp_loss":0,"event_name":"Mysterious Sphere","floor":37,"gold_loss":0},{"damage_healed":0,"gold_gain":0,"player_choice":"Max HP","damage_taken":0,"max_hp_gain":0,"max_hp_loss":4,"event_name":"Winding Halls","floor":38,"gold_loss":0},{"cards_removed":["Defend_B"],"damage_healed":0,"gold_gain":0,"player_choice":"Removed Skill","damage_taken":0,"max_hp_gain":0,"max_hp_loss":0,"event_name":"Falling","floor":39,"gold_loss":0}],"is_beta":false,"boss_relics":[{"not_picked":["Black Star","FrozenCore"],"picked":"Ectoplasm"},{"not_picked":["Orrery","Philosopher\u0027s Stone"],"picked":"Velvet Choker"}],"items_purged_floors":[3],"is_endless":false,"potions_floor_spawned":[4,5,12,14,16,21,25,27,31,36,45,47],"ascension_level":6}