{"gold_per_floor":[142,142,154,79,29,29,43,43,96,107,107,122,142,42,42,138,138,138,138,13,13,13,13,13,13,13,13,13,13,13,13,13,13],"floor_reached":33,"playtime":806,"items_purged":["Defend_R","Defend_R","Defend_R"],"score":243,"play_id":"2ed23623-d13d-412e-9e90-3e01f7807b77","local_time":"20180706013201","is_ascension_mode":false,"campfire_choices":[{"data":"Flex","floor":6,"key":"SMITH"},{"data":"Perfected Strike","floor":8,"key":"SMITH"},{"data":"Bash","floor":15,"key":"SMITH"},{"data":"Limit Break","floor":23,"key":"SMITH"},{"floor":32,"key":"REST"}],"neow_cost":"NONE","seed_source_timestamp":1294411670934939,"circlet_count":0,"master_deck":["Strike_R","Strike_R+1","Strike_R","Strike_R","Bash+1","Flex+1","Perfected Strike+1","Limit Break+1","Pommel Strike","Flex+1","Pommel Strike"],"relics":["Tiny House","Orichalcum","Ectoplasm","Self Forming Clay"],"potions_floor_usage":[16,16,18,18,30,30,30,31,33],"damage_taken":[{"damage":18,"enemies":"Jaw Worm","floor":1,"turns":3},{"damage":1,"enemies":"Cultist","floor":3,"turns":3},{"damage":0,"enemies":"Small Slimes","floor":7,"turns":2},{"damage":6,"enemies":"3 Louse","floor":10,"turns":3},{"damage":6,"enemies":"Blue Slaver","floor":12,"turns":2},{"damage":6,"enemies":"Exordium Wildlife","floor":13,"turns":3},{"damage":13,"enemies":"Slime Boss","floor":16,"turns":7},{"damage":5,"enemies":"Spheric Guardian","floor":18,"turns":3},{"damage":13,"enemies":"Shell Parasite","floor":19,"turns":3},{"damage":20,"enemies":"Centurion and Healer","floor":24,"turns":3},{"damage":15,"enemies":"Snake Plant","floor":25,"turns":3},{"damage":9,"enemies":"Snecko","floor":28,"turns":3},{"damage":35,"enemies":"Centurion and Healer","floor":29,"turns":4},{"damage":9,"enemies":"Slaver and Parasite","floor":30,"turns":2},{"damage":4,"enemies":"Cultist and Chosen","floor":31,"turns":3},{"damage":34,"enemies":"Collector","floor":33,"turns":6}],"seed_played":"5679964155175993741","potions_obtained":[{"floor":0,"key":"SkillPotion"},{"floor":10,"key":"Fire Potion"},{"floor":12,"key":"Weak Potion"},{"floor":16,"key":"EntropicBrew"},{"floor":19,"key":"SteroidPotion"},{"floor":30,"key":"AttackPotion"},{"floor":31,"key":"Fire Potion"}],"is_trial":false,"path_per_floor":["M","?","M","$","?","R","M","R","T","M","?","M","M","$","R","B",null,"M","M","$","?","?","R","M","M","T","?","M","M","M","M","R"],"character_chosen":"IRONCLAD","items_purchased":[],"campfire_rested":1,"item_purchase_floors":[],"current_hp_per_floor":[67,59,58,58,58,58,58,58,58,52,52,46,40,40,40,27,85,80,67,67,67,67,67,47,32,32,60,51,16,7,3,28,0],"gold":13,"neow_bonus":"BOSS_RELIC","is_prod":false,"is_daily":false,"chose_seed":false,"campfire_upgraded":4,"win_rate":0.0,"timestamp":1530855121,"path_taken":["M","?","?","$","?","R","M","R","T","M","?","?","M","$","R","BOSS","M","M","$","?","?","R","M","M","T","?","?","M","M","M","R","BOSS"],"build_version":"2018-06-28","purchased_purges":3,"victory":false,"max_hp_per_floor":[85,85,85,85,85,85,85,85,85,85,85,85,85,85,85,85,85,85,85,85,85,85,85,85,85,85,85,85,85,85,85,85,85],"card_choices":[{"not_picked":["Clothesline","Armaments"],"picked":"Flex","floor":1},{"not_picked":["Burning Pact","Cleave","Wild Strike"],"picked":"SKIP","floor":3},{"not_picked":["Exhume","Armaments"],"picked":"Perfected Strike","floor":7},{"not_picked":["Heavy Blade","Immolate","Clash"],"picked":"SKIP","floor":10},{"not_picked":["Sentinel","Headbutt","Flame Barrier"],"picked":"SKIP","floor":12},{"not_picked":["Warcry","Shockwave","Headbutt"],"picked":"SKIP","floor":13},{"not_picked":["Brutality","Double Tap"],"picked":"Limit Break","floor":16},{"not_picked":["Anger","Wild Strike","Clash+1"],"picked":"SKIP","floor":18},{"not_picked":["Flame Barrier","Combust+1","Body Slam"],"picked":"SKIP","floor":19},{"not_picked":["Armaments","Corruption","Iron Wave"],"picked":"SKIP","floor":24},{"not_picked":["Intimidate","Twin Strike+1","Armaments"],"picked":"SKIP","floor":25},{"not_picked":["Pommel Strike","Metallicize","Heavy Blade"],"picked":"SKIP","floor":28},{"not_picked":["Bloodletting","Clash"],"picked":"Pommel Strike","floor":29},{"not_picked":["Combust","Cleave"],"picked":"Flex+1","floor":30},{"not_picked":["Havoc","Clothesline"],"picked":"Pommel Strike","floor":31}],"player_experience":72803,"relics_obtained":[{"floor":9,"key":"Orichalcum"},{"floor":26,"key":"Self Forming Clay"}],"event_choices":[{"event_name":"Wheel of Change","player_choice":"Damage","floor":2,"damage_taken":0},{"event_name":"The Cleric","player_choice":"Card Removal","floor":5,"damage_taken":0},{"event_name":"Dead Adventurer","player_choice":"Searched \u00271\u0027 times","floor":11,"damage_taken":0},{"event_name":"Bonfire Elementals","player_choice":"BASIC","floor":21,"damage_taken":0},{"event_name":"Drug Dealer","player_choice":"Ignored","floor":22,"damage_taken":0},{"event_name":"The Library","player_choice":"Heal","floor":27,"damage_taken":0}],"boss_relics":[{"not_picked":["Astrolabe","Coffee Dripper"],"picked":"Ectoplasm"}],"items_purged_floors":[4,14,20],"is_endless":false,"potions_floor_spawned":[10,12,13,16,19,29,30,31],"killed_by":"Collector","ascension_level":0}