{"gold_per_floor":[99,14,14,14,14,14,14,14,14,14,14,14,14,0,0,0,0,0,0,0,0,0,0,0,0,0,0,0,0,0,0,0,0,0,0,0,0,0,0,0,0,0,0,0,0,0,0,0,0,0],"floor_reached":50,"playtime":2266,"items_purged":[],"score":556,"play_id":"6bd23fa8-3b21-45c5-90a2-da7dde460f0c","local_time":"20190327203619","is_ascension_mode":false,"campfire_choices":[{"data":"Sucker Punch","floor":10,"key":"SMITH"},{"data":"Infinite Blades","floor":12,"key":"SMITH"},{"data":"Crippling Poison","floor":15,"key":"SMITH"},{"data":"After Image","floor":24,"key":"SMITH"},{"floor":32,"key":"REST"},{"data":"Corpse Explosion","floor":40,"key":"SMITH"},{"data":"PiercingWail","floor":42,"key":"SMITH"},{"floor":49,"key":"REST"}],"neow_cost":"NONE","seed_source_timestamp":8111934318800454,"circlet_count":0,"master_deck":["Defend_G","Defend_G","Defend_G","Defend_G","Defend_G","Strike_G","Strike_G","Strike_G","Survivor","Neutralize","Dagger Spray","Noxious Fumes","PiercingWail+1","Infinite Blades+1","Flying Knee","All Out Attack","Sucker Punch+1","Adrenaline","Crippling Poison+1","After Image+1","Quick Slash+1","Leg Sweep+1","Decay","Corpse Explosion+1","Escape Plan+1","Catalyst+1","Corpse Explosion","Crippling Poison+1","Dash+1","Parasite","Backstab+1"],"relics":["Ectoplasm","Darkstone Periapt","Bag of Marbles","Centennial Puzzle","Empty Cage","Shuriken","Pantograph","Snecko Eye","Pocketwatch","Juzu Bracelet","Molten Egg 2"],"potions_floor_usage":[6,8,16,29,29,46,48,48,50],"damage_taken":[{"damage":2,"enemies":"2 Louse","floor":1,"turns":2},{"damage":0,"enemies":"Cultist","floor":4,"turns":4},{"damage":0,"enemies":"Jaw Worm","floor":5,"turns":4},{"damage":14,"enemies":"3 Sentries","floor":6,"turns":5},{"damage":7,"enemies":"Exordium Wildlife","floor":7,"turns":3},{"damage":0,"enemies":"Lagavulin","floor":8,"turns":6},{"damage":0,"enemies":"Blue Slaver","floor":11,"turns":4},{"damage":2,"enemies":"Looter","floor":14,"turns":3},{"damage":42,"enemies":"The Guardian","floor":16,"turns":10},{"damage":0,"enemies":"3 Byrds","floor":18,"turns":5},{"damage":16,"enemies":"2 Thieves","floor":19,"turns":4},{"damage":7,"enemies":"Cultist and Chosen","floor":21,"turns":6},{"damage":11,"enemies":"Gremlin Leader","floor":23,"turns":7},{"damage":3,"enemies":"Centurion and Healer","floor":25,"turns":5},{"damage":6,"enemies":"Snecko","floor":27,"turns":4},{"damage":13,"enemies":"Snake Plant","floor":28,"turns":4},{"damage":2,"enemies":"Shelled Parasite and Fungi","floor":29,"turns":4},{"damage":55,"enemies":"Champ","floor":33,"turns":10},{"damage":0,"enemies":"Orb Walker","floor":35,"turns":2},{"damage":0,"enemies":"Mind Bloom Boss Battle","floor":37,"turns":6},{"damage":10,"enemies":"3 Darklings","floor":38,"turns":2},{"damage":25,"enemies":"Jaw Worm Horde","floor":41,"turns":3},{"damage":11,"enemies":"Writhing Mass","floor":44,"turns":5},{"damage":21,"enemies":"Reptomancer","floor":46,"turns":4},{"damage":4,"enemies":"3 Darklings","floor":48,"turns":2},{"damage":61,"enemies":"Awakened One","floor":50,"turns":9}],"seed_played":"864975062617491358","potions_obtained":[{"floor":3,"key":"Regen Potion"},{"floor":3,"key":"PowerPotion"},{"floor":8,"key":"LiquidBronze"},{"floor":11,"key":"SkillPotion"},{"floor":16,"key":"Weak Potion"},{"floor":29,"key":"FearPotion"},{"floor":37,"key":"AttackPotion"},{"floor":44,"key":"SkillPotion"},{"floor":46,"key":"EssenceOfSteel"}],"is_trial":false,"path_per_floor":["M","$","?","M","M","E","M","E","T","R","M","R","$","M","R","B",null,"M","M","?","M","?","E","R","M","T","M","M","M","$","?","R","B",null,"M","?","?","M","?","R","M","R","T","M","?","E","$","M","R","B"],"character_chosen":"THE_SILENT","items_purchased":["Noxious Fumes","Fire Potion"],"campfire_rested":2,"item_purchase_floors":[2,2],"current_hp_per_floor":[68,68,68,68,68,54,47,62,62,62,62,62,62,60,60,18,70,70,54,54,47,53,42,42,39,39,33,20,18,18,18,40,10,76,76,66,76,66,66,66,41,41,41,36,36,15,15,11,35,0],"gold":0,"neow_bonus":"BOSS_RELIC","is_prod":false,"is_daily":false,"chose_seed":false,"campfire_upgraded":6,"win_rate":0,"timestamp":1553733379,"path_taken":["M","$","?","?","M","E","M","E","T","R","M","R","?","M","R","BOSS","M","M","?","M","?","E","R","M","T","M","M","M","?","?","R","BOSS","M","?","?","M","?","R","?","R","T","M","?","E","?","M","R","BOSS"],"build_version":"2019-01-23","purchased_purges":0,"victory":false,"max_hp_per_floor":[70,70,70,70,70,70,70,70,70,70,70,70,70,70,70,70,70,70,70,70,70,76,76,76,76,76,76,76,76,76,76,76,76,76,76,76,76,76,76,76,76,76,76,82,82,82,82,82,82,82],"card_choices":[{"not_picked":["Flying Knee","Outmaneuver"],"picked":"Dagger Spray","floor":1},{"not_picked":["Cloak And Dagger","Venomology"],"picked":"PiercingWail","floor":4},{"not_picked":["Cloak And Dagger","Endless Agony"],"picked":"Infinite Blades","floor":5},{"not_picked":["Dagger Throw","Dodge and Roll"],"picked":"Flying Knee","floor":6},{"not_picked":["Distraction","Prepared"],"picked":"All Out Attack","floor":7},{"not_picked":["Endless Agony","Calculated Gamble"],"picked":"Sucker Punch","floor":8},{"not_picked":["Blade Dance","Sucker Punch"],"picked":"Adrenaline","floor":11},{"not_picked":["Dodge and Roll","Blade Dance"],"picked":"Crippling Poison","floor":14},{"not_picked":["Venomology","Glass Knife"],"picked":"After Image","floor":16},{"not_picked":["Calculated Gamble+1","Tactician","Blade Dance"],"picked":"SKIP","floor":18},{"not_picked":["Dagger Spray","Eviscerate"],"picked":"Quick Slash+1","floor":19},{"not_picked":["Setup","Reflex"],"picked":"Leg Sweep+1","floor":21},{"not_picked":["PiercingWail","Dagger Spray+1"],"picked":"Corpse Explosion","floor":23},{"not_picked":["Quick Slash+1","Terror"],"picked":"Escape Plan+1","floor":25},{"not_picked":["Leg Sweep","Backflip"],"picked":"Catalyst+1","floor":27},{"not_picked":["Terror","Flechettes","Quick Slash+1"],"picked":"SKIP","floor":28},{"not_picked":["Distraction","Leg Sweep","Outmaneuver"],"picked":"SKIP","floor":29},{"not_picked":["Unload","Storm of Steel"],"picked":"Corpse Explosion","floor":33},{"not_picked":["Escape Plan","Deflect+1"],"picked":"Crippling Poison+1","floor":35},{"not_picked":["Caltrops+1","Deadly Poison"],"picked":"Dash+1","floor":37},{"not_picked":["Quick Slash","Dagger Throw","Outmaneuver"],"picked":"SKIP","floor":38},{"not_picked":["Sucker Punch","Bane","Blade Dance"],"picked":"SKIP","floor":41},{"not_picked":["Flying Knee+1","Escape Plan","Leg Sweep"],"picked":"SKIP","floor":44},{"not_picked":["Doppelganger","Dash+1"],"picked":"Backstab+1","floor":46},{"not_picked":["Underhanded Strike+1","PiercingWail","Quick Slash+1"],"picked":"SKIP","floor":48}],"player_experience":556885,"relics_obtained":[{"floor":6,"key":"Darkstone Periapt"},{"floor":8,"key":"Bag of Marbles"},{"floor":9,"key":"Centennial Puzzle"},{"floor":23,"key":"Shuriken"},{"floor":26,"key":"Pantograph"},{"floor":37,"key":"Pocketwatch"},{"floor":43,"key":"Juzu Bracelet"},{"floor":46,"key":"Molten Egg 2"}],"event_choices":[{"damage_healed":0,"gold_gain":0,"player_choice":"Got Potions","damage_taken":0,"max_hp_gain":0,"max_hp_loss":0,"event_name":"Lab","floor":3,"gold_loss":0},{"damage_healed":0,"gold_gain":0,"player_choice":"Ignored","damage_taken":0,"max_hp_gain":0,"max_hp_loss":0,"event_name":"Ghosts","floor":20,"gold_loss":0},{"damage_healed":0,"gold_gain":0,"player_choice":"Smashed Altar","damage_taken":0,"max_hp_gain":0,"max_hp_loss":0,"event_name":"Forgotten Altar","floor":22,"gold_loss":0,"cards_obtained":["Decay"]},{"damage_healed":0,"gold_gain":0,"player_choice":"Memory 3","damage_taken":10,"max_hp_gain":0,"max_hp_loss":0,"event_name":"SensoryStone","floor":36,"gold_loss":0},{"damage_healed":0,"gold_gain":0,"player_choice":"Fight","damage_taken":0,"max_hp_gain":0,"max_hp_loss":0,"event_name":"MindBloom","floor":37,"gold_loss":0},{"damage_healed":0,"gold_gain":0,"player_choice":"Ignored","damage_taken":0,"max_hp_gain":0,"max_hp_loss":0,"event_name":"Golden Shrine","floor":39,"gold_loss":0},{"damage_healed":0,"gold_gain":0,"player_choice":"0 cards matched","damage_taken":0,"max_hp_gain":0,"max_hp_loss":0,"event_name":"Match and Keep!","floor":45,"gold_loss":0,"cards_obtained":[]}],"is_beta":false,"boss_relics":[{"not_picked":["Eternal Feather","Velvet Choker"],"picked":"Empty Cage"},{"not_picked":["Coffee Dripper","WristBlade"],"picked":"Snecko Eye"}],"items_purged_floors":[],"is_endless":false,"potions_floor_spawned":[5,8,11,14,16,18,21,28,29,37,38,44,46],"killed_by":"Awakened One","ascension_level":0}