{"gold_per_floor":[116,136,29,29,39,39,65,65,88,122,297,297,307,320,320,421,421,437,448,103,0,19,19,19],"floor_reached":24,"playtime":1719,"items_purged":["Defend_B"],"score":206,"play_id":"13361a01-b066-4a4d-8a75-3743df7ab7c1","local_time":"20180704151141","is_ascension_mode":false,"campfire_choices":[{"data":"Sweeping Beam","floor":6,"key":"SMITH"},{"floor":8,"key":"REST"},{"floor":12,"key":"REST"},{"floor":15,"key":"REST"},{"floor":23,"key":"REST"}],"neow_cost":"","seed_source_timestamp":1169873731109315,"circlet_count":0,"master_deck":["Strike_B","Strike_B","Strike_B","Strike_B","Defend_B","Defend_B","Zap","Dualcast","Loop","Conserve Battery","Rip and Tear","Heatsinks","Sweeping Beam+1","Doom and Gloom","Storm","Storm","Streamline","Cold Snap","Cold Snap","Electrodynamics","Beam Cell","Fusion","Seek","Sweeping Beam","Amplify","Gash","Conserve Battery"],"relics":["Cracked Core","Lantern","Dream Catcher","Ginger","Empty Cage"],"potions_floor_usage":[10,16,22,24],"damage_taken":[{"damage":8,"enemies":"Jaw Worm","floor":1,"turns":3},{"damage":12,"enemies":"2 Louse","floor":2,"turns":3},{"damage":6,"enemies":"Cultist","floor":5,"turns":3},{"damage":9,"enemies":"3 Sentries","floor":7,"turns":4},{"damage":20,"enemies":"Gremlin Nob","floor":10,"turns":4},{"damage":11,"enemies":"Red Slaver","floor":13,"turns":3},{"damage":10,"enemies":"3 Louse","floor":14,"turns":2},{"damage":37,"enemies":"Slime Boss","floor":16,"turns":7},{"damage":17,"enemies":"Chosen","floor":18,"turns":5},{"damage":26,"enemies":"3 Byrds","floor":19,"turns":3},{"damage":35,"enemies":"Snake Plant","floor":22,"turns":4},{"damage":32,"enemies":"Book of Stabbing","floor":24,"turns":4}],"seed_played":"-9220758021683346034","potions_obtained":[{"floor":1,"key":"SneckoOil"},{"floor":7,"key":"Fire Potion"},{"floor":10,"key":"SkillPotion"},{"floor":14,"key":"GamblersBrew"},{"floor":19,"key":"LiquidBronze"}],"is_trial":false,"path_per_floor":["M","M","$","?","M","R","E","R","T","E","?","R","M","M","R","B",null,"M","M","$","?","M","R"],"character_chosen":"DEFECT","items_purchased":["Rip and Tear","Heatsinks","Seek","Sweeping Beam","Amplify"],"campfire_rested":4,"item_purchase_floors":[3,3,20,20,20],"current_hp_per_floor":[67,55,55,60,54,54,45,69,69,49,49,73,62,52,76,39,80,63,37,37,37,2,26,0],"gold":19,"neow_bonus":"","is_prod":false,"is_daily":false,"chose_seed":false,"campfire_upgraded":1,"win_rate":0.0,"timestamp":1530731501,"path_taken":["M","M","$","?","M","R","E","R","T","E","?","R","M","M","R","BOSS","M","M","$","?","M","R","E"],"build_version":"2018-06-28","purchased_purges":1,"victory":false,"max_hp_per_floor":[75,75,75,80,80,80,80,80,80,80,80,80,80,80,80,80,80,80,80,80,80,80,80,80],"card_choices":[{"not_picked":["Darkness","Chaos"],"picked":"Loop","floor":1},{"not_picked":["Go for the Eyes","Defragment"],"picked":"Conserve Battery","floor":2},{"not_picked":["Skim","Static Discharge"],"picked":"Sweeping Beam","floor":5},{"not_picked":["White Noise","Gash"],"picked":"Doom and Gloom","floor":7},{"not_picked":["Barrage","Compile Driver"],"picked":"Storm","floor":10},{"not_picked":["Gash","Static Discharge"],"picked":"Storm","floor":12},{"not_picked":["Heatsinks","Sweeping Beam"],"picked":"Streamline","floor":13},{"not_picked":["Leap","Scrape"],"picked":"Cold Snap","floor":14},{"not_picked":["Compile Driver","Go for the Eyes"],"picked":"Cold Snap","floor":15},{"not_picked":["Rainbow","Biased Cognition"],"picked":"Electrodynamics","floor":16},{"not_picked":["Barrage","Force Field+1"],"picked":"Beam Cell","floor":18},{"not_picked":["Beam Cell","Darkness"],"picked":"Fusion","floor":19},{"not_picked":["Genetic Algorithm","Stack"],"picked":"Gash","floor":22},{"not_picked":["Cold Snap+1","Loop"],"picked":"Conserve Battery","floor":23}],"player_experience":11739,"relics_obtained":[{"floor":7,"key":"Lantern"},{"floor":9,"key":"Dream Catcher"},{"floor":10,"key":"Ginger"}],"event_choices":[{"event_name":"Big Fish","player_choice":"Donut","floor":4,"damage_taken":0},{"event_name":"Liars Game","player_choice":"agreed","floor":11,"damage_taken":0},{"event_name":"Masked Bandits","player_choice":"Paid Bandits 103 gold","floor":21,"damage_taken":0}],"boss_relics":[{"not_picked":["Nuclear Battery","Ectoplasm"],"picked":"Empty Cage"}],"items_purged_floors":[20],"is_endless":false,"potions_floor_spawned":[1,7,10,14,19],"killed_by":"Book of Stabbing","ascension_level":0}