{"gold_per_floor":[109,109,122,136,155,181,168,168,191,218,231,284,284,297,297,297],"floor_reached":16,"playtime":1175,"items_purged":[],"score":114,"play_id":"9b129eaf-3f58-4a90-91d3-fbf4508f929f","local_time":"20190218000811","is_ascension_mode":false,"campfire_choices":[{"floor":8,"key":"REST"},{"floor":15,"key":"REST"}],"neow_cost":"NONE","seed_source_timestamp":198969570201571,"circlet_count":0,"master_deck":["Strike_R","Strike_R","Strike_R","Strike_R","Strike_R","Defend_R","Defend_R","Defend_R","Defend_R","Bash","Headbutt","Headbutt","Headbutt","Searing Blow","Body Slam","Shrug It Off","Juggernaut","Blood for Blood","Injury","Body Slam"],"relics":["Burning Blood","NeowsBlessing","Incense Burner","Juzu Bracelet","Golden Idol"],"potions_floor_usage":[5,7,16],"damage_taken":[{"damage":0,"enemies":"2 Louse","floor":1,"turns":1},{"damage":0,"enemies":"Small Slimes","floor":3,"turns":1},{"damage":0,"enemies":"Jaw Worm","floor":4,"turns":1},{"damage":29,"enemies":"Gremlin Gang","floor":5,"turns":7},{"damage":62,"enemies":"Lagavulin","floor":6,"turns":8},{"damage":0,"enemies":"Exordium Thugs","floor":7,"turns":4},{"damage":22,"enemies":"Gremlin Nob","floor":10,"turns":4},{"damage":10,"enemies":"Red Slaver","floor":11,"turns":4},{"damage":15,"enemies":"Looter","floor":14,"turns":3},{"damage":43,"enemies":"The Guardian","floor":16,"turns":7}],"seed_played":"6863580170751659201","potions_obtained":[{"floor":1,"key":"SteroidPotion"},{"floor":4,"key":"FairyPotion"},{"floor":6,"key":"SkillPotion"},{"floor":11,"key":"SpeedPotion"}],"is_trial":false,"path_per_floor":["?","?","?"],"character_chosen":"IRONCLAD","items_purchased":[],"campfire_rested":2,"item_purchase_floors":[],"current_hp_per_floor":[80,80,80,80,57,14,20,44,44,28,24,24,24,15,39,0],"gold":297,"neow_bonus":"THREE_ENEMY_KILL","is_prod":false,"is_daily":false,"chose_seed":false,"campfire_upgraded":0,"win_rate":0,"timestamp":1550459291,"path_taken":["M","?","M","M","M","E","M","R","T","E","M","?","?","M","R","BOSS"],"build_version":"2019-01-23","purchased_purges":0,"victory":false,"max_hp_per_floor":[80,80,80,80,80,80,80,80,80,80,80,80,80,80,80,80],"card_choices":[{"not_picked":["Blood for Blood","Havoc"],"picked":"Headbutt","floor":1},{"not_picked":["Armaments","Pommel Strike"],"picked":"Headbutt","floor":3},{"not_picked":["Anger","Clothesline"],"picked":"Headbutt","floor":4},{"not_picked":["Uppercut","Sword Boomerang"],"picked":"Searing Blow","floor":5},{"not_picked":["Heavy Blade","Armaments"],"picked":"Body Slam","floor":6},{"not_picked":["Blood for Blood","Headbutt"],"picked":"Shrug It Off","floor":7},{"not_picked":["Rupture","Anger"],"picked":"Juggernaut","floor":10},{"not_picked":["Havoc","Sword Boomerang"],"picked":"Blood for Blood","floor":11},{"not_picked":["Pommel Strike","Warcry"],"picked":"Body Slam","floor":14}],"player_experience":198742,"relics_obtained":[{"floor":6,"key":"Incense Burner"},{"floor":10,"key":"Juzu Bracelet"}],"event_choices":[{"damage_healed":0,"gold_gain":0,"player_choice":"Ignored","damage_taken":0,"max_hp_gain":0,"max_hp_loss":0,"event_name":"Liars Game","floor":2,"gold_loss":0},{"damage_healed":0,"gold_gain":53,"player_choice":"Gained Gold","damage_taken":0,"max_hp_gain":0,"max_hp_loss":0,"event_name":"Golden Wing","floor":12,"gold_loss":0},{"damage_healed":0,"gold_gain":0,"player_choice":"Take Wound","damage_taken":0,"relics_obtained":["Golden Idol"],"max_hp_gain":0,"max_hp_loss":0,"event_name":"Golden Idol","floor":13,"gold_loss":0,"cards_obtained":["Injury"]}],"is_beta":false,"boss_relics":[],"items_purged_floors":[],"is_endless":false,"potions_floor_spawned":[1,4,6,11],"killed_by":"The Guardian","ascension_level":0}