{"gold_per_floor":[110,110,137,137,157,187,187,200,200,200,200,220,220,231,231,328,328,346,70,86,46,11,38,38,56,56,70,86,86,102,120,120,120],"floor_reached":33,"playtime":6685,"items_purged":["Parasite"],"score":269,"play_id":"93827e6d-b863-463d-80c1-eb5e7d5139c4","local_time":"20190131013449","is_ascension_mode":false,"campfire_choices":[{"floor":7,"key":"REST"},{"data":"Dagger Spray","floor":11,"key":"SMITH"},{"data":"Well Laid Plans","floor":15,"key":"SMITH"},{"floor":24,"key":"REST"},{"data":"Skewer","floor":29,"key":"SMITH"},{"floor":32,"key":"REST"}],"neow_cost":"NONE","seed_source_timestamp":735757447506698,"circlet_count":0,"master_deck":["Defend_G","Defend_G","Defend_G+1","Defend_G","Defend_G","Strike_G+1","Strike_G","Strike_G","Strike_G","Strike_G","Survivor","Neutralize","Slice+1","Dagger Spray+1","Noxious Fumes","Escape Plan","Well Laid Plans+1","Outmaneuver","After Image","Leg Sweep+1","Secret Weapon","Backstab","Skewer+1","Escape Plan","Blade Dance+1","Footwork","Crippling Poison+1","Dash","Slice","Tactician"],"relics":["Ring of the Snake","Anchor","Kunai","Mercury Hourglass","Sozu","Boot","Meat on the Bone"],"potions_floor_usage":[6,16,16],"damage_taken":[{"damage":4,"enemies":"Cultist","floor":1,"turns":5},{"damage":0,"enemies":"Jaw Worm","floor":5,"turns":3},{"damage":47,"enemies":"Gremlin Nob","floor":6,"turns":6},{"damage":0,"enemies":"2 Louse","floor":8,"turns":2},{"damage":0,"enemies":"2 Fungi Beasts","floor":12,"turns":3},{"damage":0,"enemies":"Large Slime","floor":14,"turns":5},{"damage":52,"enemies":"Slime Boss","floor":16,"turns":10},{"damage":22,"enemies":"2 Thieves","floor":18,"turns":4},{"damage":16,"enemies":"Spheric Guardian","floor":20,"turns":4},{"damage":9,"enemies":"Book of Stabbing","floor":23,"turns":7},{"damage":0,"enemies":"Shelled Parasite and Fungi","floor":25,"turns":6},{"damage":5,"enemies":"Snake Plant","floor":27,"turns":4},{"damage":5,"enemies":"Cultist and Chosen","floor":28,"turns":5},{"damage":12,"enemies":"3 Cultists","floor":30,"turns":5},{"damage":6,"enemies":"Snecko","floor":31,"turns":3},{"damage":92,"enemies":"Automaton","floor":33,"turns":12}],"seed_played":"7463505647656437221","potions_obtained":[{"floor":5,"key":"Fire Potion"},{"floor":12,"key":"Strength Potion"},{"floor":14,"key":"AttackPotion"}],"is_trial":false,"path_per_floor":["?","T","?","?","?","?","M"],"character_chosen":"THE_SILENT","items_purchased":["Secret Weapon","Backstab","Escape Plan"],"campfire_rested":3,"item_purchase_floors":[19,19,22],"current_hp_per_floor":[73,58,58,58,58,11,34,34,34,53,53,53,53,53,53,1,77,55,55,39,39,39,30,52,52,52,47,42,42,42,48,70,0],"gold":120,"neow_bonus":"TEN_PERCENT_HP_BONUS","is_prod":false,"is_daily":false,"chose_seed":false,"campfire_upgraded":3,"win_rate":0.0,"timestamp":1548909289,"path_taken":["M","?","?","?","M","E","R","M","T","?","R","M","?","M","R","BOSS","M","$","M","?","$","E","R","M","T","M","M","R","?","M","R","BOSS"],"build_version":"2019-01-23","purchased_purges":1,"victory":false,"max_hp_per_floor":[77,77,77,77,77,77,77,77,77,77,77,77,77,77,77,77,77,77,74,74,74,74,74,74,74,74,74,74,74,74,74,74,74],"card_choices":[{"not_picked":["Deflect","Dagger Throw"],"picked":"Slice","floor":1},{"not_picked":["Choke","Calculated Gamble"],"picked":"Dagger Spray","floor":5},{"not_picked":["Masterful Stab","Deadly Poison"],"picked":"Noxious Fumes","floor":6},{"not_picked":["Poisoned Stab","Sucker Punch"],"picked":"Escape Plan","floor":8},{"not_picked":["Phantasmal Killer","Dodge and Roll"],"picked":"Well Laid Plans","floor":12},{"not_picked":["Poisoned Stab","Backflip"],"picked":"Outmaneuver","floor":14},{"not_picked":["Wraith Form v2","A Thousand Cuts"],"picked":"After Image","floor":16},{"not_picked":["Well Laid Plans+1","Heel Hook"],"picked":"Leg Sweep+1","floor":18},{"not_picked":["Prepared","Well Laid Plans+1"],"picked":"Skewer","floor":20},{"not_picked":["Underhanded Strike+1","Deflect"],"picked":"Blade Dance+1","floor":23},{"not_picked":["Backstab","Flying Knee"],"picked":"Footwork","floor":25},{"not_picked":["Heel Hook+1","Dodge and Roll"],"picked":"Crippling Poison+1","floor":27},{"not_picked":["Blade Dance","Bouncing Flask"],"picked":"Dash","floor":28},{"not_picked":["Choke+1","Deadly Poison"],"picked":"Slice","floor":30},{"not_picked":["Finisher","Dash"],"picked":"Tactician","floor":31}],"player_experience":16970,"relics_obtained":[{"floor":3,"key":"Anchor"},{"floor":6,"key":"Kunai"},{"floor":9,"key":"Mercury Hourglass"},{"floor":23,"key":"Boot"},{"floor":26,"key":"Meat on the Bone"}],"event_choices":[{"damage_healed":0,"gold_gain":0,"player_choice":"Entered Light","damage_taken":15,"max_hp_gain":0,"max_hp_loss":0,"event_name":"Shining Light","floor":2,"gold_loss":0,"cards_upgraded":["Slice","Defend_G"]},{"damage_healed":0,"gold_gain":0,"player_choice":"Grow","damage_taken":0,"max_hp_gain":0,"max_hp_loss":0,"event_name":"Living Wall","floor":4,"gold_loss":0,"cards_upgraded":["Strike_G"]},{"damage_healed":19,"gold_gain":0,"player_choice":"Healed and dodged fight","damage_taken":0,"max_hp_gain":0,"max_hp_loss":0,"event_name":"Mushrooms","floor":10,"gold_loss":0,"cards_obtained":["Parasite"]},{"damage_healed":0,"gold_gain":0,"player_choice":"Ignored","damage_taken":0,"max_hp_gain":0,"max_hp_loss":0,"event_name":"Liars Game","floor":13,"gold_loss":0},{"damage_healed":0,"gold_gain":0,"player_choice":"Bought 3 Potions","damage_taken":0,"max_hp_gain":0,"max_hp_loss":0,"event_name":"The Woman in Blue","floor":21,"gold_loss":0}],"is_beta":false,"boss_relics":[{"not_picked":["HoveringKite","Calling Bell"],"picked":"Sozu"}],"items_purged_floors":[19],"is_endless":false,"potions_floor_spawned":[5,12,14,20,27,28,31],"killed_by":"Automaton","ascension_level":0}