{"gold_per_floor":[360,360,360,375,300,325,325,340,363,388,410,439,462,487,499,511],"floor_reached":16,"playtime":469,"items_purged":["Defend_R"],"score":117,"play_id":"c6daa87f-1ac9-42db-822b-94d357862b53","local_time":"20180923025552","is_ascension_mode":true,"campfire_choices":[{"data":"Perfected Strike","floor":7,"key":"SMITH"},{"floor":15,"key":"REST"}],"neow_cost":"TEN_PERCENT_HP_LOSS","seed_source_timestamp":143336575039379,"circlet_count":0,"master_deck":["Strike_R","Strike_R","Strike_R","Strike_R","Strike_R","Defend_R+1","Defend_R+1","Bash","Perfected Strike+1","Thunderclap","Sword Boomerang","Pommel Strike","Battle Trance","Twin Strike","Flex"],"relics":["Burning Blood","War Paint","MawBank"],"potions_floor_usage":[10],"damage_taken":[{"damage":1,"enemies":"Cultist","floor":1,"turns":3},{"damage":7,"enemies":"Jaw Worm","floor":4,"turns":3},{"damage":36,"enemies":"3 Sentries","floor":6,"turns":6},{"damage":6,"enemies":"Small Slimes","floor":8,"turns":2},{"damage":3,"enemies":"Looter","floor":10,"turns":2},{"damage":6,"enemies":"Exordium Thugs","floor":11,"turns":3},{"damage":20,"enemies":"Exordium Wildlife","floor":12,"turns":3},{"damage":6,"enemies":"3 Louse","floor":13,"turns":2},{"damage":22,"enemies":"Exordium Thugs","floor":14,"turns":3},{"damage":36,"enemies":"The Guardian","floor":16,"turns":4}],"seed_played":"-1478069137517634948","potions_obtained":[{"floor":8,"key":"Energy Potion"},{"floor":10,"key":"SpeedPotion"},{"floor":12,"key":"Ancient Potion"},{"floor":13,"key":"Ancient Potion"}],"is_trial":false,"path_per_floor":["M","?","?","M","$","E","R","M","T","M","M","M","M","M","R"],"character_chosen":"IRONCLAD","items_purchased":[],"campfire_rested":1,"item_purchase_floors":[],"current_hp_per_floor":[72,72,72,71,71,41,41,41,41,44,44,30,30,14,35,0],"gold":511,"neow_bonus":"TWO_FIFTY_GOLD","is_prod":false,"is_daily":false,"chose_seed":false,"campfire_upgraded":1,"win_rate":0,"timestamp":1537685752,"path_taken":["M","?","?","M","$","E","R","M","T","M","M","M","M","M","R","BOSS"],"build_version":"2018-09-20","purchased_purges":1,"victory":false,"max_hp_per_floor":[72,72,72,72,72,72,72,72,72,72,72,72,72,72,72,72],"card_choices":[{"not_picked":["Warcry","Wild Strike"],"picked":"Perfected Strike","floor":1},{"not_picked":["Heavy Blade","Warcry"],"picked":"Sword Boomerang","floor":4},{"not_picked":["Dual Wield","Bloodletting"],"picked":"Pommel Strike","floor":6},{"not_picked":["True Grit","Havoc","Fire Breathing"],"picked":"SKIP","floor":8},{"not_picked":["Wild Strike","Iron Wave"],"picked":"Battle Trance","floor":10},{"not_picked":["Thunderclap","Juggernaut","Havoc"],"picked":"SKIP","floor":11},{"not_picked":["Ghostly Armor","Headbutt"],"picked":"Twin Strike","floor":12},{"not_picked":["Feel No Pain","Blood for Blood","Headbutt"],"picked":"SKIP","floor":13},{"not_picked":["Thunderclap","Havoc"],"picked":"Flex","floor":14}],"player_experience":383370,"relics_obtained":[{"floor":6,"key":"War Paint"},{"floor":9,"key":"MawBank"}],"event_choices":[{"event_name":"Match and Keep!","player_choice":"1 cards matched","floor":2,"damage_taken":0},{"event_name":"Living Wall","player_choice":"Forget","floor":3,"damage_taken":0}],"is_beta":false,"boss_relics":[],"items_purged_floors":[5],"is_endless":false,"potions_floor_spawned":[8,10,12,13],"killed_by":"The Guardian","ascension_level":2}