{"gold_per_floor":[110,128,144,69,79,114,125,85,164,180,355,430,461,461,461,461],"floor_reached":16,"playtime":825,"items_purged":["Defend_G"],"score":112,"play_id":"44ccb8c4-f748-46cd-b71f-b40a3b74fbc8","local_time":"20180707020235","is_ascension_mode":false,"campfire_choices":[{"floor":15,"key":"REST"}],"neow_cost":"NONE","seed_source_timestamp":1382630163437238,"circlet_count":0,"master_deck":["Defend_G","Defend_G","Defend_G","Defend_G","Strike_G","Strike_G","Strike_G","Strike_G","Strike_G","Survivor","Neutralize","Flying Knee","Flying Knee","Terror","Blade Dance","Doubt"],"relics":["Ring of the Snake","Anchor","Meat on the Bone","Frozen Egg 2","Incense Burner","Happy Flower"],"potions_floor_usage":[2,6,10,16],"damage_taken":[{"damage":5,"enemies":"2 Louse","floor":1,"turns":4},{"damage":0,"enemies":"Small Slimes","floor":2,"turns":5},{"damage":5,"enemies":"Jaw Worm","floor":3,"turns":3},{"damage":11,"enemies":"Lots of Slimes","floor":5,"turns":4},{"damage":28,"enemies":"3 Sentries","floor":6,"turns":10},{"damage":9,"enemies":"3 Louse","floor":7,"turns":4},{"damage":0,"enemies":"Looter","floor":10,"turns":2},{"damage":15,"enemies":"Gremlin Nob","floor":13,"turns":4},{"damage":43,"enemies":"Hexaghost","floor":16,"turns":9}],"seed_played":"-8863105516354563163","potions_obtained":[{"floor":1,"key":"PowerPotion"},{"floor":5,"key":"Weak Potion"},{"floor":6,"key":"SteroidPotion"},{"floor":10,"key":"Energy Potion"}],"is_trial":false,"path_per_floor":["M","M","M","$","M","E","M","$","T","M","?","?","E","?","R"],"character_chosen":"THE_SILENT","items_purchased":["Blade Dance"],"campfire_rested":1,"item_purchase_floors":[8],"current_hp_per_floor":[65,65,60,60,49,21,24,24,24,36,36,25,22,22,43,0],"gold":461,"neow_bonus":"RANDOM_COMMON_RELIC","is_prod":false,"is_daily":false,"chose_seed":false,"campfire_upgraded":0,"win_rate":0.0,"timestamp":1530943355,"path_taken":["M","M","M","$","M","E","M","$","T","M","?","?","E","?","R","BOSS"],"build_version":"2018-07-05","purchased_purges":1,"victory":false,"max_hp_per_floor":[70,70,70,70,70,70,70,70,70,70,70,70,70,70,70,70],"card_choices":[{"not_picked":["Choke","Accuracy"],"picked":"Flying Knee","floor":1},{"not_picked":["Underhanded Strike","Acrobatics","Outmaneuver"],"picked":"SKIP","floor":2},{"not_picked":["Predator","Deadly Poison"],"picked":"Flying Knee","floor":3},{"not_picked":["Blur","Escape Plan","PiercingWail"],"picked":"SKIP","floor":5},{"not_picked":["Quick Slash","Heel Hook"],"picked":"Terror","floor":6},{"not_picked":["Flechettes","Deflect","Quick Slash"],"picked":"SKIP","floor":7},{"not_picked":["Dagger Spray","Leg Sweep","Outmaneuver"],"picked":"SKIP","floor":10},{"not_picked":["Glass Knife","Predator","Dagger Spray"],"picked":"SKIP","floor":13}],"player_experience":108161,"relics_obtained":[{"floor":6,"key":"Meat on the Bone"},{"floor":9,"key":"Frozen Egg 2"},{"floor":13,"key":"Incense Burner"}],"event_choices":[{"event_name":"Liars Game","player_choice":"agreed","floor":11,"damage_taken":0},{"event_name":"World of Goop","player_choice":"Gather Gold","floor":12,"damage_taken":0},{"event_name":"Dead Adventurer","player_choice":"Searched \u00271\u0027 times","floor":14,"damage_taken":0}],"boss_relics":[],"items_purged_floors":[4],"is_endless":false,"potions_floor_spawned":[1,5,6,10],"killed_by":"Hexaghost","ascension_level":0}