{"gold_per_floor":[116,76,251,251,261,261,336,363,436,454,99,99,99,112,112,212,212,232,232,37,37,137,137,157,106,106,106,106,122,122,142,142,245,245,259,259,275,291,391,391,417,417,440,440,453,453,453,463,463,463],"floor_reached":50,"playtime":3410,"items_purged":["Doubt"],"score":516,"play_id":"f29c6766-efe2-428f-aecf-60a6a3d7e5e0","local_time":"20190311164237","is_ascension_mode":false,"campfire_choices":[{"data":"Whirlwind","floor":6,"key":"SMITH"},{"data":"Flex","floor":12,"key":"SMITH"},{"data":"Anger","floor":15,"key":"SMITH"},{"floor":23,"key":"REST"},{"data":"1","floor":27,"key":"LIFT"},{"data":"2","floor":28,"key":"LIFT"},{"floor":30,"key":"REST"},{"data":"3","floor":32,"key":"LIFT"},{"floor":40,"key":"RECALL"},{"floor":42,"key":"DIG"},{"floor":46,"key":"DIG"},{"floor":49,"key":"DIG"}],"neow_cost":"NONE","seed_source_timestamp":836891446513425,"circlet_count":0,"master_deck":["Strike_R+1","Strike_R","Strike_R","Strike_R","Strike_R","Defend_R","Defend_R","Defend_R","Defend_R","Bash+1","Iron Wave","Whirlwind+1","Twin Strike","Twin Strike","Flex+1","Shrug It Off","Anger+1","Clothesline","Intimidate+1","Pommel Strike+1","Headbutt","Metallicize","Feed","Anger","Uppercut+1","Demon Form","Shrug It Off","Flame Barrier","Ghostly Armor+1"],"relics":["Burning Blood","NeowsBlessing","WingedGreaves","Ornamental Fan","Ginger","Smiling Mask","Mark of Pain","Pantograph","Bronze Scales","Shovel","Blue Candle","Girya","Fusion Hammer","Nunchaku","Whetstone","Dodecahedron","Anchor","Art of War"],"potions_floor_usage":[16,22,33,41,50,50,50],"damage_taken":[{"damage":0,"enemies":"Small Slimes","floor":1,"turns":1},{"damage":0,"enemies":"2 Louse","floor":5,"turns":1},{"damage":0,"enemies":"Lagavulin","floor":8,"turns":1},{"damage":14,"enemies":"Jaw Worm","floor":10,"turns":3},{"damage":1,"enemies":"2 Fungi Beasts","floor":14,"turns":2},{"damage":73,"enemies":"Slime Boss","floor":16,"turns":13},{"damage":22,"enemies":"Shell Parasite","floor":18,"turns":6},{"damage":22,"enemies":"Colosseum Slavers","floor":22,"turns":4},{"damage":20,"enemies":"Colosseum Nobs","floor":22,"turns":3},{"damage":0,"enemies":"3 Byrds","floor":24,"turns":3},{"damage":17,"enemies":"Sentry and Sphere","floor":29,"turns":4},{"damage":0,"enemies":"Cultist and Chosen","floor":31,"turns":4},{"damage":69,"enemies":"Champ","floor":33,"turns":10},{"damage":26,"enemies":"3 Shapes","floor":35,"turns":3},{"damage":5,"enemies":"Orb Walker","floor":37,"turns":3},{"damage":25,"enemies":"Sphere and 2 Shapes","floor":38,"turns":5},{"damage":0,"enemies":"Mind Bloom Boss Battle","floor":39,"turns":3},{"damage":7,"enemies":"Nemesis","floor":41,"turns":5},{"damage":0,"enemies":"Jaw Worm Horde","floor":45,"turns":1},{"damage":12,"enemies":"Writhing Mass","floor":48,"turns":5},{"damage":95,"enemies":"Donu and Deca","floor":50,"turns":7}],"seed_played":"-2705225539542297310","potions_obtained":[{"floor":10,"key":"Energy Potion"},{"floor":14,"key":"SkillPotion"},{"floor":24,"key":"Dexterity Potion"},{"floor":31,"key":"SkillPotion"},{"floor":33,"key":"SpeedPotion"},{"floor":35,"key":"Poison Potion"},{"floor":45,"key":"GamblersBrew"}],"is_trial":false,"path_per_floor":["?","?","M","?","T","?","?","?","$","M","?","?","?"],"character_chosen":"IRONCLAD","items_purchased":["Whirlwind","Ginger","Shrug It Off","Bronze Scales","Headbutt"],"campfire_rested":2,"item_purchase_floors":[2,11,11,20,25],"current_hp_per_floor":[80,80,80,85,85,85,74,80,80,72,72,72,72,77,77,10,85,69,69,69,53,23,48,54,54,54,54,54,43,68,74,74,22,85,65,65,66,47,78,78,77,77,77,77,83,83,83,77,77,0],"gold":463,"neow_bonus":"THREE_ENEMY_KILL","is_prod":false,"is_daily":false,"chose_seed":false,"campfire_upgraded":3,"win_rate":0,"timestamp":1552333357,"path_taken":["M","$","?","?","?","R","?","E","T","M","$","R","?","M","R","BOSS","M","?","$","?","?","R","M","?","T","R","R","?","R","M","R","BOSS","M","?","M","M","?","R","E","R","T","$","M","R","?","M","R","BOSS"],"build_version":"2019-01-23","purchased_purges":1,"victory":false,"max_hp_per_floor":[80,80,80,85,85,85,85,85,85,85,85,85,85,85,85,85,85,85,85,85,85,85,85,85,85,85,85,85,85,85,85,85,85,85,85,85,85,85,85,85,85,85,85,85,85,85,85,85,85,85],"card_choices":[{"not_picked":["Flex","Wild Strike"],"picked":"Iron Wave","floor":1},{"not_picked":["Armaments","Entrench"],"picked":"Twin Strike","floor":5},{"not_picked":["Clash","Havoc"],"picked":"Twin Strike","floor":8},{"not_picked":["Evolve","Demon Form"],"picked":"Flex","floor":10},{"not_picked":["Body Slam","Spot Weakness"],"picked":"Anger","floor":14},{"not_picked":["Reckless Charge","Heavy Blade"],"picked":"Clothesline","floor":18},{"not_picked":["Warcry","Feel No Pain"],"picked":"Intimidate+1","floor":22},{"not_picked":["Flex","Pummel+1"],"picked":"Pommel Strike+1","floor":24},{"not_picked":["Evolve","Warcry"],"picked":"Metallicize","floor":29},{"not_picked":["Heavy Blade","Barricade","Dropkick+1"],"picked":"SKIP","floor":31},{"not_picked":["Offering","Bludgeon"],"picked":"Feed","floor":33},{"not_picked":["Power Through+1","Feel No Pain","Warcry+1"],"picked":"SKIP","floor":35},{"not_picked":["Second Wind","Cleave"],"picked":"Anger","floor":37},{"not_picked":["Burning Pact","Warcry"],"picked":"Uppercut+1","floor":38},{"not_picked":["Shockwave+1","Pommel Strike"],"picked":"Demon Form","floor":39},{"not_picked":["Evolve+1","Rupture+1"],"picked":"Shrug It Off","floor":41},{"not_picked":["Armaments+1","Warcry+1"],"picked":"Flame Barrier","floor":45},{"not_picked":["Fire Breathing+1","Havoc"],"picked":"Ghostly Armor+1","floor":48}],"player_experience":286170,"relics_obtained":[{"floor":8,"key":"WingedGreaves"},{"floor":9,"key":"Ornamental Fan"},{"floor":13,"key":"Smiling Mask"},{"floor":22,"key":"Shovel"},{"floor":22,"key":"Blue Candle"},{"floor":26,"key":"Girya"},{"floor":39,"key":"Nunchaku"},{"floor":41,"key":"Whetstone"},{"floor":42,"key":"Dodecahedron"},{"floor":46,"key":"Anchor"},{"floor":49,"key":"Art of War"}],"event_choices":[{"damage_healed":0,"gold_gain":175,"player_choice":"AGREE","damage_taken":0,"max_hp_gain":0,"max_hp_loss":0,"event_name":"Liars Game","floor":3,"gold_loss":0,"cards_obtained":["Doubt"]},{"damage_healed":0,"gold_gain":0,"player_choice":"Donut","damage_taken":0,"max_hp_gain":5,"max_hp_loss":0,"event_name":"Big Fish","floor":4,"gold_loss":0},{"damage_healed":0,"gold_gain":75,"player_choice":"Gather Gold","damage_taken":11,"max_hp_gain":0,"max_hp_loss":0,"event_name":"World of Goop","floor":7,"gold_loss":0},{"damage_healed":0,"gold_gain":0,"player_choice":"Opened","damage_taken":0,"relics_obtained":["Pantograph"],"max_hp_gain":0,"max_hp_loss":0,"event_name":"The Mausoleum","floor":19,"gold_loss":0},{"damage_healed":0,"gold_gain":0,"player_choice":"Obtained Book","damage_taken":16,"max_hp_gain":0,"max_hp_loss":0,"event_name":"Cursed Tome","floor":21,"gold_loss":0},{"damage_healed":0,"gold_gain":0,"player_choice":"Fight","damage_taken":0,"max_hp_gain":0,"max_hp_loss":0,"event_name":"Colosseum","floor":22,"gold_loss":0},{"damage_healed":0,"gold_gain":0,"player_choice":"Fought Nobs","damage_taken":0,"max_hp_gain":0,"max_hp_loss":0,"event_name":"Colosseum","floor":22,"gold_loss":0},{"damage_healed":0,"gold_gain":0,"player_choice":"Ignored","damage_taken":0,"max_hp_gain":0,"max_hp_loss":0,"event_name":"Mysterious Sphere","floor":36,"gold_loss":0},{"damage_healed":0,"gold_gain":0,"player_choice":"Fight","damage_taken":0,"max_hp_gain":0,"max_hp_loss":0,"event_name":"MindBloom","floor":39,"gold_loss":0},{"damage_healed":0,"gold_gain":0,"player_choice":"Ignored","damage_taken":0,"max_hp_gain":0,"max_hp_loss":0,"event_name":"SecretPortal","floor":47,"gold_loss":0}],"is_beta":false,"boss_relics":[{"not_picked":["Ectoplasm","Eternal Feather"],"picked":"Mark of Pain"},{"not_picked":["Snecko Eye","Black Star"],"picked":"Fusion Hammer"}],"items_purged_floors":[20],"is_endless":false,"potions_floor_spawned":[10,14,22,24,31,33,35,45],"killed_by":"Donu and Deca","ascension_level":0}