{"gold_per_floor":[118,133,208,37,49,78,88,118,118,118,132,132,132,132,132,230,230,250,250,267,267,278,278,78,78,78,78,108,118,138,138,138,239,239,259,36,50,104,118,118,137,137,137,137,156,256,256,276,276,276,276,276,46,81,81],"floor_reached":55,"playtime":2071,"items_purged":[],"score":876,"play_id":"8bd9e73a-164c-42be-b7a6-f62922ace8d1","local_time":"20190330225927","is_ascension_mode":true,"campfire_choices":[{"floor":10,"key":"DIG"},{"floor":12,"key":"DIG"},{"floor":15,"key":"REST"},{"floor":23,"key":"DIG"},{"floor":27,"key":"DIG"},{"floor":32,"key":"DIG"},{"floor":40,"key":"RECALL"},{"floor":42,"key":"DIG"},{"floor":44,"key":"DIG"},{"floor":49,"key":"DIG"},{"floor":52,"key":"DIG"}],"neow_cost":"CURSE","seed_source_timestamp":8379926776313627,"circlet_count":0,"master_deck":["Strike_R+1","Strike_R+1","Strike_R+1","Strike_R+1","Strike_R+1","Defend_R+1","Defend_R+1","Defend_R+1","Defend_R+1","Bash","Injury","Limit Break","Flex","Sword Boomerang","Metallicize","Twin Strike+1","True Grit","Thunderclap","Spot Weakness","Heavy Blade","Demon Form","Havoc+1","Writhe","Shrug It Off","Dark Embrace","Uppercut+1","Immolate","Spot Weakness","Whirlwind","Headbutt+1","Battle Trance+1","Inflame"],"relics":["Burning Blood","Meat on the Bone","Shovel","Kunai","Darkstone Periapt","Calipers","Gremlin Horn","Sozu","Bag of Marbles","Singing Bowl","Mango","Whetstone","Red Skull","Dodecahedron","Potion Belt","Strawberry","Velvet Choker","Pen Nib","FossilizedHelix","Letter Opener","Pantograph","Gambling Chip","Orichalcum","Sundial","Bag of Preparation","Mercury Hourglass"],"potions_floor_usage":[8,8,33],"damage_taken":[{"damage":23,"enemies":"Jaw Worm","floor":1,"turns":5},{"damage":10,"enemies":"Small Slimes","floor":2,"turns":3},{"damage":6,"enemies":"2 Louse","floor":5,"turns":3},{"damage":28,"enemies":"3 Sentries","floor":6,"turns":9},{"damage":20,"enemies":"2 Fungi Beasts","floor":7,"turns":4},{"damage":17,"enemies":"Lagavulin","floor":8,"turns":5},{"damage":18,"enemies":"Lots of Slimes","floor":11,"turns":4},{"damage":27,"enemies":"Hexaghost","floor":16,"turns":9},{"damage":16,"enemies":"Chosen","floor":18,"turns":5},{"damage":18,"enemies":"Shell Parasite","floor":20,"turns":5},{"damage":3,"enemies":"3 Cultists","floor":22,"turns":4},{"damage":38,"enemies":"Gremlin Leader","floor":28,"turns":5},{"damage":16,"enemies":"Snecko","floor":29,"turns":6},{"damage":13,"enemies":"Centurion and Healer","floor":30,"turns":4},{"damage":62,"enemies":"Collector","floor":33,"turns":9},{"damage":33,"enemies":"3 Darklings","floor":35,"turns":4},{"damage":0,"enemies":"Orb Walker","floor":37,"turns":3},{"damage":70,"enemies":"2 Orb Walkers","floor":38,"turns":4},{"damage":25,"enemies":"Spire Growth","floor":39,"turns":3},{"damage":12,"enemies":"Sphere and 2 Shapes","floor":41,"turns":1},{"damage":9,"enemies":"Writhing Mass","floor":45,"turns":4},{"damage":25,"enemies":"Mind Bloom Boss Battle","floor":46,"turns":5},{"damage":16,"enemies":"Jaw Worm Horde","floor":48,"turns":3},{"damage":70,"enemies":"Time Eater","floor":50,"turns":6},{"damage":43,"enemies":"Shield and Spear","floor":54,"turns":4},{"damage":116,"enemies":"The Heart","floor":55,"turns":5}],"seed_played":"5573385687956072242","potions_obtained":[{"floor":1,"key":"Fruit Juice"},{"floor":7,"key":"SkillPotion"},{"floor":16,"key":"GamblersBrew"}],"is_trial":false,"path_per_floor":["M","M","?","$","M","E","M","E","T","R","M","R","?","?","R","B",null,"M","?","M","T","M","R","$","?","T","R","E","M","M","?","R","B",null,"M","$","M","?","M","R","M","R","T","R","M","?","?","M","R","B",null,"R","$","E","B"],"character_chosen":"IRONCLAD","items_purchased":["Metallicize","Twin Strike","True Grit","Whetstone","Shrug It Off","Spot Weakness","Pen Nib","Bag of Preparation","Inflame"],"campfire_rested":1,"item_purchase_floors":[4,4,4,24,24,36,36,53,53],"current_hp_per_floor":[63,59,48,48,48,26,24,30,30,30,30,30,13,6,31,22,85,75,81,69,69,74,88,88,88,88,88,68,72,65,65,72,28,116,91,91,97,47,42,42,50,50,50,50,59,79,79,81,81,54,126,126,126,91,0],"gold":81,"neow_bonus":"THREE_RARE_CARDS","is_prod":false,"is_daily":false,"chose_seed":false,"campfire_upgraded":0,"win_rate":0,"timestamp":1554001167,"path_taken":["M","M","?","$","M","E","M","E","T","R","M","R","?","?","R","BOSS","M","?","M","?","M","R","$","?","T","R","E","?","M","?","R","BOSS","M","$","M","?","M","R","M","R","T","R","M","?","?","M","R","BOSS","R","$","E","BOSS"],"build_version":"2019-01-23","purchased_purges":0,"victory":false,"max_hp_per_floor":[80,80,80,80,80,80,80,85,85,85,85,85,85,85,85,85,85,85,91,91,91,93,107,107,107,107,107,107,109,109,109,116,116,116,118,118,118,120,122,122,124,124,124,124,124,126,126,126,126,126,126,126,126,128,128],"card_choices":[{"not_picked":["Fiend Fire","Brutality"],"picked":"Limit Break","floor":0},{"not_picked":["Pommel Strike","Armaments"],"picked":"Flex","floor":1},{"not_picked":["Clash","Corruption"],"picked":"Sword Boomerang","floor":2},{"not_picked":["Twin Strike","Intimidate"],"picked":"Thunderclap","floor":5},{"not_picked":["Bludgeon","Bloodletting"],"picked":"Spot Weakness","floor":6},{"not_picked":["Clothesline","Searing Blow","Clash"],"picked":"SKIP","floor":7},{"not_picked":["Blood for Blood","Infernal Blade","Sentinel"],"picked":"SKIP","floor":8},{"not_picked":["Cleave","Flex"],"picked":"Heavy Blade","floor":11},{"not_picked":["Barricade","Limit Break"],"picked":"Demon Form","floor":16},{"not_picked":["Thunderclap","Seeing Red"],"picked":"Havoc+1","floor":18},{"not_picked":["Clothesline","Fire Breathing","Feel No Pain+1"],"picked":"SKIP","floor":20},{"not_picked":["Shockwave","Body Slam+1","Sentinel+1"],"picked":"Singing Bowl","floor":22},{"not_picked":["Headbutt","Clothesline"],"picked":"Dark Embrace","floor":28},{"not_picked":["Perfected Strike","Heavy Blade","Wild Strike+1"],"picked":"Singing Bowl","floor":29},{"not_picked":["Warcry+1","Perfected Strike"],"picked":"Uppercut+1","floor":30},{"not_picked":["Juggernaut","Barricade"],"picked":"Immolate","floor":33},{"not_picked":["Carnage","Infernal Blade+1","Thunderclap+1"],"picked":"Singing Bowl","floor":35},{"not_picked":["Armaments+1","Anger"],"picked":"Whirlwind","floor":37},{"not_picked":["Immolate","Iron Wave+1","Perfected Strike+1"],"picked":"Singing Bowl","floor":38},{"not_picked":["Cleave+1","Uppercut+1","Wild Strike+1"],"picked":"Singing Bowl","floor":39},{"not_picked":["Clothesline","Feel No Pain","Entrench"],"picked":"Singing Bowl","floor":41},{"not_picked":["Iron Wave+1","Pommel Strike+1"],"picked":"Headbutt+1","floor":45},{"not_picked":["Clash","Wild Strike","Body Slam"],"picked":"Singing Bowl","floor":46},{"not_picked":["Shrug It Off+1","Iron Wave"],"picked":"Battle Trance+1","floor":48},{"not_picked":["Headbutt+1","Wild Strike+1","Cleave+1"],"picked":"Singing Bowl","floor":54}],"player_experience":646377,"relics_obtained":[{"floor":6,"key":"Meat on the Bone"},{"floor":8,"key":"Shovel"},{"floor":9,"key":"Kunai"},{"floor":10,"key":"Darkstone Periapt"},{"floor":12,"key":"Calipers"},{"floor":21,"key":"Singing Bowl"},{"floor":23,"key":"Mango"},{"floor":26,"key":"Red Skull"},{"floor":27,"key":"Dodecahedron"},{"floor":28,"key":"Potion Belt"},{"floor":32,"key":"Strawberry"},{"floor":38,"key":"FossilizedHelix"},{"floor":42,"key":"Letter Opener"},{"floor":44,"key":"Pantograph"},{"floor":46,"key":"Gambling Chip"},{"floor":49,"key":"Orichalcum"},{"floor":52,"key":"Sundial"},{"floor":54,"key":"Mercury Hourglass"}],"event_choices":[{"damage_healed":0,"gold_gain":75,"player_choice":"Gather Gold","damage_taken":11,"max_hp_gain":0,"max_hp_loss":0,"event_name":"World of Goop","floor":3,"gold_loss":0},{"damage_healed":0,"gold_gain":0,"player_choice":"Entered Light","damage_taken":17,"max_hp_gain":0,"max_hp_loss":0,"event_name":"Shining Light","floor":13,"gold_loss":0,"cards_upgraded":["Twin Strike","Defend_R"]},{"damage_healed":0,"gold_gain":0,"player_choice":"Success","damage_taken":7,"relics_obtained":["Gremlin Horn"],"max_hp_gain":0,"max_hp_loss":0,"event_name":"Scrap Ooze","floor":14,"gold_loss":0},{"damage_healed":0,"gold_gain":0,"player_choice":"Opened","damage_taken":0,"relics_obtained":["Bag of Marbles"],"max_hp_gain":0,"max_hp_loss":0,"event_name":"The Mausoleum","floor":19,"gold_loss":0,"cards_obtained":["Writhe"]},{"damage_healed":0,"gold_gain":0,"player_choice":"Simplicity","damage_taken":0,"max_hp_gain":0,"max_hp_loss":0,"event_name":"Back to Basics","floor":25,"gold_loss":0,"cards_upgraded":["Strike_R","Strike_R","Strike_R","Defend_R","Defend_R","Defend_R"]},{"damage_healed":0,"gold_gain":0,"player_choice":"Ignored","damage_taken":0,"max_hp_gain":0,"max_hp_loss":0,"event_name":"Vampires","floor":31,"gold_loss":0},{"damage_healed":0,"gold_gain":0,"player_choice":"Fight","damage_taken":0,"max_hp_gain":0,"max_hp_loss":0,"event_name":"Mysterious Sphere","floor":38,"gold_loss":0},{"damage_healed":0,"gold_gain":0,"player_choice":"Fight","damage_taken":0,"max_hp_gain":0,"max_hp_loss":0,"event_name":"MindBloom","floor":46,"gold_loss":0},{"damage_healed":0,"gold_gain":0,"player_choice":"Ignored","damage_taken":0,"max_hp_gain":0,"max_hp_loss":0,"event_name":"SecretPortal","floor":47,"gold_loss":0}],"is_beta":false,"boss_relics":[{"not_picked":["Runic Cube","Runic Dome"],"picked":"Sozu"},{"not_picked":["Empty Cage","Orrery"],"picked":"Velvet Choker"}],"items_purged_floors":[],"is_endless":false,"potions_floor_spawned":[1,7,16,18,22,29,30,37,38,41,46,48],"killed_by":"The Heart","ascension_level":4}