{"gold_per_floor":[112,123,48,67,67,67,242,267,315,335,29,29,29,50,50,50],"floor_reached":16,"playtime":375,"items_purged":["Strike_R","Doubt"],"score":92,"play_id":"2615193b-39a0-42e3-a3aa-2085903e762d","local_time":"20180720135827","is_ascension_mode":false,"campfire_choices":[{"data":"Body Slam","floor":6,"key":"SMITH"},{"floor":13,"key":"REST"},{"floor":15,"key":"REST"}],"neow_cost":"TEN_PERCENT_HP_LOSS","seed_source_timestamp":798955960994217,"circlet_count":0,"master_deck":["Strike_R","Strike_R","Strike_R+1","Strike_R","Defend_R","Defend_R","Bash","Body Slam+1","Body Slam+1","Injury","Power Through","Power Through"],"relics":["Burning Blood","Golden Idol","Whetstone","DollysMirror","Dodecahedron"],"potions_floor_usage":[8],"damage_taken":[{"damage":0,"enemies":"Small Slimes","floor":1,"turns":3},{"damage":15,"enemies":"Jaw Worm","floor":2,"turns":4},{"damage":5,"enemies":"2 Louse","floor":4,"turns":3},{"damage":24,"enemies":"Blue Slaver","floor":8,"turns":4},{"damage":21,"enemies":"Exordium Wildlife","floor":10,"turns":5},{"damage":26,"enemies":"Exordium Thugs","floor":14,"turns":7},{"damage":57,"enemies":"Hexaghost","floor":16,"turns":9}],"seed_played":"-268777670117112375","potions_obtained":[{"floor":4,"key":"SteroidPotion"},{"floor":10,"key":"Ancient Potion"}],"is_trial":false,"path_per_floor":["M","M","$","M","?","R","?","M","T","M","$","T","R","M","R"],"character_chosen":"IRONCLAD","items_purchased":["DollysMirror"],"campfire_rested":2,"item_purchase_floors":[11],"current_hp_per_floor":[72,63,63,64,64,64,64,46,46,31,31,31,52,32,53,0],"gold":50,"neow_bonus":"REMOVE_TWO","is_prod":false,"is_daily":false,"chose_seed":false,"campfire_upgraded":1,"win_rate":0,"timestamp":1532109507,"path_taken":["M","M","$","M","?","R","?","?","T","M","$","?","R","M","R","BOSS"],"build_version":"2018-07-19v2","purchased_purges":2,"victory":false,"max_hp_per_floor":[72,72,72,72,72,72,72,72,72,72,72,72,72,72,72,72],"card_choices":[{"not_picked":["Heavy Blade","Pommel Strike"],"picked":"Body Slam","floor":1},{"not_picked":["True Grit","Clothesline"],"picked":"Body Slam","floor":2},{"not_picked":["Anger","Cleave","Reckless Charge"],"picked":"SKIP","floor":4},{"not_picked":["Wild Strike","Thunderclap"],"picked":"Power Through","floor":8},{"not_picked":["Anger","Intimidate","Combust"],"picked":"SKIP","floor":10},{"not_picked":["Power Through","Clothesline","Whirlwind"],"picked":"SKIP","floor":14}],"player_experience":269154,"relics_obtained":[{"floor":9,"key":"Whetstone"},{"floor":12,"key":"Dodecahedron"}],"event_choices":[{"event_name":"Golden Idol","player_choice":"Take Wound","floor":5,"damage_taken":0},{"event_name":"Liars Game","player_choice":"agreed","floor":7,"damage_taken":0}],"is_beta":false,"boss_relics":[],"items_purged_floors":[3,11],"is_endless":false,"potions_floor_spawned":[4,10],"killed_by":"Hexaghost","ascension_level":0}