{"gold_per_floor":[115,126,46,60,77,77,90,90,90,90,15,29,29,54,54,54],"floor_reached":16,"playtime":297,"items_purged":["Defend_B"],"score":94,"play_id":"f0841e76-8e75-4fad-a9b8-5dbe524dbe0f","local_time":"20180801091507","is_ascension_mode":false,"campfire_choices":[{"floor":6,"key":"REST"},{"data":"Streamline","floor":8,"key":"SMITH"},{"data":"Skim","floor":10,"key":"SMITH"},{"floor":15,"key":"REST"}],"neow_cost":"","seed_source_timestamp":1818855344507428,"circlet_count":0,"master_deck":["Strike_B","Strike_B","Strike_B","Strike_B","Defend_B","Defend_B","Defend_B","Zap","Dualcast","Streamline+1","Skim+1","Beam Cell","Injury"],"relics":["Cracked Core","Ice Cream","Golden Idol"],"potions_floor_usage":[5,7],"damage_taken":[{"damage":5,"enemies":"Cultist","floor":1,"turns":4},{"damage":11,"enemies":"2 Louse","floor":2,"turns":2},{"damage":0,"enemies":"Small Slimes","floor":4,"turns":2},{"damage":31,"enemies":"Gremlin Gang","floor":5,"turns":3},{"damage":9,"enemies":"Red Slaver","floor":7,"turns":2},{"damage":0,"enemies":"Large Slime","floor":12,"turns":3},{"damage":10,"enemies":"Looter","floor":14,"turns":2},{"damage":68,"enemies":"Slime Boss","floor":16,"turns":6}],"seed_played":"3512024637338534417","potions_obtained":[{"floor":1,"key":"Weak Potion"},{"floor":4,"key":"LiquidBronze"}],"is_trial":false,"path_per_floor":["M","M","$","M","M","R","M","R","T","R","$","M","?","M","R"],"character_chosen":"DEFECT","items_purchased":["Skim"],"campfire_rested":2,"item_purchase_floors":[3],"current_hp_per_floor":[70,59,59,59,28,50,41,41,41,41,41,41,41,31,53,0],"gold":54,"neow_bonus":"","is_prod":false,"is_daily":false,"chose_seed":false,"campfire_upgraded":2,"win_rate":0,"timestamp":1533129307,"path_taken":["M","?","$","M","M","R","M","R","T","R","?","M","?","?","R","BOSS"],"build_version":"2018-07-26","purchased_purges":1,"victory":false,"max_hp_per_floor":[75,75,75,75,75,75,75,75,75,75,75,75,75,75,75,75],"card_choices":[{"not_picked":["Redo","Turbo"],"picked":"Streamline","floor":1},{"not_picked":["Beam Cell","Steam","Melter"],"picked":"SKIP","floor":2},{"not_picked":["Hologram","Chill","Static Discharge"],"picked":"SKIP","floor":4},{"not_picked":["Streamline","Hologram","Sunder"],"picked":"SKIP","floor":5},{"not_picked":["Sunder","Hello World","Hologram"],"picked":"SKIP","floor":7},{"not_picked":["Gash","Rebound"],"picked":"Beam Cell","floor":12},{"not_picked":["Conserve Battery","Leap","Hologram"],"picked":"SKIP","floor":14}],"player_experience":298117,"relics_obtained":[{"floor":9,"key":"Ice Cream"}],"event_choices":[{"event_name":"Golden Idol","player_choice":"Take Wound","floor":13,"damage_taken":0}],"is_beta":false,"boss_relics":[],"items_purged_floors":[11],"is_endless":false,"potions_floor_spawned":[1,4],"killed_by":"Slime Boss","ascension_level":0}