{"gold_per_floor":[112,127,144,158,50,50,81,91,139,139,158,174,186,221,221,320,320,332,349,349],"floor_reached":20,"playtime":632,"items_purged":["Strike_B"],"score":258,"play_id":"505ea3cf-cea9-470e-8dd2-847984c93046","local_time":"20190326024205","is_ascension_mode":true,"campfire_choices":[{"data":"Hyperbeam","floor":6,"key":"SMITH"},{"floor":10,"key":"DIG"},{"floor":15,"key":"REST"}],"neow_cost":"TEN_PERCENT_HP_LOSS","seed_source_timestamp":7962707346174562,"circlet_count":0,"master_deck":["Strike_B","Strike_B","Strike_B","Defend_B+1","Defend_B","Defend_B","Defend_B+1","Zap","Dualcast","Hyperbeam+1","Reprogram","Rebound","Sweeping Beam","Skim","Go for the Eyes","Sunder+1"],"relics":["Cracked Core","Shovel","Potion Belt","Molten Egg 2","War Paint","Runic Pyramid"],"potions_floor_usage":[16,16,16],"damage_taken":[{"damage":0,"enemies":"Cultist","floor":1,"turns":2},{"damage":2,"enemies":"Jaw Worm","floor":2,"turns":2},{"damage":0,"enemies":"2 Louse","floor":3,"turns":1},{"damage":8,"enemies":"Blue Slaver","floor":4,"turns":3},{"damage":30,"enemies":"Lagavulin","floor":7,"turns":4},{"damage":0,"enemies":"Large Slime","floor":8,"turns":4},{"damage":4,"enemies":"Exordium Wildlife","floor":11,"turns":2},{"damage":5,"enemies":"Gremlin Gang","floor":12,"turns":3},{"damage":9,"enemies":"Blue Slaver","floor":13,"turns":2},{"damage":0,"enemies":"3 Sentries","floor":14,"turns":2},{"damage":25,"enemies":"The Guardian","floor":16,"turns":9},{"damage":0,"enemies":"Chosen","floor":18,"turns":3},{"damage":42,"enemies":"3 Byrds","floor":19,"turns":5},{"damage":28,"enemies":"Snake Plant","floor":20,"turns":2}],"seed_played":"-2272631834429935531","potions_obtained":[{"floor":3,"key":"Fire Potion"},{"floor":7,"key":"SneckoOil"},{"floor":8,"key":"Block Potion"},{"floor":16,"key":"Swift Potion"},{"floor":18,"key":"LiquidBronze"}],"is_trial":false,"path_per_floor":["M","M","M","M","$","R","E","M","T","R","M","M","M","E","R","B",null,"M","M","M"],"character_chosen":"DEFECT","items_purchased":["Skim"],"campfire_rested":1,"item_purchase_floors":[5],"current_hp_per_floor":[68,66,66,58,58,58,28,28,28,28,24,19,10,10,30,5,68,68,26,0],"gold":349,"neow_bonus":"THREE_RARE_CARDS","is_prod":false,"is_daily":false,"chose_seed":false,"campfire_upgraded":1,"win_rate":0,"timestamp":1553582525,"path_taken":["M","M","?","?","$","R","E","M","T","R","M","M","M","E","R","BOSS","M","?","M"],"build_version":"2019-01-23","purchased_purges":1,"victory":false,"max_hp_per_floor":[68,68,68,68,68,68,68,68,68,68,68,68,68,68,68,68,68,68,68,68],"card_choices":[{"not_picked":["Thunder Strike","Electrodynamics"],"picked":"Hyperbeam","floor":0},{"not_picked":["Conserve Battery","Gash"],"picked":"Reprogram","floor":1},{"not_picked":["White Noise","Gash"],"picked":"Rebound","floor":2},{"not_picked":["Gash","Go for the Eyes"],"picked":"Sweeping Beam","floor":3},{"not_picked":["Cold Snap","Doom and Gloom","Static Discharge"],"picked":"SKIP","floor":4},{"not_picked":["Streamline","Storm"],"picked":"Go for the Eyes","floor":7},{"not_picked":["Doom and Gloom","Glacier","Cold Snap"],"picked":"SKIP","floor":8},{"not_picked":["Gash+1","Leap"],"picked":"Sunder+1","floor":11},{"not_picked":["Cold Snap+1","Rebound+1","Thunder Strike+1"],"picked":"SKIP","floor":12},{"not_picked":["Redo","Coolheaded","Turbo"],"picked":"SKIP","floor":13},{"not_picked":["Sweeping Beam+1","Fusion","Gash+1"],"picked":"SKIP","floor":14},{"not_picked":["Sweeping Beam+1","Stack+1","Barrage+1"],"picked":"SKIP","floor":18},{"not_picked":["Barrage+1","Streamline+1","Coolheaded+1"],"picked":"SKIP","floor":19}],"player_experience":524266,"relics_obtained":[{"floor":7,"key":"Shovel"},{"floor":9,"key":"Potion Belt"},{"floor":10,"key":"Molten Egg 2"},{"floor":14,"key":"War Paint"}],"event_choices":[],"is_beta":false,"boss_relics":[{"not_picked":["Lizard Tail","Calling Bell"],"picked":"Runic Pyramid"}],"items_purged_floors":[5],"is_endless":false,"potions_floor_spawned":[3,7,8,16,18],"killed_by":"Snake Plant","ascension_level":4}