{"gold_per_floor":[13,23,123,123,142,142,181,181,181,181,206,231,231,156,156,279,279,297,297,312,50,50,50,50,50,50,68,68,82,0,18,18,18],"floor_reached":33,"playtime":1249,"items_purged":["Defend_G","Defend_G"],"score":270,"play_id":"31e28e2e-c68c-4f7c-8eaf-437cfa5000b6","local_time":"20180710132459","is_ascension_mode":false,"campfire_choices":[{"data":"Quick Slash","floor":6,"key":"SMITH"},{"floor":8,"key":"REST"},{"data":"Quick Slash","floor":10,"key":"SMITH"},{"floor":13,"key":"REST"},{"data":"Footwork","floor":15,"key":"SMITH"},{"data":"Adrenaline","floor":23,"key":"SMITH"},{"floor":32,"key":"REST"}],"neow_cost":"NO_GOLD","seed_source_timestamp":1682353905619282,"circlet_count":0,"master_deck":["Defend_G","Defend_G","Defend_G","Survivor","Neutralize","Quick Slash+1","Quick Slash+1","Footwork+1","A Thousand Cuts","Backflip","Adrenaline+1","Bite","Bite","Bite","Bite","Bite","Backstab","Pain","Acrobatics"],"relics":["Ring of the Snake","Bird Faced Urn","Golden Idol","Ancient Tea Set","Shuriken","Cursed Key","GremlinMask","Girya"],"potions_floor_usage":[7,27,29,33],"damage_taken":[{"damage":1,"enemies":"Cultist","floor":1,"turns":4},{"damage":0,"enemies":"2 Louse","floor":2,"turns":3},{"damage":4,"enemies":"Jaw Worm","floor":5,"turns":4},{"damage":19,"enemies":"Gremlin Nob","floor":7,"turns":5},{"damage":0,"enemies":"Blue Slaver","floor":11,"turns":2},{"damage":20,"enemies":"Exordium Thugs","floor":12,"turns":4},{"damage":38,"enemies":"The Guardian","floor":16,"turns":12},{"damage":14,"enemies":"3 Byrds","floor":18,"turns":6},{"damage":12,"enemies":"Shell Parasite","floor":20,"turns":6},{"damage":8,"enemies":"Cultist and Chosen","floor":27,"turns":4},{"damage":26,"enemies":"Snecko","floor":29,"turns":5},{"damage":33,"enemies":"Snake Plant","floor":31,"turns":4},{"damage":80,"enemies":"Champ","floor":33,"turns":9}],"seed_played":"-4076331069397740443","potions_obtained":[{"floor":5,"key":"Explosive Potion"},{"floor":7,"key":"GamblersBrew"},{"floor":16,"key":"Ancient Potion"},{"floor":20,"key":"Fire Potion"},{"floor":27,"key":"Fruit Juice"}],"is_trial":false,"path_per_floor":["M","M","?","?","M","R","E","R","T","R","M","M","R","$","R","B",null,"M","?","M","$","?","R","?","$","T","M","$","M","?","M","R"],"character_chosen":"THE_SILENT","items_purchased":["Adrenaline"],"campfire_rested":3,"item_purchase_floors":[21],"current_hp_per_floor":[69,69,69,52,48,48,29,50,50,50,50,30,51,51,51,15,70,56,56,46,46,46,46,46,46,46,49,49,38,38,21,37,0],"gold":18,"neow_bonus":"ONE_RARE_RELIC","is_prod":false,"is_daily":false,"chose_seed":false,"campfire_upgraded":4,"win_rate":0,"timestamp":1531243499,"path_taken":["M","M","?","?","M","R","E","R","T","R","?","M","R","?","R","BOSS","M","?","M","$","?","R","?","$","T","M","?","M","?","M","R","BOSS"],"build_version":"2018-07-05","purchased_purges":2,"victory":false,"max_hp_per_floor":[70,70,70,70,70,70,70,70,70,70,70,70,70,70,70,70,70,70,70,70,70,49,49,49,49,49,49,49,54,54,54,54,54],"card_choices":[{"not_picked":["Bane","Riddle With Holes","Deadly Poison"],"picked":"SKIP","floor":1},{"not_picked":["Dagger Throw","Deflect"],"picked":"Quick Slash","floor":2},{"not_picked":["PiercingWail","Endless Agony","Malaise"],"picked":"SKIP","floor":5},{"not_picked":["Masterful Stab","Underhanded Strike"],"picked":"Quick Slash","floor":7},{"not_picked":["Caltrops","Dagger Spray","Sucker Punch"],"picked":"SKIP","floor":11},{"not_picked":["Sucker Punch","Poisoned Stab"],"picked":"Footwork","floor":12},{"not_picked":["Envenom","Phantasmal Killer"],"picked":"A Thousand Cuts","floor":16},{"not_picked":["Leg Sweep","Distraction+1","Eviscerate+1"],"picked":"SKIP","floor":18},{"not_picked":["Dash+1","Bane"],"picked":"Backflip","floor":20},{"not_picked":["Slice+1","Calculated Gamble","Outmaneuver"],"picked":"SKIP","floor":27},{"not_picked":["Deflect","Dodge and Roll","PiercingWail"],"picked":"SKIP","floor":29},{"not_picked":["Setup+1","Quick Slash"],"picked":"Acrobatics","floor":31}],"player_experience":185823,"relics_obtained":[{"floor":7,"key":"Ancient Tea Set"},{"floor":9,"key":"Shuriken"},{"floor":26,"key":"Girya"}],"event_choices":[{"event_name":"Wheel of Change","player_choice":"Gold","floor":3,"damage_taken":0},{"event_name":"Golden Idol","player_choice":"Take Damage","floor":4,"damage_taken":0},{"event_name":"FaceTrader","player_choice":"Trade","floor":19,"damage_taken":0},{"event_name":"Vampires","player_choice":"Became a vampire","floor":22,"damage_taken":0},{"event_name":"The Library","player_choice":"Read","floor":24,"damage_taken":0},{"event_name":"Masked Bandits","player_choice":"Paid Bandits 82 gold","floor":30,"damage_taken":0}],"boss_relics":[{"not_picked":["Runic Dome","Philosopher\u0027s Stone"],"picked":"Cursed Key"}],"items_purged_floors":[14,21],"is_endless":false,"potions_floor_spawned":[5,7,16,20,27],"killed_by":"Champ","ascension_level":0}