{"gold_per_floor":[217,228,58,70,70,103,114,114,163,163,178,208,222,238,238,341,341,357,372,391,408,157,172,17,36,36,66,66,66,78,78,78,180,180,200,200,200,200,200,231,26,26,26,26,60,60,73,25,25,25],"floor_reached":51,"playtime":6098,"items_purged":[],"score":712,"play_id":"2bb4c372-e058-4b1d-b221-d0b2bd0a2e91","local_time":"20190319002455","is_ascension_mode":false,"campfire_choices":[{"data":"Neutralize","floor":8,"key":"SMITH"},{"data":"Caltrops","floor":10,"key":"SMITH"},{"floor":15,"key":"REST"},{"floor":29,"key":"REST"},{"data":"Noxious Fumes","floor":32,"key":"SMITH"},{"floor":44,"key":"REST"},{"floor":46,"key":"REST"},{"data":"After Image","floor":49,"key":"SMITH"}],"neow_cost":"NONE","seed_source_timestamp":467960008618714,"circlet_count":0,"master_deck":["Defend_G","Defend_G","Defend_G","Defend_G","Defend_G","Strike_G","Strike_G","Strike_G","Strike_G","Survivor","Neutralize+1","Cloak And Dagger","Noxious Fumes+1","PiercingWail","Caltrops+1","Terror","Backflip","Dodge and Roll","Sucker Punch","Skewer","Cloak And Dagger","Malaise","Backflip","Malaise","Deflect","After Image+1","Blade Dance+1","Caltrops+1","Backflip+1"],"relics":["Ring of the Snake","Pear","Centennial Puzzle","Regal Pillow","Busted Crown","Ninja Scroll","Oddly Smooth Stone","Matryoshka","Lantern","Cursed Key","Bag of Preparation","DollysMirror","Mercury Hourglass"],"potions_floor_usage":[6,7,11,12,21,27,33,33,33,45,50],"damage_taken":[{"damage":0,"enemies":"Cultist","floor":1,"turns":4},{"damage":0,"enemies":"Jaw Worm","floor":2,"turns":4},{"damage":1,"enemies":"2 Louse","floor":4,"turns":3},{"damage":16,"enemies":"Lagavulin","floor":6,"turns":10},{"damage":7,"enemies":"Exordium Thugs","floor":7,"turns":5},{"damage":0,"enemies":"Large Slime","floor":11,"turns":6},{"damage":18,"enemies":"Gremlin Nob","floor":12,"turns":4},{"damage":3,"enemies":"Blue Slaver","floor":13,"turns":4},{"damage":0,"enemies":"Looter","floor":14,"turns":4},{"damage":59,"enemies":"Slime Boss","floor":16,"turns":14},{"damage":7,"enemies":"Spheric Guardian","floor":18,"turns":7},{"damage":10,"enemies":"Shell Parasite","floor":19,"turns":6},{"damage":7,"enemies":"Centurion and Healer","floor":20,"turns":9},{"damage":2,"enemies":"Shelled Parasite and Fungi","floor":21,"turns":8},{"damage":11,"enemies":"3 Cultists","floor":23,"turns":6},{"damage":3,"enemies":"Snecko","floor":25,"turns":5},{"damage":18,"enemies":"Gremlin Leader","floor":27,"turns":9},{"damage":15,"enemies":"Shelled Parasite and Fungi","floor":30,"turns":5},{"damage":23,"enemies":"Collector","floor":33,"turns":12},{"damage":16,"enemies":"3 Darklings","floor":35,"turns":8},{"damage":43,"enemies":"Giant Head","floor":40,"turns":14},{"damage":26,"enemies":"Reptomancer","floor":45,"turns":8},{"damage":0,"enemies":"Orb Walker","floor":47,"turns":4},{"damage":24,"enemies":"Time Eater","floor":50,"turns":18}],"seed_played":"-4574427393343508713","potions_obtained":[{"floor":6,"key":"Energy Potion"},{"floor":7,"key":"Explosive Potion"},{"floor":11,"key":"PowerPotion"},{"floor":14,"key":"Regen Potion"},{"floor":16,"key":"Strength Potion"},{"floor":19,"key":"GamblersBrew"},{"floor":20,"key":"LiquidBronze"},{"floor":23,"key":"SpeedPotion"},{"floor":30,"key":"EssenceOfSteel"},{"floor":40,"key":"Block Potion"},{"floor":45,"key":"Fire Potion"},{"floor":47,"key":"Fruit Juice"}],"is_trial":false,"path_per_floor":["?","?","M","?","?","?","T","$","$","M"],"character_chosen":"THE_SILENT","items_purchased":["Noxious Fumes","LiquidBronze","PiercingWail","Ninja Scroll","Oddly Smooth Stone","DollysMirror","PowerPotion"],"campfire_rested":4,"item_purchase_floors":[3,3,3,22,24,41,48],"current_hp_per_floor":[70,70,70,69,69,63,56,56,56,56,56,38,35,35,74,15,80,73,63,56,69,69,58,58,55,55,37,37,76,61,61,61,38,80,64,64,64,64,64,21,21,21,21,60,34,73,73,73,73,54],"gold":25,"neow_bonus":"HUNDRED_GOLD","is_prod":false,"is_daily":false,"chose_seed":false,"campfire_upgraded":4,"win_rate":0,"timestamp":1552965895,"path_taken":["M","M","$","M","?","E","M","R","T","R","M","E","M","M","R","BOSS","M","M","M","M","$","M","$","M","T","E","?","R","?","?","R","BOSS","M","?","?","?","?","E","?","$","T","R","E","R","?","$","R","BOSS"],"build_version":"2019-01-23","purchased_purges":0,"victory":true,"max_hp_per_floor":[70,70,70,70,70,80,80,80,80,80,80,80,80,80,80,80,80,80,80,80,80,80,80,80,80,80,80,80,80,80,80,80,80,80,80,80,80,80,80,80,80,80,80,80,80,80,80,80,80,85],"card_choices":[{"not_picked":["Blade Dance","Prepared"],"picked":"Cloak And Dagger","floor":1},{"not_picked":["Quick Slash","Deadly Poison","Blade Dance"],"picked":"SKIP","floor":2},{"not_picked":["Blade Dance","Poisoned Stab"],"picked":"Caltrops","floor":4},{"not_picked":["Venomology","Choke"],"picked":"Terror","floor":6},{"not_picked":["Terror","Slice"],"picked":"Backflip","floor":7},{"not_picked":["Deadly Poison","Acrobatics"],"picked":"Dodge and Roll","floor":11},{"not_picked":["Escape Plan","Outmaneuver"],"picked":"Sucker Punch","floor":12},{"not_picked":["Bane","Acrobatics"],"picked":"Skewer","floor":13},{"not_picked":["Dagger Throw","Wraith Form v2"],"picked":"Cloak And Dagger","floor":14},{"not_picked":["Wraith Form v2","Storm of Steel"],"picked":"Malaise","floor":16},{"not_picked":["All Out Attack"],"picked":"SKIP","floor":18},{"not_picked":["Underhanded Strike+1"],"picked":"SKIP","floor":19},{"not_picked":["Deflect"],"picked":"SKIP","floor":20},{"not_picked":["Outmaneuver"],"picked":"SKIP","floor":21},{"not_picked":["Concentrate"],"picked":"SKIP","floor":23},{"not_picked":["Dagger Spray"],"picked":"SKIP","floor":25},{"not_picked":[],"picked":"Backflip","floor":27},{"not_picked":["Concentrate"],"picked":"SKIP","floor":30},{"not_picked":[],"picked":"After Image","floor":33},{"not_picked":["Dagger Throw+1"],"picked":"SKIP","floor":35},{"not_picked":[],"picked":"Blade Dance+1","floor":40},{"not_picked":[],"picked":"Backflip+1","floor":45},{"not_picked":["Bullet Time"],"picked":"SKIP","floor":47}],"player_experience":357641,"relics_obtained":[{"floor":6,"key":"Pear"},{"floor":9,"key":"Centennial Puzzle"},{"floor":12,"key":"Regal Pillow"},{"floor":26,"key":"Matryoshka"},{"floor":27,"key":"Lantern"},{"floor":40,"key":"Bag of Preparation"},{"floor":45,"key":"Mercury Hourglass"}],"event_choices":[{"damage_healed":0,"gold_gain":0,"player_choice":"Ignored","damage_taken":0,"max_hp_gain":0,"max_hp_loss":0,"event_name":"Shining Light","floor":5,"gold_loss":0},{"damage_healed":0,"gold_gain":0,"player_choice":"Copied","damage_taken":0,"max_hp_gain":0,"max_hp_loss":0,"event_name":"Duplicator","floor":28,"gold_loss":0,"cards_obtained":["Malaise"]},{"damage_healed":0,"gold_gain":0,"cards_transformed":["Strike_G"],"player_choice":"Transformed","damage_taken":0,"max_hp_gain":0,"max_hp_loss":0,"event_name":"Transmorgrifier","floor":31,"gold_loss":0,"cards_obtained":["Deflect"]},{"damage_healed":0,"gold_gain":0,"player_choice":"Ignored","damage_taken":0,"max_hp_gain":0,"max_hp_loss":0,"event_name":"Mysterious Sphere","floor":36,"gold_loss":0},{"damage_healed":0,"gold_gain":0,"player_choice":"Ignored","damage_taken":0,"max_hp_gain":0,"max_hp_loss":0,"event_name":"Tomb of Lord Red Mask","floor":37,"gold_loss":0}],"is_beta":false,"boss_relics":[{"not_picked":["Pandora\u0027s Box","Black Star"],"picked":"Busted Crown"},{"not_picked":["White Beast Statue","Tiny House"],"picked":"Cursed Key"}],"items_purged_floors":[],"is_endless":false,"potions_floor_spawned":[6,7,11,14,16,19,20,23,25,30,40,45,47],"ascension_level":0}