{"gold_per_floor":[109,42,59,74,5,5,34,51,51,51,62,62,62,82,82,82],"floor_reached":16,"playtime":1405,"items_purged":[],"score":102,"play_id":"10124c19-703a-4125-b510-f1c712953302","local_time":"20190329121310","is_ascension_mode":false,"campfire_choices":[{"data":"Calculated Gamble","floor":6,"key":"SMITH"},{"floor":12,"key":"REST"},{"data":"Well Laid Plans","floor":15,"key":"SMITH"}],"neow_cost":"NONE","seed_source_timestamp":298414509761549,"circlet_count":0,"master_deck":["Defend_G","Defend_G","Defend_G","Defend_G","Defend_G","Strike_G","Strike_G","Strike_G","Strike_G","Survivor","Neutralize+1","Well Laid Plans+1","Calculated Gamble+1","Leg Sweep","Dagger Spray","Noxious Fumes","A Thousand Cuts","Flying Knee","Corpse Explosion"],"relics":["Ring of the Snake","Ancient Tea Set","Strawberry","CultistMask"],"potions_floor_usage":[7,16,16,16],"damage_taken":[{"damage":1,"enemies":"Cultist","floor":1,"turns":5},{"damage":0,"enemies":"Small Slimes","floor":3,"turns":5},{"damage":0,"enemies":"Jaw Worm","floor":4,"turns":5},{"damage":22,"enemies":"Gremlin Nob","floor":7,"turns":5},{"damage":23,"enemies":"Gremlin Gang","floor":8,"turns":4},{"damage":6,"enemies":"Large Slime","floor":11,"turns":7},{"damage":8,"enemies":"Exordium Wildlife","floor":14,"turns":4},{"damage":34,"enemies":"Slime Boss","floor":16,"turns":12}],"seed_played":"4567498889054147565","potions_obtained":[{"floor":3,"key":"PowerPotion"},{"floor":8,"key":"Dexterity Potion"},{"floor":11,"key":"EssenceOfSteel"},{"floor":14,"key":"SpeedPotion"}],"is_trial":false,"path_per_floor":["M","?","?"],"character_chosen":"THE_SILENT","items_purchased":["Calculated Gamble","Noxious Fumes"],"campfire_rested":1,"item_purchase_floors":[2,5],"current_hp_per_floor":[69,69,69,69,69,69,47,24,31,24,18,41,41,33,33,0],"gold":82,"neow_bonus":"UPGRADE_CARD","is_prod":false,"is_daily":false,"chose_seed":false,"campfire_upgraded":2,"win_rate":0,"timestamp":1553872390,"path_taken":["M","$","?","M","$","R","E","M","T","?","M","R","?","M","R","BOSS"],"build_version":"2019-01-23","purchased_purges":0,"victory":false,"max_hp_per_floor":[70,70,70,70,70,70,70,70,77,77,77,77,77,77,77,77],"card_choices":[{"not_picked":["PiercingWail","Riddle With Holes"],"picked":"Well Laid Plans","floor":1},{"not_picked":["Quick Slash","Prepared"],"picked":"Leg Sweep","floor":3},{"not_picked":["Underhanded Strike","Leg Sweep"],"picked":"Dagger Spray","floor":4},{"not_picked":["Bouncing Flask","Accuracy"],"picked":"A Thousand Cuts","floor":7},{"not_picked":["Outmaneuver","Acrobatics","Masterful Stab"],"picked":"SKIP","floor":8},{"not_picked":["Quick Slash","Skewer"],"picked":"Flying Knee","floor":11},{"not_picked":["Deadly Poison","Quick Slash"],"picked":"Corpse Explosion","floor":14}],"player_experience":497003,"relics_obtained":[{"floor":7,"key":"Ancient Tea Set"},{"floor":9,"key":"Strawberry"}],"event_choices":[{"cards_removed":["Strike_G"],"damage_healed":0,"gold_gain":0,"player_choice":"Card Removal","damage_taken":7,"max_hp_gain":0,"max_hp_loss":0,"event_name":"Golden Wing","floor":10,"gold_loss":0},{"damage_healed":0,"gold_gain":0,"player_choice":"Trade","damage_taken":0,"relics_obtained":["CultistMask"],"max_hp_gain":0,"max_hp_loss":0,"event_name":"FaceTrader","floor":13,"gold_loss":0}],"is_beta":false,"boss_relics":[],"items_purged_floors":[],"is_endless":false,"potions_floor_spawned":[3,8,11,14],"killed_by":"Slime Boss","ascension_level":0}