{"gold_per_floor":[199,215,93,105,180,180,42,96,123,140,140,150,150,166,166,166],"floor_reached":16,"playtime":746,"items_purged":["Defend_R","Defend_R"],"score":92,"play_id":"983763d4-2e18-43be-999e-e3b1168aa5f4","local_time":"20180725134846","is_ascension_mode":false,"campfire_choices":[{"data":"Armaments","floor":6,"key":"SMITH"},{"data":"Whirlwind","floor":11,"key":"SMITH"},{"data":"Bash","floor":13,"key":"SMITH"},{"data":"Cleave","floor":15,"key":"SMITH"}],"neow_cost":"NONE","seed_source_timestamp":1230013272985948,"circlet_count":0,"master_deck":["Strike_R","Strike_R","Strike_R","Strike_R","Strike_R","Defend_R","Defend_R","Bash+1","Armaments+1","Whirlwind+1","Cleave+1"],"relics":["Burning Blood","Potion Belt","Orichalcum"],"potions_floor_usage":[10,16],"damage_taken":[{"damage":6,"enemies":"Jaw Worm","floor":1,"turns":3},{"damage":0,"enemies":"Small Slimes","floor":2,"turns":3},{"damage":10,"enemies":"Cultist","floor":4,"turns":4},{"damage":5,"enemies":"Gremlin Gang","floor":10,"turns":3},{"damage":7,"enemies":"2 Fungi Beasts","floor":12,"turns":2},{"damage":7,"enemies":"Exordium Wildlife","floor":14,"turns":3},{"damage":64,"enemies":"Hexaghost","floor":16,"turns":9}],"seed_played":"-6288450473326079807","potions_obtained":[{"floor":4,"key":"Energy Potion"},{"floor":10,"key":"EssenceOfSteel"}],"is_trial":false,"path_per_floor":["M","M","$","M","?","R","$","T","T","M","R","M","R","M","R"],"character_chosen":"IRONCLAD","items_purchased":["Armaments","Whirlwind"],"campfire_rested":0,"item_purchase_floors":[3,7],"current_hp_per_floor":[80,80,80,76,65,65,65,65,65,66,66,65,65,64,64,0],"gold":166,"neow_bonus":"HUNDRED_GOLD","is_prod":false,"is_daily":false,"chose_seed":false,"campfire_upgraded":4,"win_rate":0,"timestamp":1532540926,"path_taken":["M","M","$","M","?","R","$","?","T","M","R","M","R","M","R","BOSS"],"build_version":"2018-07-19v2","purchased_purges":2,"victory":false,"max_hp_per_floor":[80,80,80,80,80,80,80,80,80,80,80,80,80,80,80,80],"card_choices":[{"not_picked":["Sword Boomerang","Flex","Anger"],"picked":"SKIP","floor":1},{"not_picked":["Reckless Charge","Cleave","Anger"],"picked":"SKIP","floor":2},{"not_picked":["Feel No Pain","Uppercut","Clash"],"picked":"SKIP","floor":4},{"not_picked":["Dual Wield","Perfected Strike","Evolve"],"picked":"SKIP","floor":10},{"not_picked":["Rupture","True Grit","Havoc"],"picked":"SKIP","floor":12},{"not_picked":["Iron Wave","Armaments"],"picked":"Cleave","floor":14}],"player_experience":276056,"relics_obtained":[{"floor":8,"key":"Potion Belt"},{"floor":9,"key":"Orichalcum"}],"event_choices":[{"event_name":"World of Goop","player_choice":"Gather Gold","floor":5,"damage_taken":0}],"is_beta":false,"boss_relics":[],"items_purged_floors":[3,7],"is_endless":false,"potions_floor_spawned":[4,10],"killed_by":"Hexaghost","ascension_level":0}