{"gold_per_floor":[362,378,378,378,392,392,402,402,479,282,282,282,302,55,55,150,150,163,163,175,250,264,264,139,139,139,114,124,144,144],"floor_reached":30,"playtime":858,"items_purged":["Strike_R","Parasite","Strike_R"],"score":220,"play_id":"70007044-a376-4580-bd99-c4ad2df7be85","local_time":"20180722105700","is_ascension_mode":false,"campfire_choices":[{"data":"Body Slam","floor":6,"key":"SMITH"},{"data":"Inflame","floor":8,"key":"SMITH"},{"data":"Battle Trance","floor":12,"key":"SMITH"},{"data":"Bludgeon","floor":15,"key":"SMITH"},{"data":"Body Slam","floor":23,"key":"SMITH"},{"data":"Offering","floor":25,"key":"SMITH"}],"neow_cost":"CURSE","seed_source_timestamp":960389537363421,"circlet_count":0,"master_deck":["Strike_R","Strike_R","Strike_R","Defend_R","Defend_R","Defend_R+1","Defend_R+1","Bash","Inflame+1","Body Slam+1","Battle Trance+1","Battle Trance","Bludgeon+1","Offering+1","Carnage+1","Body Slam+1","Iron Wave","Flex+1"],"relics":["Burning Blood","Dodecahedron","Sozu","Orichalcum","Bottled Flame"],"potions_floor_usage":[7,22,30],"damage_taken":[{"damage":5,"enemies":"Cultist","floor":1,"turns":4},{"damage":2,"enemies":"2 Louse","floor":2,"turns":3},{"damage":3,"enemies":"Jaw Worm","floor":5,"turns":4},{"damage":5,"enemies":"Exordium Wildlife","floor":7,"turns":5},{"damage":0,"enemies":"Large Slime","floor":13,"turns":4},{"damage":25,"enemies":"The Guardian","floor":16,"turns":7},{"damage":36,"enemies":"3 Byrds","floor":18,"turns":5},{"damage":5,"enemies":"Shell Parasite","floor":20,"turns":2},{"damage":7,"enemies":"Cultist and Chosen","floor":22,"turns":3},{"damage":13,"enemies":"Snake Plant","floor":28,"turns":2},{"damage":11,"enemies":"Slaver and Parasite","floor":29,"turns":5},{"damage":31,"enemies":"Slavers","floor":30,"turns":2}],"seed_played":"-8937847934589712489","potions_obtained":[{"floor":5,"key":"Explosive Potion"},{"floor":13,"key":"Dexterity Potion"}],"is_trial":false,"path_per_floor":["M","M","?","?","M","R","M","R","T","$","?","R","M","$","R","B",null,"M","?","M","?","M","R","$","R","T","$","M","M"],"character_chosen":"IRONCLAD","items_purchased":["Battle Trance","Energy Potion","Bludgeon","Iron Wave"],"campfire_rested":0,"item_purchase_floors":[10,10,14,27],"current_hp_per_floor":[80,80,64,64,67,67,68,68,68,68,80,80,80,77,77,58,77,47,47,48,41,40,40,40,40,40,40,33,28,0],"gold":144,"neow_bonus":"TWO_FIFTY_GOLD","is_prod":false,"is_daily":false,"chose_seed":false,"campfire_upgraded":6,"win_rate":0,"timestamp":1532271420,"path_taken":["M","M","?","?","M","R","M","R","T","$","?","R","?","$","R","BOSS","M","?","M","?","M","R","$","R","T","$","M","M","E"],"build_version":"2018-07-19v2","purchased_purges":3,"victory":false,"max_hp_per_floor":[80,80,80,80,80,80,80,80,80,80,80,80,80,77,77,77,77,77,77,77,77,77,77,77,77,77,77,77,77,77],"card_choices":[{"not_picked":["Warcry","True Grit","Uppercut"],"picked":"SKIP","floor":1},{"not_picked":["Intimidate","Perfected Strike"],"picked":"Inflame","floor":2},{"not_picked":["Armaments","Fire Breathing"],"picked":"Body Slam","floor":5},{"not_picked":["Burning Pact","Warcry","Sentinel"],"picked":"SKIP","floor":7},{"not_picked":["Havoc","Sentinel"],"picked":"Battle Trance","floor":13},{"not_picked":["Feed","Limit Break"],"picked":"Offering","floor":16},{"not_picked":["Hemokinesis","Flex","Heavy Blade"],"picked":"SKIP","floor":18},{"not_picked":["Ghostly Armor","Power Through+1"],"picked":"Carnage+1","floor":20},{"not_picked":["Armaments","Headbutt"],"picked":"Body Slam","floor":22},{"not_picked":["Warcry+1","Whirlwind","Thunderclap"],"picked":"SKIP","floor":28},{"not_picked":["Perfected Strike","Anger"],"picked":"Flex+1","floor":29}],"player_experience":271552,"relics_obtained":[{"floor":9,"key":"Dodecahedron"},{"floor":26,"key":"Bottled Flame"}],"event_choices":[{"event_name":"Shining Light","player_choice":"Entered Light","floor":3,"damage_taken":0},{"event_name":"Living Wall","player_choice":"Forget","floor":4,"damage_taken":0},{"event_name":"Mushrooms","player_choice":"Healed and dodged fight","floor":11,"damage_taken":0},{"event_name":"Wheel of Change","player_choice":"Relic","floor":19,"damage_taken":0},{"event_name":"FaceTrader","player_choice":"Touch","floor":21,"damage_taken":0}],"is_beta":false,"boss_relics":[{"not_picked":["Fusion Hammer","White Beast Statue"],"picked":"Sozu"}],"items_purged_floors":[10,14,24],"is_endless":false,"potions_floor_spawned":[5,13,18,20,29],"killed_by":"Slavers","ascension_level":0}