{"gold_per_floor":[113,131,143,143,153,181,256,256,256,256,275,289,316,110,110,214,214,231,231,58,58,70,400,400],"floor_reached":24,"playtime":666,"items_purged":["Defend_R","Defend_R"],"score":226,"play_id":"3567b7c8-f24c-4292-80e0-718940ec96b8","local_time":"20180718114254","is_ascension_mode":false,"campfire_choices":[{"floor":10,"key":"REST"},{"floor":15,"key":"REST"}],"neow_cost":"NONE","seed_source_timestamp":617729148785528,"circlet_count":0,"master_deck":["Strike_R","Strike_R","Strike_R","Strike_R","Strike_R+1","Defend_R","Defend_R","Bash+1","Inflame","Flex","Thunderclap+1","Seeing Red","Inflame","Sword Boomerang","Flex","Spot Weakness","Pommel Strike","Pummel","Decay"],"relics":["Burning Blood","Du-Vu Doll","Unceasing Top","Calipers","Dodecahedron","Sozu","Old Coin"],"potions_floor_usage":[6,12,13,16,16],"damage_taken":[{"damage":1,"enemies":"Cultist","floor":1,"turns":3},{"damage":8,"enemies":"Jaw Worm","floor":2,"turns":3},{"damage":3,"enemies":"Small Slimes","floor":3,"turns":3},{"damage":10,"enemies":"Looter","floor":5,"turns":3},{"damage":18,"enemies":"Gremlin Nob","floor":6,"turns":4},{"damage":22,"enemies":"Exordium Wildlife","floor":11,"turns":4},{"damage":11,"enemies":"Large Slime","floor":12,"turns":3},{"damage":14,"enemies":"3 Sentries","floor":13,"turns":5},{"damage":49,"enemies":"Hexaghost","floor":16,"turns":6},{"damage":20,"enemies":"2 Thieves","floor":18,"turns":4},{"damage":12,"enemies":"Spheric Guardian","floor":22,"turns":3},{"damage":55,"enemies":"Slavers","floor":23,"turns":4},{"damage":12,"enemies":"Centurion and Healer","floor":24,"turns":1}],"seed_played":"4632826445046527518","potions_obtained":[{"floor":2,"key":"Block Potion"},{"floor":6,"key":"Swift Potion"},{"floor":11,"key":"Explosive Potion"},{"floor":13,"key":"Fire Potion"}],"is_trial":false,"path_per_floor":["M","M","M","?","M","E","?","?","T","R","M","M","E","$","R","B",null,"M","?","$","?","M","E"],"character_chosen":"IRONCLAD","items_purchased":["Flex","Spot Weakness","SteroidPotion","Pummel"],"campfire_rested":2,"item_purchase_floors":[14,14,14,20],"current_hp_per_floor":[80,78,80,64,60,48,37,37,37,61,45,40,32,32,56,13,80,66,66,66,66,60,11,0],"gold":400,"neow_bonus":"UPGRADE_CARD","is_prod":false,"is_daily":false,"chose_seed":false,"campfire_upgraded":0,"win_rate":0,"timestamp":1531928574,"path_taken":["M","?","M","?","M","E","?","?","T","R","M","M","E","$","R","BOSS","M","?","$","?","M","E","M"],"build_version":"2018-07-12","purchased_purges":2,"victory":false,"max_hp_per_floor":[80,80,80,80,80,80,80,80,80,80,80,80,80,80,80,80,80,80,80,80,80,80,80,80],"card_choices":[{"not_picked":["Shrug It Off","Blood for Blood"],"picked":"Inflame","floor":1},{"not_picked":["Rage","Burning Pact"],"picked":"Flex","floor":2},{"not_picked":["Second Wind","Armaments"],"picked":"Thunderclap","floor":3},{"not_picked":["True Grit","Clash","Headbutt"],"picked":"SKIP","floor":5},{"not_picked":["Wild Strike","Entrench"],"picked":"Seeing Red","floor":6},{"not_picked":["Sentinel","Sword Boomerang"],"picked":"Inflame","floor":11},{"not_picked":["Burning Pact","Twin Strike"],"picked":"Sword Boomerang","floor":12},{"not_picked":["Headbutt","Anger","Wild Strike"],"picked":"SKIP","floor":13},{"not_picked":["Combust","Perfected Strike"],"picked":"Pommel Strike","floor":18},{"not_picked":["Armaments","Rage","Anger"],"picked":"SKIP","floor":22},{"not_picked":["Body Slam","Thunderclap","Searing Blow"],"picked":"SKIP","floor":23}],"player_experience":259890,"relics_obtained":[{"floor":6,"key":"Du-Vu Doll"},{"floor":9,"key":"Calipers"},{"floor":13,"key":"Dodecahedron"},{"floor":23,"key":"Old Coin"}],"event_choices":[{"event_name":"Shining Light","player_choice":"Entered Light","floor":4,"damage_taken":0},{"event_name":"World of Goop","player_choice":"Gather Gold","floor":7,"damage_taken":0},{"event_name":"Dead Adventurer","player_choice":"Searched \u00271\u0027 times","floor":8,"damage_taken":0},{"event_name":"Vampires","player_choice":"Ignored","floor":19,"damage_taken":0},{"event_name":"Forgotten Altar","player_choice":"Smashed Altar","floor":21,"damage_taken":0}],"boss_relics":[{"not_picked":["Cursed Key","Runic Pyramid"],"picked":"Sozu"}],"items_purged_floors":[14,20],"is_endless":false,"potions_floor_spawned":[2,6,11,13,22],"killed_by":"Centurion and Healer","ascension_level":0}