{"gold_per_floor":[113,188,205,205,205,269,269,299,350,29,29,44,76,95,95,190,190,206,216,233,154,164,164,177,177,177,177,197,226,243,272,272,372,372,382,402,0,0,55,55,85,85,85,85,85,97,112,0,0,0],"floor_reached":50,"playtime":2944,"items_purged":[],"score":811,"play_id":"0c4b7a8c-1906-475f-8f64-66f39a50e566","local_time":"20190329150752","is_ascension_mode":true,"campfire_choices":[{"data":"Noxious Fumes","floor":7.0,"key":"SMITH"},{"floor":15.0,"key":"REST"},{"data":"Footwork","floor":23.0,"key":"SMITH"},{"data":"Crippling Poison","floor":25.0,"key":"SMITH"},{"data":"Well Laid Plans","floor":32.0,"key":"SMITH"},{"floor":40.0,"key":"REST"},{"data":"Infinite Blades","floor":44,"key":"SMITH"},{"floor":49,"key":"RECALL"}],"neow_cost":"NONE","seed_source_timestamp":8264341087975258,"circlet_count":0,"master_deck":["Defend_G+1","Defend_G+1","Defend_G+1","Defend_G+1","Defend_G+1","Strike_G+1","Strike_G+1","Strike_G+1","Strike_G+1","Strike_G+1","Survivor","Neutralize+1","Dagger Throw","Noxious Fumes+1","Well Laid Plans+1","Footwork+1","Backstab","Infinite Blades+1","Dodge and Roll","Malaise","Leg Sweep+1","Dagger Spray","Catalyst+1","Crippling Poison+1","Caltrops+1","PiercingWail","Poisoned Stab+1","Catalyst","Noxious Fumes+1","A Thousand Cuts+1","Writhe","Injury","Shame","Cloak And Dagger","Backflip","Corpse Explosion","Caltrops+1","Catalyst"],"special_seed":0,"relics":["Ring of the Snake","NeowsBlessing","Oddly Smooth Stone","Tiny Chest","Boot","Pen Nib","Centennial Puzzle","Gremlin Horn","FossilizedHelix","Philosopher\u0027s Stone","Frozen Egg 2","Smiling Mask","Juzu Bracelet","Calling Bell","Blood Vial","Ninja Scroll","Tough Bandages","Red Mask","Torii","Orichalcum","Sundial"],"potions_floor_usage":[],"damage_taken":[{"damage":0.0,"enemies":"2 Louse","floor":1.0,"turns":1.0},{"damage":0.0,"enemies":"Jaw Worm","floor":3.0,"turns":1.0},{"damage":0.0,"enemies":"3 Sentries","floor":6.0,"turns":1.0},{"damage":28.0,"enemies":"Gremlin Nob","floor":8.0,"turns":4.0},{"damage":4.0,"enemies":"Small Slimes","floor":12.0,"turns":3.0},{"damage":11.0,"enemies":"3 Sentries","floor":13.0,"turns":5.0},{"damage":0.0,"enemies":"Blue Slaver","floor":14.0,"turns":1.0},{"damage":10.0,"enemies":"Slime Boss","floor":16.0,"turns":10.0},{"damage":0.0,"enemies":"Chosen","floor":18.0,"turns":6.0},{"damage":0.0,"enemies":"Spheric Guardian","floor":19.0,"turns":5.0},{"damage":0.0,"enemies":"Shelled Parasite and Fungi","floor":20.0,"turns":10.0},{"damage":0.0,"enemies":"3 Cultists","floor":22.0,"turns":6.0},{"damage":3.0,"enemies":"Centurion and Healer","floor":24.0,"turns":7.0},{"damage":12.0,"enemies":"Shelled Parasite and Fungi","floor":28.0,"turns":6.0},{"damage":0.0,"enemies":"Gremlin Leader","floor":29.0,"turns":6.0},{"damage":0.0,"enemies":"Snake Plant","floor":30.0,"turns":4.0},{"damage":0.0,"enemies":"Slavers","floor":31.0,"turns":4.0},{"damage":31.0,"enemies":"Collector","floor":33.0,"turns":8.0},{"damage":0.0,"enemies":"Orb Walker","floor":35.0,"turns":4.0},{"damage":12.0,"enemies":"3 Darklings","floor":36.0,"turns":4.0},{"damage":42.0,"enemies":"2 Orb Walkers","floor":39.0,"turns":6.0},{"damage":0.0,"enemies":"Nemesis","floor":41.0,"turns":7.0},{"damage":19,"enemies":"Jaw Worm Horde","floor":46,"turns":4},{"damage":8,"enemies":"Maw","floor":47,"turns":8},{"damage":35,"enemies":"Donu and Deca","floor":50,"turns":3}],"seed_played":"-3141527418041336640","potions_obtained":[{"floor":3.0,"key":"PowerPotion"},{"floor":6.0,"key":"SteroidPotion"},{"floor":13.0,"key":"Strength Potion"},{"floor":16.0,"key":"Explosive Potion"},{"floor":24.0,"key":"Fire Potion"},{"floor":28.0,"key":"Energy Potion"},{"floor":36.0,"key":"EssenceOfSteel"},{"floor":39.0,"key":"Regen Potion"}],"is_trial":false,"path_per_floor":["M","?","M","?","?","E","R","E","T","$","T","M","E","M","R","B",null,"M","M","M","$","M","R","M","R","T","?","M","E","M","E","R","B",null,"M","M","?","$","?","R","E","?","T","R","T","M","M","$","R","B"],"character_chosen":"THE_SILENT","items_purchased":["Footwork","Centennial Puzzle","SteroidPotion","Poison Potion","Crippling Poison","Caltrops+1","Catalyst"],"campfire_rested":2,"item_purchase_floors":[10,10,10,10,21,48,48],"current_hp_per_floor":[70,59,59,59,56,56,56,28,28,28,28,24,13,13,34,24,70,70,70,70,70,70,70,67,67,67,67,55,55,55,55,55,24,70,70,58,58,58,18,39,56,56,56,56,56,39,33,33,33,0],"gold":0,"neow_bonus":"THREE_ENEMY_KILL","is_prod":false,"is_daily":false,"chose_seed":false,"campfire_upgraded":5,"win_rate":0,"timestamp":1553886472,"path_taken":["M","?","M","?","?","E","R","E","T","$","?","M","E","M","R","BOSS","M","M","M","$","?","R","M","R","T","?","M","E","M","E","R","BOSS","M","M","?","$","?","R","E","?","T","R","?","M","M","$","R","BOSS"],"build_version":"2019-01-23","purchased_purges":0,"victory":false,"max_hp_per_floor":[70,70,70,70,70,70,70,70,70,70,70,70,70,70,70,70,70,70,70,70,70,70,70,70,70,70,70,70,70,70,70,70,70,70,70,70,70,70,70,70,70,70,70,70,70,70,70,70,70,70],"card_choices":[{"not_picked":["Underhanded Strike","Terror"],"picked":"Dagger Throw","floor":1.0},{"not_picked":["Accuracy","Skewer"],"picked":"Noxious Fumes","floor":3.0},{"not_picked":["Prepared","Acrobatics"],"picked":"Well Laid Plans","floor":6.0},{"not_picked":["Blade Dance","Dagger Throw","Tactician"],"picked":"SKIP","floor":8.0},{"not_picked":["Bullet Time","Prepared"],"picked":"Backstab","floor":12.0},{"not_picked":["Flying Knee","Bane"],"picked":"Infinite Blades","floor":13.0},{"not_picked":["Crippling Poison","Underhanded Strike"],"picked":"Dodge and Roll","floor":14.0},{"not_picked":["Bullet Time","Tools of the Trade"],"picked":"Malaise","floor":16.0},{"not_picked":["Masterful Stab","Accuracy"],"picked":"Leg Sweep+1","floor":18.0},{"not_picked":["Deflect","Riddle With Holes"],"picked":"Dagger Spray","floor":19.0},{"not_picked":["Deflect","Bane"],"picked":"Catalyst+1","floor":20.0},{"not_picked":["Predator","Quick Slash"],"picked":"Caltrops+1","floor":22.0},{"not_picked":["Blur","Escape Plan"],"picked":"PiercingWail","floor":24.0},{"not_picked":["Dodge and Roll","All Out Attack"],"picked":"Poisoned Stab+1","floor":28.0},{"not_picked":["Blur","Bane"],"picked":"Catalyst","floor":29.0},{"not_picked":["Skewer","Dagger Throw"],"picked":"Noxious Fumes+1","floor":30.0},{"not_picked":["Acrobatics","Terror","Dagger Throw"],"picked":"SKIP","floor":31.0},{"not_picked":["Tools of the Trade+1","Night Terror"],"picked":"A Thousand Cuts+1","floor":33.0},{"not_picked":["Bouncing Flask+1","Choke+1","Bane"],"picked":"SKIP","floor":35.0},{"not_picked":["Slice+1","Poisoned Stab","Bane+1"],"picked":"SKIP","floor":36.0},{"not_picked":["Deflect","Escape Plan"],"picked":"Cloak And Dagger","floor":39.0},{"not_picked":["Deadly Poison+1","Dash+1"],"picked":"Backflip","floor":41.0},{"not_picked":["Crippling Poison","Blur+1"],"picked":"Corpse Explosion","floor":46},{"not_picked":["Bane","Accuracy+1","Slice+1"],"picked":"SKIP","floor":47}],"player_experience":616872,"relics_obtained":[{"floor":6.0,"key":"Tiny Chest"},{"floor":8.0,"key":"Boot"},{"floor":9.0,"key":"Pen Nib"},{"floor":11.0,"key":"Gremlin Horn"},{"floor":13.0,"key":"FossilizedHelix"},{"floor":26.0,"key":"Frozen Egg 2"},{"floor":29.0,"key":"Smiling Mask"},{"floor":31.0,"key":"Juzu Bracelet"},{"floor":34.0,"key":"Blood Vial"},{"floor":34.0,"key":"Ninja Scroll"},{"floor":34.0,"key":"Tough Bandages"},{"floor":39.0,"key":"Torii"},{"floor":41.0,"key":"Orichalcum"},{"floor":43.0,"key":"Sundial"}],"event_choices":[{"damage_healed":0.0,"max_hp_gain":0.0,"max_hp_loss":0.0,"gold_gain":75.0,"event_name":"World of Goop","player_choice":"Gather Gold","floor":2.0,"gold_loss":0.0,"damage_taken":11.0},{"damage_healed":0.0,"max_hp_gain":0.0,"max_hp_loss":0.0,"gold_gain":0.0,"event_name":"Living Wall","player_choice":"Grow","floor":4.0,"gold_loss":0.0,"damage_taken":0.0,"cards_upgraded":["Neutralize"]},{"damage_healed":0.0,"max_hp_gain":0.0,"max_hp_loss":0.0,"gold_gain":0.0,"event_name":"Scrap Ooze","player_choice":"Success","floor":5.0,"gold_loss":0.0,"damage_taken":3.0,"relics_obtained":["Oddly Smooth Stone"]},{"damage_healed":0.0,"max_hp_gain":0.0,"max_hp_loss":0.0,"gold_gain":0.0,"event_name":"Back to Basics","player_choice":"Simplicity","floor":27.0,"gold_loss":0.0,"damage_taken":0.0,"cards_upgraded":["Defend_G","Defend_G","Defend_G","Defend_G","Defend_G","Strike_G","Strike_G","Strike_G","Strike_G","Strike_G"]},{"damage_healed":0.0,"max_hp_gain":0.0,"max_hp_loss":0.0,"gold_gain":0.0,"event_name":"Tomb of Lord Red Mask","player_choice":"Paid","floor":37.0,"gold_loss":402.0,"damage_taken":0.0,"relics_obtained":["Red Mask"]},{"damage_healed":0.0,"max_hp_gain":0.0,"max_hp_loss":0.0,"gold_gain":0.0,"event_name":"Mysterious Sphere","player_choice":"Fight","floor":39.0,"gold_loss":0.0,"damage_taken":0.0},{"damage_healed":0.0,"max_hp_gain":0.0,"max_hp_loss":0.0,"gold_gain":0.0,"event_name":"SensoryStone","player_choice":"Memory 1","floor":42.0,"gold_loss":0.0,"damage_taken":0.0}],"is_beta":false,"boss_relics":[{"not_picked":["Black Star","Cursed Key"],"picked":"Philosopher\u0027s Stone"},{"not_picked":["Astrolabe","Runic Pyramid"],"picked":"Calling Bell"}],"items_purged_floors":[],"is_endless":false,"potions_floor_spawned":[3,6,13,16,24,28,29,36,39],"killed_by":"Donu and Deca","ascension_level":4}