{"gold_per_floor":[19,19,37,37,48,79,97,117,141,155,155,168,168,188,188,293,293,306,231,231,242,255,255,133,145,219,232,232,245,245,257,257,358,358,358],"floor_reached":35,"playtime":1418,"items_purged":["Defend_B"],"score":390,"play_id":"c840150c-a235-4424-a884-63ff2ec4c441","local_time":"20180802104205","is_ascension_mode":false,"campfire_choices":[{"floor":13,"key":"REST"},{"data":"Gash","floor":15,"key":"SMITH"},{"data":"FTL","floor":23,"key":"SMITH"},{"floor":30,"key":"REST"},{"data":"Gash","floor":32,"key":"SMITH"}],"neow_cost":"NO_GOLD","seed_source_timestamp":1909353769719018,"circlet_count":0,"master_deck":["Defend_B","Defend_B","Zap","Dualcast","Beam Cell","Gash+1","Hologram","FTL+1","Skim","Seek","Coolheaded+1","Bite","Bite","Bite","Bite","Bite","Beam Cell+1","Gash+1","Regret","All For One"],"relics":["Cracked Core","Thread and Needle","Happy Flower","Dream Catcher","Letter Opener","Cursed Key","Pantograph","Runic Pyramid"],"potions_floor_usage":[6,7,14,16,16,33,33,33],"damage_taken":[{"damage":1,"enemies":"Cultist","floor":1,"turns":3},{"damage":0,"enemies":"Small Slimes","floor":3,"turns":2},{"damage":1,"enemies":"Jaw Worm","floor":5,"turns":2},{"damage":12,"enemies":"Lagavulin","floor":6,"turns":5},{"damage":5,"enemies":"Lots of Slimes","floor":7,"turns":4},{"damage":8,"enemies":"Red Slaver","floor":8,"turns":4},{"damage":4,"enemies":"Exordium Wildlife","floor":10,"turns":3},{"damage":14,"enemies":"Exordium Thugs","floor":12,"turns":4},{"damage":4,"enemies":"2 Fungi Beasts","floor":14,"turns":3},{"damage":33,"enemies":"Hexaghost","floor":16,"turns":9},{"damage":21,"enemies":"2 Thieves","floor":18,"turns":4},{"damage":5,"enemies":"Shell Parasite","floor":21,"turns":3},{"damage":0,"enemies":"Snecko","floor":22,"turns":4},{"damage":25,"enemies":"Slaver and Parasite","floor":25,"turns":4},{"damage":8,"enemies":"Centurion and Healer","floor":27,"turns":4},{"damage":27,"enemies":"Snake Plant","floor":29,"turns":4},{"damage":3,"enemies":"Snecko","floor":31,"turns":3},{"damage":58,"enemies":"Automaton","floor":33,"turns":9},{"damage":56,"enemies":"Flame Bruiser 1 Orb","floor":35,"turns":2}],"seed_played":"7852269029319390621","potions_obtained":[{"floor":1,"key":"Energy Potion"},{"floor":5,"key":"PowerPotion"},{"floor":6,"key":"LiquidBronze"},{"floor":7,"key":"Regen Potion"},{"floor":12,"key":"AttackPotion"},{"floor":22,"key":"SkillPotion"},{"floor":27,"key":"Swift Potion"},{"floor":29,"key":"Strength Potion"},{"floor":33,"key":"Regen Potion"}],"is_trial":false,"path_per_floor":["M","?","M","$","M","E","M","M","T","M","T","M","R","M","R","B",null,"M","?","?","M","M","R","$","M","T","M","$","M","R","M","R","B",null],"character_chosen":"DEFECT","items_purchased":["Gash"],"campfire_rested":2,"item_purchase_floors":[24],"current_hp_per_floor":[74,74,74,74,73,61,56,48,48,44,44,30,52,53,53,20,75,54,54,52,52,52,52,52,33,33,35,35,22,37,44,44,13,52,0],"gold":358,"neow_bonus":"ONE_RARE_RELIC","is_prod":false,"is_daily":false,"chose_seed":false,"campfire_upgraded":3,"win_rate":0,"timestamp":1533220925,"path_taken":["M","?","M","?","?","E","M","?","T","?","?","M","R","M","R","BOSS","M","?","?","?","M","R","$","?","T","M","?","M","R","M","R","BOSS","M"],"build_version":"2018-07-26","purchased_purges":1,"victory":false,"max_hp_per_floor":[75,75,75,75,75,75,75,75,75,75,75,75,75,75,75,75,75,75,75,52,52,52,52,52,52,52,52,52,52,52,52,52,52,52,52],"card_choices":[{"not_picked":["Barrage","Go for the Eyes"],"picked":"Beam Cell","floor":1},{"not_picked":["Steam","Cold Snap"],"picked":"Gash","floor":3},{"not_picked":["Melter","Glacier","Coolheaded"],"picked":"SKIP","floor":5},{"not_picked":["Redo","Cold Snap"],"picked":"Hologram","floor":6},{"not_picked":["Turbo","Hello World","Buffer"],"picked":"SKIP","floor":7},{"not_picked":["Go for the Eyes","Genetic Algorithm"],"picked":"FTL","floor":8},{"not_picked":["Sweeping Beam","Reinforced Body","Go for the Eyes"],"picked":"SKIP","floor":10},{"not_picked":["White Noise","Storm","Defragment"],"picked":"SKIP","floor":12},{"not_picked":["Redo","Reprogram"],"picked":"Skim","floor":13},{"not_picked":["Rebound","Redo","Coolheaded"],"picked":"SKIP","floor":14},{"not_picked":["Biased Cognition","Creative AI"],"picked":"Seek","floor":16},{"not_picked":["Conserve Battery+1","Sweeping Beam"],"picked":"Coolheaded+1","floor":18},{"not_picked":["Rip and Tear+1","Defragment"],"picked":"Beam Cell+1","floor":21},{"not_picked":["Sunder+1","Leap","Auto Shields"],"picked":"SKIP","floor":22},{"not_picked":["Rebound","Redo","Defragment"],"picked":"SKIP","floor":25},{"not_picked":["Steam","Compile Driver+1","Ball Lightning"],"picked":"SKIP","floor":27},{"not_picked":["Conserve Battery","Steam","Melter"],"picked":"SKIP","floor":29},{"not_picked":["Consume","Static Discharge+1","Compile Driver"],"picked":"SKIP","floor":31},{"not_picked":["Echo Form","Biased Cognition"],"picked":"All For One","floor":33}],"player_experience":327435,"relics_obtained":[{"floor":6,"key":"Happy Flower"},{"floor":9,"key":"Dream Catcher"},{"floor":11,"key":"Letter Opener"},{"floor":26,"key":"Pantograph"}],"event_choices":[{"event_name":"The Cleric","player_choice":"Leave","floor":2,"damage_taken":0},{"event_name":"Beggar","player_choice":"Gave Gold","floor":19,"damage_taken":0},{"event_name":"Vampires","player_choice":"Became a vampire","floor":20,"damage_taken":0}],"is_beta":false,"boss_relics":[{"not_picked":["Fusion Hammer","Tiny House"],"picked":"Cursed Key"},{"not_picked":["Coffee Dripper","Inserter"],"picked":"Runic Pyramid"}],"items_purged_floors":[24],"is_endless":false,"potions_floor_spawned":[1,5,6,7,12,22,27,29,33],"killed_by":"Flame Bruiser 1 Orb","ascension_level":0}