{"gold_per_floor":[117,117,192,192,210,240,88,103,129,149,79,96,112,128,128,232,232,250,250,74,87,104,104,138,150,150,164,189,215,234,149,149,252,252,268,168,168,184,197,232,232,267,267,147,158,380,112,146,146,146],"floor_reached":50,"playtime":1352,"items_purged":["Defend_B","Dualcast","Defend_B+1","Clumsy"],"score":736,"play_id":"74001822-958e-4cd6-b331-c1e0cfad22f3","local_time":"20180923212445","is_ascension_mode":true,"campfire_choices":[{"data":"Hyperbeam","floor":15,"key":"SMITH"},{"data":"Gash","floor":23,"key":"SMITH"},{"floor":32,"key":"REST"},{"data":"Gash","floor":41,"key":"SMITH"},{"floor":49,"key":"REST"}],"neow_cost":"NONE","seed_source_timestamp":208987308846415,"circlet_count":0,"master_deck":["Strike_B+1","Strike_B+1","Strike_B+1","Strike_B+1","Defend_B+1","Beam Cell","Hyperbeam+1","Scrape","FTL","FTL","Reboot","FTL","Gash+1","Skim","Creative AI","Gash+1","FTL+1","Gash+1"],"relics":["Cracked Core","NeowsBlessing","Strawberry","Thread and Needle","Potion Belt","Orrery","Orichalcum","The Courier","Pantograph","Red Mask","Boot","Cursed Key","Matryoshka","Letter Opener","Happy Flower","FossilizedHelix","Mummified Hand"],"potions_floor_usage":[12,16,22,25,28,28,29,33,40,40,42,48,48,50,50,50,50],"damage_taken":[{"damage":0,"enemies":"Small Slimes","floor":1,"turns":1},{"damage":0,"enemies":"2 Louse","floor":5,"turns":1},{"damage":0,"enemies":"Gremlin Nob","floor":6,"turns":1},{"damage":8,"enemies":"Jaw Worm","floor":8,"turns":2},{"damage":0,"enemies":"3 Louse","floor":10,"turns":1},{"damage":0,"enemies":"Large Slime","floor":12,"turns":2},{"damage":4,"enemies":"Blue Slaver","floor":13,"turns":2},{"damage":0,"enemies":"3 Louse","floor":14,"turns":1},{"damage":54,"enemies":"The Guardian","floor":16,"turns":5},{"damage":8,"enemies":"Chosen","floor":18,"turns":3},{"damage":18,"enemies":"2 Thieves","floor":21,"turns":2},{"damage":0,"enemies":"3 Cultists","floor":22,"turns":2},{"damage":11,"enemies":"Slavers","floor":24,"turns":2},{"damage":6,"enemies":"Shelled Parasite and Fungi","floor":25,"turns":3},{"damage":2,"enemies":"Chosen and Byrds","floor":27,"turns":3},{"damage":2,"enemies":"Book of Stabbing","floor":28,"turns":3},{"damage":0,"enemies":"Masked Bandits","floor":29,"turns":2},{"damage":0,"enemies":"Cultist and Chosen","floor":30,"turns":2},{"damage":59,"enemies":"Automaton","floor":33,"turns":8},{"damage":2,"enemies":"Orb Walker","floor":35,"turns":2},{"damage":7,"enemies":"3 Darklings","floor":38,"turns":2},{"damage":25,"enemies":"Spire Growth","floor":39,"turns":3},{"damage":6,"enemies":"2 Orb Walkers","floor":40,"turns":2},{"damage":20,"enemies":"Nemesis","floor":42,"turns":4},{"damage":0,"enemies":"Sphere and 2 Shapes","floor":45,"turns":2},{"damage":0,"enemies":"2 Orb Walkers","floor":48,"turns":2},{"damage":76,"enemies":"Awakened One","floor":50,"turns":5}],"seed_played":"3022099134309808456","potions_obtained":[{"floor":5,"key":"EssenceOfSteel"},{"floor":6,"key":"Ancient Potion"},{"floor":8,"key":"Energy Potion"},{"floor":14,"key":"Swift Potion"},{"floor":21,"key":"Swift Potion"},{"floor":22,"key":"AttackPotion"},{"floor":27,"key":"AttackPotion"},{"floor":28,"key":"Fire Potion"},{"floor":30,"key":"Strength Potion"},{"floor":38,"key":"Poison Potion"},{"floor":39,"key":"Poison Potion"},{"floor":48,"key":"FocusPotion"}],"is_trial":false,"path_per_floor":["M","?","?","?","M","E","$","M","T","M","$","M","M","M","R","B",null,"M","?","$","M","M","R","E","M","T","M","E","?","M","?","R","B",null,"M","$","?","M","M","E","R","E","T","$","M","?","$","E","R"],"character_chosen":"DEFECT","items_purchased":["Scrape","FTL","FTL","Explosive Potion","Explosive Potion","Swift Potion","FearPotion","PowerPotion","Strength Potion"],"campfire_rested":2,"item_purchase_floors":[7,11,20,47,47,47,47,47,47],"current_hp_per_floor":[75,79,68,68,68,68,68,60,60,60,60,60,56,56,56,2,82,74,74,74,56,56,56,45,39,39,37,35,35,35,35,59,23,82,80,80,80,73,48,42,42,22,22,22,22,22,22,22,46,0],"gold":146,"neow_bonus":"THREE_ENEMY_KILL","is_prod":false,"is_daily":false,"chose_seed":false,"campfire_upgraded":3,"win_rate":0,"timestamp":1537752285,"path_taken":["M","?","?","?","?","E","$","M","T","M","$","M","M","M","R","BOSS","M","?","$","M","M","R","E","M","T","M","E","?","M","?","R","BOSS","M","?","?","M","?","E","R","E","T","$","M","?","?","E","R","BOSS"],"build_version":"2018-09-20","purchased_purges":4,"victory":false,"max_hp_per_floor":[75,82,82,82,82,82,82,82,82,82,82,82,82,82,82,82,82,82,82,82,82,82,82,82,82,82,82,82,82,82,82,82,82,82,82,82,82,82,82,82,82,82,82,82,82,82,82,82,82,82],"card_choices":[{"not_picked":["Redo","Lockon"],"picked":"Beam Cell","floor":1},{"not_picked":["Blizzard","Turbo","Rebound"],"picked":"SKIP","floor":5},{"not_picked":["Leap","Hologram"],"picked":"Hyperbeam","floor":6},{"not_picked":["Aggregate","Cold Snap"],"picked":"FTL","floor":8},{"not_picked":["Sunder","Defragment","Steam"],"picked":"SKIP","floor":10},{"not_picked":["Force Field","Barrage","Go for the Eyes"],"picked":"SKIP","floor":12},{"not_picked":["Sweeping Beam","Leap","Chill"],"picked":"SKIP","floor":13},{"not_picked":["Double Energy","Cold Snap","Defragment"],"picked":"SKIP","floor":14},{"not_picked":["Buffer","Rainbow"],"picked":"Reboot","floor":16},{"not_picked":["Turbo+1","Redo","Cold Snap"],"picked":"SKIP","floor":18},{"not_picked":["Beam Cell","Steam+1"],"picked":"Gash","floor":21},{"not_picked":["BootSequence","Static Discharge","Defragment+1"],"picked":"SKIP","floor":22},{"not_picked":["Tempest","Chill","Echo Form"],"picked":"SKIP","floor":24},{"not_picked":["Redo","Turbo"],"picked":"Skim","floor":25},{"not_picked":["Sweeping Beam","Compile Driver+1","Barrage+1"],"picked":"SKIP","floor":27},{"not_picked":["Defragment","Steam","Cold Snap"],"picked":"SKIP","floor":28},{"not_picked":["Hologram","Recycle","Capacitor+1"],"picked":"SKIP","floor":30},{"not_picked":["Turbo","Barrage","Steam"],"picked":"SKIP","floor":35},{"not_picked":["Self Repair+1","Hello World+1","Aggregate+1"],"picked":"SKIP","floor":38},{"not_picked":["Capacitor","Stack","Hologram+1"],"picked":"SKIP","floor":39},{"not_picked":["Static Discharge","Echo Form"],"picked":"Gash","floor":40},{"not_picked":["Steam+1","Heatsinks"],"picked":"FTL+1","floor":42},{"not_picked":["Defragment+1","Steam+1"],"picked":"Gash+1","floor":45},{"not_picked":["Steam+1","Cold Snap","Leap+1"],"picked":"SKIP","floor":48}],"player_experience":386353,"relics_obtained":[{"floor":6,"key":"Thread and Needle"},{"floor":9,"key":"Potion Belt"},{"floor":24,"key":"Orichalcum"},{"floor":26,"key":"The Courier"},{"floor":28,"key":"Pantograph"},{"floor":29,"key":"Red Mask"},{"floor":40,"key":"Matryoshka"},{"floor":42,"key":"Letter Opener"},{"floor":43,"key":"Happy Flower"},{"floor":43,"key":"FossilizedHelix"},{"floor":48,"key":"Mummified Hand"}],"event_choices":[{"event_name":"Scrap Ooze","player_choice":"success","floor":2,"damage_taken":3},{"event_name":"World of Goop","player_choice":"Gather Gold","floor":3,"damage_taken":0},{"event_name":"Living Wall","player_choice":"Forget","floor":4,"damage_taken":0},{"event_name":"Back to Basics","player_choice":"Simplicity","floor":19,"damage_taken":0},{"event_name":"Masked Bandits","player_choice":"Fought Bandits","floor":29,"damage_taken":0},{"event_name":"Addict","player_choice":"Obtained Relic","floor":31,"damage_taken":0},{"event_name":"Transmorgrifier","player_choice":"Transform","floor":37,"damage_taken":0},{"event_name":"Tomb of Lord Red Mask","player_choice":"Wore Mask","floor":46,"damage_taken":0}],"is_beta":false,"boss_relics":[{"not_picked":["Fusion Hammer","Tiny House"],"picked":"Orrery"},{"not_picked":["Empty Cage","Astrolabe"],"picked":"Cursed Key"}],"items_purged_floors":[7,20,36,44],"is_endless":false,"potions_floor_spawned":[5,6,8,14,21,22,27,28,30,38,39,48],"killed_by":"Awakened One","ascension_level":2}