{"gold_per_floor":[118,193,118,137,37,37,56,73,97,108,108,54,54,74,74,173,173,184,196,196],"floor_reached":20,"playtime":675,"items_purged":["Defend_B","Defend_B"],"score":166,"play_id":"86e8199a-91c6-4903-9293-28cb6dccc203","local_time":"20180801092631","is_ascension_mode":false,"campfire_choices":[{"data":"Core Surge","floor":6,"key":"SMITH"},{"floor":13,"key":"REST"},{"floor":15,"key":"REST"}],"neow_cost":"NONE","seed_source_timestamp":1819160731652239,"circlet_count":0,"master_deck":["Strike_B","Strike_B","Strike_B","Strike_B","Defend_B","Defend_B","Zap","Dualcast","Core Surge+1","Beam Cell+1","Go for the Eyes","Steam Power","Streamline"],"relics":["Cracked Core","Art of War","Sozu"],"potions_floor_usage":[10,16],"damage_taken":[{"damage":11,"enemies":"Jaw Worm","floor":1,"turns":2},{"damage":6,"enemies":"Cultist","floor":4,"turns":3},{"damage":0,"enemies":"Small Slimes","floor":7,"turns":2},{"damage":19,"enemies":"Exordium Wildlife","floor":8,"turns":3},{"damage":7,"enemies":"Blue Slaver","floor":10,"turns":2},{"damage":7,"enemies":"Looter","floor":14,"turns":2},{"damage":50,"enemies":"Slime Boss","floor":16,"turns":9},{"damage":8,"enemies":"Chosen","floor":18,"turns":4},{"damage":10,"enemies":"Spheric Guardian","floor":19,"turns":3}],"seed_played":"5248760506363813008","potions_obtained":[{"floor":1,"key":"FearPotion"},{"floor":8,"key":"Energy Potion"},{"floor":14,"key":"EssenceOfSteel"},{"floor":16,"key":"SteroidPotion"}],"is_trial":false,"path_per_floor":["M","?","$","M","$","R","M","M","T","M","?","$","R","M","R","B",null,"M","M"],"character_chosen":"DEFECT","items_purchased":["Go for the Eyes"],"campfire_rested":2,"item_purchase_floors":[12],"current_hp_per_floor":[64,53,53,47,47,47,47,28,28,21,21,21,43,36,58,8,75,67,57,57],"gold":196,"neow_bonus":"ONE_RANDOM_RARE_CARD","is_prod":false,"is_daily":false,"chose_seed":false,"campfire_upgraded":1,"win_rate":0,"timestamp":1533129991,"path_taken":["M","?","$","?","$","R","M","M","T","?","?","$","R","M","R","BOSS","M","M","?"],"build_version":"2018-07-26","purchased_purges":2,"victory":false,"max_hp_per_floor":[75,75,75,75,75,75,75,75,75,75,75,75,75,75,75,75,75,75,75,75],"card_choices":[{"not_picked":["Undo","Compile Driver"],"picked":"Beam Cell","floor":1},{"not_picked":["Redo","Hello World","Conserve Battery"],"picked":"SKIP","floor":4},{"not_picked":["Recycle","Sweeping Beam","Leap"],"picked":"SKIP","floor":7},{"not_picked":["Coolheaded","Machine Learning","Melter"],"picked":"SKIP","floor":8},{"not_picked":["Conserve Battery","Streamline","Heatsinks"],"picked":"SKIP","floor":10},{"not_picked":["Hologram","Ball Lightning"],"picked":"Steam Power","floor":14},{"not_picked":["Reprogram","Glacier","Go for the Eyes"],"picked":"SKIP","floor":18},{"not_picked":["Darkness","Ball Lightning","Reprogram"],"picked":"SKIP","floor":19}],"player_experience":298414,"relics_obtained":[{"floor":9,"key":"Art of War"}],"event_choices":[{"event_name":"World of Goop","player_choice":"Gather Gold","floor":2,"damage_taken":0},{"event_name":"Living Wall","player_choice":"Grow","floor":11,"damage_taken":0},{"event_name":"The Library","player_choice":"Read","floor":20,"damage_taken":0}],"is_beta":false,"boss_relics":[{"not_picked":["Eternal Feather","Orrery"],"picked":"Sozu"}],"items_purged_floors":[3,5],"is_endless":false,"potions_floor_spawned":[1,8,14,16,19],"ascension_level":0}