{"gold_per_floor":[15,15,15,35,51,51,65,65,65,85,85],"floor_reached":11,"playtime":358,"items_purged":[],"score":65,"play_id":"27f8a494-ad96-44a7-8f2d-140ba6e52d92","local_time":"20180801114807","is_ascension_mode":false,"campfire_choices":[{"data":"Beam Cell","floor":6,"key":"SMITH"},{"data":"Gash","floor":8,"key":"SMITH"}],"neow_cost":"NO_GOLD","seed_source_timestamp":1827974705896959,"circlet_count":0,"master_deck":["Strike_B","Strike_B","Strike_B","Strike_B","Defend_B","Defend_B","Defend_B","Defend_B","Zap","Dualcast","Beam Cell+1","Gash+1","Beam Cell"],"relics":["Cracked Core","Incense Burner","Dodecahedron","Juzu Bracelet"],"potions_floor_usage":[],"damage_taken":[{"damage":6,"enemies":"Jaw Worm","floor":1,"turns":2},{"damage":6,"enemies":"2 Louse","floor":4,"turns":2},{"damage":1,"enemies":"Small Slimes","floor":5,"turns":2},{"damage":13,"enemies":"Red Slaver","floor":7,"turns":2},{"damage":24,"enemies":"Exordium Thugs","floor":10,"turns":4},{"damage":0,"enemies":"Lagavulin","floor":11,"turns":1}],"seed_played":"6692198345305871894","potions_obtained":[{"floor":1,"key":"Swift Potion"},{"floor":5,"key":"Energy Potion"}],"is_trial":false,"path_per_floor":["M","?","?","M","M","R","M","R","T","M"],"character_chosen":"DEFECT","items_purchased":[],"campfire_rested":0,"item_purchase_floors":[],"current_hp_per_floor":[69,69,66,60,59,59,46,46,46,22,22],"gold":85,"neow_bonus":"ONE_RARE_RELIC","is_prod":false,"is_daily":false,"chose_seed":false,"campfire_upgraded":2,"win_rate":0,"timestamp":1533138487,"path_taken":["M","?","?","?","M","R","M","R","T","M","E"],"build_version":"2018-07-26","purchased_purges":0,"victory":false,"max_hp_per_floor":[75,75,75,75,75,75,75,75,75,75,75],"card_choices":[{"not_picked":["Storm","White Noise","Defragment"],"picked":"SKIP","floor":1},{"not_picked":["Hologram","Reprogram","Ball Lightning"],"picked":"SKIP","floor":4},{"not_picked":["Compile Driver","Conserve Battery"],"picked":"Beam Cell","floor":5},{"not_picked":["Beam Cell","Go for the Eyes"],"picked":"Gash","floor":7},{"not_picked":["Hyperbeam","Recycle"],"picked":"Beam Cell","floor":10}],"player_experience":306695,"relics_obtained":[{"floor":9,"key":"Juzu Bracelet"}],"event_choices":[{"event_name":"The Cleric","player_choice":"Leave","floor":2,"damage_taken":0},{"event_name":"Scrap Ooze","player_choice":"success","floor":3,"damage_taken":3}],"is_beta":false,"boss_relics":[],"items_purged_floors":[],"is_endless":false,"potions_floor_spawned":[1,5],"killed_by":"Lagavulin","ascension_level":0}