{"gold_per_floor":[112,112,112,124,138,138,151,162,162,162,177,177,187,200,200,300,300,319,319,251,269,269,269,302,217,266,1,14,14,14,14,14,117,117,128,128,141,141,151,151,184,133,160,192,211,171,171,187,187,187],"floor_reached":51,"playtime":7792,"items_purged":[],"score":769,"play_id":"03b727f4-a0cc-4fbe-a45d-01a3ee84c3ae","local_time":"20190205074541","is_ascension_mode":false,"campfire_choices":[{"data":"Defragment","floor":12,"key":"SMITH"},{"data":"Steam","floor":15,"key":"SMITH"},{"data":"Blizzard","floor":23,"key":"SMITH"},{"data":"Blizzard","floor":29,"key":"SMITH"},{"data":"Self Repair","floor":30,"key":"SMITH"},{"floor":32,"key":"REST"},{"data":"Echo Form","floor":40,"key":"SMITH"},{"floor":47,"key":"REST"},{"floor":49,"key":"REST"}],"neow_cost":"NONE","seed_source_timestamp":5754329855924,"circlet_count":0,"master_deck":["Strike_B","Strike_B","Strike_B+1","Defend_B+1","Defend_B","Defend_B","Defend_B+1","Zap","Dualcast","Coolheaded+1","Steam+1","Defragment+1","Coolheaded","Coolheaded","Coolheaded","Machine Learning","Barrage","Rebound","Loop","Cold Snap","Blizzard+1","Blizzard+1","Defragment+1","Self Repair+1","Echo Form+1","Defragment+1","Redo","Loop+1","Loop"],"relics":["Cracked Core","Letter Opener","Dodecahedron","Tiny House","Vajra","WingedGreaves","Art of War","DollysMirror","Runic Pyramid","Pen Nib","Juzu Bracelet","Toxic Egg 2"],"potions_floor_usage":[16,16,24,31,33,37,44,44,45],"damage_taken":[{"damage":3,"enemies":"Jaw Worm","floor":1,"turns":5},{"damage":0,"enemies":"Cultist","floor":4,"turns":5},{"damage":7,"enemies":"Small Slimes","floor":5,"turns":4},{"damage":6,"enemies":"Exordium Wildlife","floor":7,"turns":7},{"damage":0,"enemies":"Blue Slaver","floor":8,"turns":4},{"damage":6,"enemies":"2 Fungi Beasts","floor":11,"turns":3},{"damage":10,"enemies":"Exordium Wildlife","floor":13,"turns":4},{"damage":6,"enemies":"Gremlin Gang","floor":14,"turns":8},{"damage":18,"enemies":"The Guardian","floor":16,"turns":36},{"damage":0,"enemies":"Chosen","floor":18,"turns":10},{"damage":0,"enemies":"Spheric Guardian","floor":21,"turns":8},{"damage":21,"enemies":"Book of Stabbing","floor":24,"turns":11},{"damage":10,"enemies":"Centurion and Healer","floor":28,"turns":12},{"damage":0,"enemies":"Snake Plant","floor":31,"turns":1},{"damage":0,"enemies":"Champ","floor":33,"turns":17},{"damage":9,"enemies":"Orb Walker","floor":35,"turns":4},{"damage":9,"enemies":"3 Darklings","floor":37,"turns":8},{"damage":21,"enemies":"Jaw Worm Horde","floor":39,"turns":8},{"damage":0,"enemies":"Giant Head","floor":41,"turns":14},{"damage":59,"enemies":"Reptomancer","floor":44,"turns":9},{"damage":28,"enemies":"4 Shapes","floor":45,"turns":8},{"damage":23,"enemies":"3 Darklings","floor":48,"turns":7},{"damage":22,"enemies":"Donu and Deca","floor":50,"turns":13}],"seed_played":"-133844668046650622","potions_obtained":[{"floor":4,"key":"EssenceOfSteel"},{"floor":8,"key":"SmokeBomb"},{"floor":13,"key":"Weak Potion"},{"floor":21,"key":"Block Potion"},{"floor":28,"key":"Dexterity Potion"},{"floor":35,"key":"Swift Potion"},{"floor":39,"key":"SpeedPotion"}],"is_trial":false,"path_per_floor":["?","?","M","?","M","T","?","?","?","M","?","?"],"character_chosen":"DEFECT","items_purchased":["Loop","DollysMirror","FocusPotion","Block Potion"],"campfire_rested":3,"item_purchase_floors":[20,27,27,42],"current_hp_per_floor":[79,72,77,77,70,70,64,64,64,64,58,58,48,42,42,24,87,87,87,87,87,87,87,66,66,66,66,56,56,56,56,82,87,87,87,87,87,87,76,76,86,86,86,37,19,19,45,32,58,46],"gold":187,"neow_bonus":"TEN_PERCENT_HP_BONUS","is_prod":false,"is_daily":false,"chose_seed":false,"campfire_upgraded":6,"win_rate":0.0,"timestamp":1549363541,"path_taken":["M","?","?","?","M","?","?","M","T","?","M","R","M","M","R","BOSS","M","?","$","M","?","R","E","?","T","$","?","R","R","M","R","BOSS","M","?","M","$","M","R","E","$","T","E","M","?","R","M","R","BOSS"],"build_version":"2019-01-23","purchased_purges":0,"victory":true,"max_hp_per_floor":[82,82,82,82,82,82,82,82,82,82,82,82,82,82,82,82,87,87,87,87,87,87,87,87,87,87,87,87,87,87,87,87,87,87,87,87,87,87,87,87,87,87,87,87,87,87,87,87,87,87],"card_choices":[{"not_picked":["Sweeping Beam","Stack"],"picked":"Rebound","floor":1},{"not_picked":["Beam Cell","Go for the Eyes"],"picked":"Coolheaded","floor":4},{"not_picked":["Steam Power","Sweeping Beam"],"picked":"Steam","floor":5},{"not_picked":["Darkness","Hyperbeam"],"picked":"Defragment","floor":7},{"not_picked":["Storm","Conserve Battery"],"picked":"Coolheaded","floor":8},{"not_picked":["Steam","Conserve Battery"],"picked":"Coolheaded","floor":11},{"not_picked":["Darkness","Gash"],"picked":"Coolheaded","floor":13},{"not_picked":["Aggregate","Turbo","Hologram"],"picked":"SKIP","floor":14},{"not_picked":["Reboot","Amplify"],"picked":"Machine Learning","floor":16},{"not_picked":["Go for the Eyes","Turbo"],"picked":"Barrage","floor":17},{"not_picked":["Compile Driver","Melter"],"picked":"Rebound","floor":18},{"not_picked":["Leap","Compile Driver"],"picked":"Cold Snap","floor":21},{"not_picked":["Coolheaded+1","Gash"],"picked":"Blizzard","floor":24},{"not_picked":["Conserve Battery","FTL"],"picked":"Self Repair","floor":28},{"not_picked":["Thunder Strike","Fission"],"picked":"Echo Form","floor":33},{"not_picked":["Scrape+1","Tempest","Gash+1"],"picked":"SKIP","floor":35},{"not_picked":["Go for the Eyes","Compile Driver+1","Gash+1"],"picked":"SKIP","floor":37},{"not_picked":["Barrage","Turbo+1"],"picked":"Defragment+1","floor":39},{"not_picked":["Leap+1","FTL"],"picked":"Redo","floor":41},{"not_picked":["Stack","Conserve Battery+1"],"picked":"Loop+1","floor":44},{"not_picked":["Go for the Eyes","Static Discharge","Turbo+1"],"picked":"SKIP","floor":45},{"not_picked":["Streamline+1","Thunder Strike"],"picked":"Loop","floor":48}],"player_experience":115692,"relics_obtained":[{"floor":9,"key":"Letter Opener"},{"floor":10,"key":"Dodecahedron"},{"floor":24,"key":"Vajra"},{"floor":26,"key":"Art of War"},{"floor":41,"key":"Pen Nib"},{"floor":43,"key":"Juzu Bracelet"},{"floor":44,"key":"Toxic Egg 2"}],"event_choices":[{"cards_removed":["Strike_B"],"damage_healed":0,"gold_gain":0,"player_choice":"Card Removal","damage_taken":7,"max_hp_gain":0,"max_hp_loss":0,"event_name":"Golden Wing","floor":2,"gold_loss":0},{"cards_removed":["Rebound"],"damage_healed":5,"gold_gain":0,"player_choice":"Offered Common","damage_taken":0,"max_hp_gain":0,"max_hp_loss":0,"event_name":"Bonfire Elementals","floor":3,"gold_loss":0},{"cards_removed":["Rebound"],"damage_healed":5,"gold_gain":0,"player_choice":"Offered Special","damage_taken":0,"max_hp_gain":0,"max_hp_loss":0,"event_name":"Bonfire Elementals","floor":3,"gold_loss":0},{"damage_healed":0,"gold_gain":0,"player_choice":"Forge","damage_taken":0,"max_hp_gain":0,"max_hp_loss":0,"event_name":"Accursed Blacksmith","floor":6,"gold_loss":0,"cards_upgraded":["Coolheaded"]},{"damage_healed":0,"gold_gain":0,"player_choice":"Ignored","damage_taken":0,"max_hp_gain":0,"max_hp_loss":0,"event_name":"Vampires","floor":19,"gold_loss":0},{"damage_healed":0,"gold_gain":0,"player_choice":"Read","damage_taken":0,"max_hp_gain":0,"max_hp_loss":0,"event_name":"The Library","floor":22,"gold_loss":0,"cards_obtained":["Blizzard"]},{"damage_healed":0,"gold_gain":0,"player_choice":"Obtained Relic","damage_taken":0,"relics_obtained":["WingedGreaves"],"max_hp_gain":0,"max_hp_loss":0,"event_name":"Addict","floor":25,"gold_loss":85},{"damage_healed":0,"gold_gain":0,"player_choice":"Ignored","damage_taken":0,"max_hp_gain":0,"max_hp_loss":0,"event_name":"Mysterious Sphere","floor":36,"gold_loss":0},{"damage_healed":0,"gold_gain":0,"player_choice":"Upgraded Two","damage_taken":0,"max_hp_gain":0,"max_hp_loss":0,"event_name":"Designer","floor":46,"gold_loss":40,"cards_upgraded":["Defend_B","Strike_B"]}],"is_beta":false,"boss_relics":[{"not_picked":["Philosopher\u0027s Stone","Eternal Feather"],"picked":"Tiny House"},{"not_picked":["Busted Crown","Coffee Dripper"],"picked":"Runic Pyramid"}],"items_purged_floors":[],"is_endless":false,"potions_floor_spawned":[4,8,13,21,28,35,39],"ascension_level":0}