{"gold_per_floor":[117,137,87,106,119,119,139,139,164,178,194,194,206,226,226,330,380,391,408,323,84,95,95,123,93,119,73,73,73,104,117,117,117],"floor_reached":33,"playtime":1146,"items_purged":["Defend_G"],"score":295,"play_id":"50d350be-9271-4b92-b1b7-f4bc28d34d59","local_time":"20180919090736","is_ascension_mode":true,"campfire_choices":[{"data":"Die Die Die","floor":6,"key":"SMITH"},{"data":"Neutralize","floor":8,"key":"SMITH"},{"data":"Flying Knee","floor":12,"key":"SMITH"},{"data":"Survivor","floor":15,"key":"SMITH"},{"floor":23,"key":"REST"},{"floor":28,"key":"REST"},{"floor":32,"key":"REST"}],"neow_cost":"NONE","seed_source_timestamp":449850796138354,"circlet_count":0,"master_deck":["Defend_G","Defend_G","Defend_G","Strike_G","Strike_G","Strike_G","Strike_G","Strike_G","Survivor+1","Neutralize+1","Die Die Die+1","Dagger Throw+1","Flying Knee+1","Flying Knee","Expertise+1","Slice","Flying Knee","Glass Knife","Dagger Throw","Backflip+1","Prepared+1","Backflip","Quick Slash"],"relics":["Ring of the Snake","Snake Skull","Tiny House","MawBank","Bag of Marbles","Strawberry","War Paint","Orichalcum"],"potions_floor_usage":[4,7,10,18,19,22,24,30,30,31,31],"damage_taken":[{"damage":0,"enemies":"Cultist","floor":1,"turns":3},{"damage":3,"enemies":"Jaw Worm","floor":2,"turns":2},{"damage":0,"enemies":"2 Louse","floor":4,"turns":1},{"damage":0,"enemies":"Lots of Slimes","floor":5,"turns":1},{"damage":2,"enemies":"3 Louse","floor":7,"turns":2},{"damage":1,"enemies":"Red Slaver","floor":10,"turns":3},{"damage":0,"enemies":"2 Fungi Beasts","floor":11,"turns":2},{"damage":5,"enemies":"Looter","floor":13,"turns":2},{"damage":9,"enemies":"Blue Slaver","floor":14,"turns":2},{"damage":49,"enemies":"Hexaghost","floor":16,"turns":12},{"damage":15,"enemies":"Shell Parasite","floor":18,"turns":4},{"damage":15,"enemies":"2 Thieves","floor":19,"turns":3},{"damage":20,"enemies":"Sentry and Sphere","floor":22,"turns":5},{"damage":15,"enemies":"Book of Stabbing","floor":24,"turns":3},{"damage":19,"enemies":"Slavers","floor":30,"turns":2},{"damage":7,"enemies":"Snake Plant","floor":31,"turns":3},{"damage":92,"enemies":"Automaton","floor":33,"turns":6}],"seed_played":"-3658679117674466122","potions_obtained":[{"floor":1,"key":"Swift Potion"},{"floor":2,"key":"Fire Potion"},{"floor":7,"key":"EssenceOfSteel"},{"floor":11,"key":"Energy Potion"},{"floor":16,"key":"SteroidPotion"},{"floor":17,"key":"EssenceOfSteel"},{"floor":19,"key":"Ancient Potion"},{"floor":24,"key":"Regen Potion"},{"floor":25,"key":"Swift Potion"},{"floor":25,"key":"Strength Potion"},{"floor":30,"key":"Poison Potion"}],"is_trial":false,"path_per_floor":["M","M","?","M","M","R","M","R","T","M","M","R","M","M","R","B",null,"M","M","?","$","M","R","E","?","T","$","R","?","E","M","R"],"character_chosen":"THE_SILENT","items_purchased":["Backflip","Bag of Marbles","Quick Slash"],"campfire_rested":3,"item_purchase_floors":[21,21,27],"current_hp_per_floor":[70,67,67,67,67,67,65,65,65,64,64,64,59,50,50,1,75,60,45,45,45,25,47,39,39,39,39,63,63,49,42,66,0],"gold":117,"neow_bonus":"ONE_RANDOM_RARE_CARD","is_prod":false,"is_daily":false,"chose_seed":false,"campfire_upgraded":4,"win_rate":0,"timestamp":1537362456,"path_taken":["M","?","?","M","M","R","M","R","T","M","M","R","M","?","R","BOSS","M","?","?","$","M","R","E","?","T","$","R","?","E","M","R","BOSS"],"build_version":"2018-09-06","purchased_purges":1,"victory":false,"max_hp_per_floor":[70,70,70,70,70,70,70,70,70,70,70,70,70,70,70,70,75,75,75,75,75,75,75,82,82,82,82,82,82,82,82,82,82],"card_choices":[{"not_picked":["Eviscerate","Flechettes"],"picked":"Dagger Throw","floor":1},{"not_picked":["Dodge and Roll","Dagger Spray"],"picked":"Flying Knee","floor":2},{"not_picked":["Quick Slash","Eviscerate"],"picked":"Flying Knee","floor":4},{"not_picked":["Deadly Poison","Blur"],"picked":"Expertise","floor":5},{"not_picked":["PiercingWail","Skewer","Distraction"],"picked":"SKIP","floor":7},{"not_picked":["PiercingWail","Underhanded Strike","Setup"],"picked":"SKIP","floor":10},{"not_picked":["Blade Dance","Bane"],"picked":"Slice","floor":11},{"not_picked":["Slice","Endless Agony","Bouncing Flask"],"picked":"SKIP","floor":13},{"not_picked":["Envenom","Infinite Blades"],"picked":"Flying Knee","floor":14},{"not_picked":["Wraith Form v2","Malaise"],"picked":"Glass Knife","floor":16},{"not_picked":["Cloak And Dagger","Sucker Punch"],"picked":"Dagger Throw","floor":17},{"not_picked":["Sucker Punch+1","Cloak And Dagger"],"picked":"Backflip","floor":18},{"not_picked":["Setup+1","Blade Dance+1"],"picked":"Prepared+1","floor":19},{"not_picked":["Grand Finale","Backflip","Setup+1"],"picked":"SKIP","floor":22},{"not_picked":["Deadly Poison","Escape Plan","Setup+1"],"picked":"SKIP","floor":24},{"not_picked":["Poisoned Stab","Blur","Dagger Spray+1"],"picked":"SKIP","floor":30},{"not_picked":["Prepared","Caltrops","Reflex"],"picked":"SKIP","floor":31}],"player_experience":358470,"relics_obtained":[{"floor":9,"key":"Snake Skull"},{"floor":24,"key":"Strawberry"},{"floor":26,"key":"War Paint"},{"floor":30,"key":"Orichalcum"}],"event_choices":[{"event_name":"The Cleric","player_choice":"Card Removal","floor":3,"damage_taken":0},{"event_name":"Addict","player_choice":"Obtained Relic","floor":20,"damage_taken":0},{"event_name":"The Woman in Blue","player_choice":"Bought 2 Potions","floor":25,"damage_taken":0},{"event_name":"Beggar","player_choice":"Ignored","floor":29,"damage_taken":0}],"is_beta":false,"boss_relics":[{"not_picked":["Orrery","Black Star"],"picked":"Tiny House"}],"items_purged_floors":[21],"is_endless":false,"potions_floor_spawned":[1,2,7,11,16,19,24,30],"killed_by":"Automaton","ascension_level":1}