{"gold_per_floor":[113,130,55,72,72,72,92,153,179,198,198],"floor_reached":11,"playtime":341,"items_purged":["Defend_G"],"score":75,"play_id":"6accbb11-ec82-4377-8388-cbcfa6b8860a","local_time":"20180710083656","is_ascension_mode":false,"campfire_choices":[{"floor":6,"key":"REST"}],"neow_cost":"FIFTY_PERCENT_DAMAGE","seed_source_timestamp":0,"circlet_count":0,"master_deck":["Defend_G","Defend_G+1","Defend_G","Defend_G","Strike_G","Strike_G","Strike_G","Strike_G","Strike_G","Survivor+1","Neutralize","Venomology","Finisher","Cloak And Dagger","Dagger Throw","Acrobatics"],"special_seed":0,"relics":["Ring of the Snake","Tiny Chest","War Paint"],"potions_floor_usage":[1,4,7,8],"damage_taken":[{"damage":0,"enemies":"Cultist","floor":1,"turns":3},{"damage":2,"enemies":"Small Slimes","floor":2,"turns":4},{"damage":0,"enemies":"2 Louse","floor":4,"turns":2},{"damage":19,"enemies":"Exordium Thugs","floor":7,"turns":5},{"damage":32,"enemies":"Gremlin Nob","floor":8,"turns":5},{"damage":1,"enemies":"Blue Slaver","floor":10,"turns":4}],"seed_played":"-5481595733556862719","potions_obtained":[{"floor":4,"key":"Weak Potion"},{"floor":7,"key":"Strength Potion"},{"floor":8,"key":"SpeedPotion"},{"floor":10,"key":"SmokeBomb"}],"is_trial":false,"path_per_floor":["M","M","$","M","$","R","M","E","T","M"],"character_chosen":"THE_SILENT","items_purchased":[],"campfire_rested":1,"item_purchase_floors":[],"current_hp_per_floor":[35,33,33,33,33,54,35,3,3,2,0],"gold":198,"neow_bonus":"THREE_RARE_CARDS","is_prod":false,"is_daily":false,"chose_seed":false,"campfire_upgraded":0,"win_rate":0,"timestamp":1531226216,"path_taken":["M","M","$","M","$","R","M","E","T","?","?"],"build_version":"2018-07-05","purchased_purges":1,"victory":false,"max_hp_per_floor":[70,70,70,70,70,70,70,70,70,70,70],"card_choices":[{"not_picked":["Tactician","Grand Finale"],"picked":"Venomology","floor":0.0},{"not_picked":["Crippling Poison","Deadly Poison","Deflect"],"picked":"SKIP","floor":1},{"not_picked":["Noxious Fumes","Skewer"],"picked":"Finisher","floor":2},{"not_picked":["Slice","Deadly Poison","Well Laid Plans"],"picked":"SKIP","floor":4},{"not_picked":["Quick Slash","Expertise"],"picked":"Cloak And Dagger","floor":7},{"not_picked":["Bane","Grand Finale"],"picked":"Dagger Throw","floor":8},{"not_picked":["Bane","Poisoned Stab"],"picked":"Acrobatics","floor":10}],"player_experience":169972,"relics_obtained":[{"floor":8,"key":"Tiny Chest"},{"floor":9,"key":"War Paint"}],"event_choices":[],"boss_relics":[],"items_purged_floors":[3],"is_endless":false,"potions_floor_spawned":[4,7,8,10],"ascension_level":0}