{"gold_per_floor":[109,129,129,142,72,72,92,110,110,110,129,164,182,182,182,280,310,321,321,246,258,21,33,33,33,33,53,29,29,29,49,49,49],"floor_reached":33,"playtime":1810,"items_purged":["Bash"],"score":249,"play_id":"0f5bafde-0521-44d7-be6b-f316fd7a74eb","local_time":"20180705112347","is_ascension_mode":false,"campfire_choices":[{"data":"Searing Blow","floor":6,"key":"SMITH"},{"data":"Cleave","floor":10,"key":"SMITH"},{"floor":15,"key":"REST"},{"data":"Reaper","floor":24,"key":"SMITH"},{"data":"Searing Blow+1","floor":29,"key":"SMITH"},{"floor":32,"key":"REST"}],"neow_cost":"","seed_source_timestamp":1242515485735731,"circlet_count":0,"master_deck":["Strike_R","Strike_R","Strike_R","Strike_R","Strike_R","Defend_R","Defend_R","Perfected Strike","Cleave","Cleave+1","Searing Blow+2","Twin Strike","Pommel Strike","Infernal Blade","Offering+1","Headbutt","Fire Breathing","Combust","Reaper+1","Bash","Finesse","Flex"],"relics":["Burning Blood","Dodecahedron","Orichalcum","Shuriken","Tiny House","Omamori","Magic Flower"],"potions_floor_usage":[33,33,33],"damage_taken":[{"damage":6,"enemies":"Cultist","floor":1,"turns":3},{"damage":8,"enemies":"Small Slimes","floor":2,"turns":3},{"damage":8,"enemies":"Jaw Worm","floor":4,"turns":3},{"damage":20,"enemies":"Exordium Thugs","floor":7,"turns":4},{"damage":0,"enemies":"Large Slime","floor":8,"turns":3},{"damage":12,"enemies":"2 Fungi Beasts","floor":11,"turns":2},{"damage":32,"enemies":"3 Sentries","floor":12,"turns":5},{"damage":6,"enemies":"Blue Slaver","floor":13,"turns":2},{"damage":48,"enemies":"The Guardian","floor":16,"turns":8},{"damage":37,"enemies":"3 Byrds","floor":18,"turns":5},{"damage":8,"enemies":"Chosen","floor":21,"turns":3},{"damage":15,"enemies":"3 Cultists","floor":23,"turns":3},{"damage":18,"enemies":"Chosen and Byrds","floor":27,"turns":4},{"damage":47,"enemies":"Snecko","floor":31,"turns":5},{"damage":104,"enemies":"Champ","floor":33,"turns":8}],"seed_played":"-6809420086442469188","potions_obtained":[{"floor":4,"key":"Dexterity Potion"},{"floor":8,"key":"Weak Potion"},{"floor":11,"key":"PowerPotion"},{"floor":16,"key":"Weak Potion"},{"floor":17,"key":"Regen Potion"}],"is_trial":false,"path_per_floor":["M","M","?","M","$","R","M","M","T","R","M","E","M","?","R","B",null,"M","?","?","M","$","M","R","?","T","M","$","R","$","M","R"],"character_chosen":"IRONCLAD","items_purchased":["Searing Blow","Reaper","Flex"],"campfire_rested":2,"item_purchase_floors":[5,22,28],"current_hp_per_floor":[80,78,78,76,76,76,62,68,68,68,62,36,36,36,60,18,85,54,54,54,52,52,55,55,55,55,61,61,61,61,31,56,0],"gold":49,"neow_bonus":"","is_prod":false,"is_daily":false,"chose_seed":false,"campfire_upgraded":4,"win_rate":0.0,"timestamp":1530804227,"path_taken":["M","M","?","M","$","R","M","M","T","R","M","E","M","?","R","BOSS","M","?","?","M","$","M","R","?","T","M","$","R","?","M","R","BOSS"],"build_version":"2018-06-28","purchased_purges":1,"victory":false,"max_hp_per_floor":[80,80,80,80,80,80,80,80,80,80,80,80,80,80,80,80,85,85,85,85,85,85,85,85,85,85,85,85,85,85,85,85,85],"card_choices":[{"not_picked":["Metallicize","Pommel Strike"],"picked":"Perfected Strike","floor":1},{"not_picked":["Burning Pact","Feel No Pain"],"picked":"Cleave","floor":2},{"not_picked":["Rage","Dual Wield"],"picked":"Cleave","floor":4},{"not_picked":["Heavy Blade","Pummel"],"picked":"Twin Strike","floor":7},{"not_picked":["Armaments","Wild Strike"],"picked":"Pommel Strike","floor":8},{"not_picked":["Battle Trance","Seeing Red","Rampage"],"picked":"SKIP","floor":11},{"not_picked":["Fire Breathing","Clothesline"],"picked":"Infernal Blade","floor":12},{"not_picked":["Pummel","Pommel Strike","Fiend Fire"],"picked":"SKIP","floor":13},{"not_picked":["Immolate","Berserk"],"picked":"Offering","floor":16},{"not_picked":["Infernal Blade","Twin Strike"],"picked":"Headbutt","floor":17},{"not_picked":["Second Wind","Feel No Pain"],"picked":"Fire Breathing","floor":18},{"not_picked":["Iron Wave","Twin Strike"],"picked":"Combust","floor":21},{"not_picked":["Anger","Body Slam+1","Shrug It Off+1"],"picked":"SKIP","floor":23},{"not_picked":["Evolve","Dropkick","Shrug It Off"],"picked":"SKIP","floor":27},{"not_picked":["Searing Blow","Second Wind","Shockwave"],"picked":"SKIP","floor":31}],"player_experience":37410,"relics_obtained":[{"floor":9,"key":"Dodecahedron"},{"floor":12,"key":"Orichalcum"},{"floor":26,"key":"Magic Flower"}],"event_choices":[{"event_name":"Purifier","player_choice":"One Purge","floor":3,"damage_taken":0},{"event_name":"Wheel of Change","player_choice":"Relic","floor":14,"damage_taken":0},{"event_name":"The Mausoleum","player_choice":"Yes","floor":19,"damage_taken":0},{"event_name":"Beggar","player_choice":"Gave Gold","floor":20,"damage_taken":0},{"event_name":"Match and Keep!","player_choice":"2 cards matched","floor":25,"damage_taken":0}],"boss_relics":[{"not_picked":["Eternal Feather","Calling Bell"],"picked":"Tiny House"}],"items_purged_floors":[22],"is_endless":false,"potions_floor_spawned":[4,8,11,13,16,21,27,31],"killed_by":"Champ","ascension_level":0}