{"gold_per_floor":[210,228,228,248,259,259,276,287,287,297,297,297,332,344,344,449,449,460,474,54,65,85,85,85,112,138,138,138],"floor_reached":28,"playtime":1372,"items_purged":["Defend_R"],"score":226,"play_id":"fc6bad55-775c-407e-8b4b-e8fc6fabc52f","local_time":"20180705120645","is_ascension_mode":false,"campfire_choices":[{"floor":6,"key":"REST"},{"floor":11,"key":"REST"},{"floor":15,"key":"REST"},{"floor":23,"key":"REST"}],"neow_cost":"NONE","seed_source_timestamp":1245531109375864,"circlet_count":0,"master_deck":["Strike_R+1","Strike_R","Strike_R","Strike_R+1","Strike_R","Defend_R","Defend_R","Bash","Headbutt","Headbutt","Flex","Hemokinesis","Seeing Red","Pommel Strike","Pommel Strike","Cleave","Combust","Feed","Cleave+1","Battle Trance+1","Bandage Up","Perfected Strike+1","Fire Breathing","Decay"],"relics":["Burning Blood","Blood Vial","Potion Belt","Lizard Tail","Molten Egg 2","Regal Pillow","Orichalcum"],"potions_floor_usage":[10,16,16,16,19,21,22,22],"damage_taken":[{"damage":11,"enemies":"Jaw Worm","floor":1,"turns":2},{"damage":16,"enemies":"Small Slimes","floor":2,"turns":3},{"damage":7,"enemies":"2 Louse","floor":4,"turns":2},{"damage":13,"enemies":"Red Slaver","floor":5,"turns":2},{"damage":42,"enemies":"Gremlin Gang","floor":7,"turns":4},{"damage":13,"enemies":"Looter","floor":8,"turns":2},{"damage":11,"enemies":"Red Slaver","floor":10,"turns":2},{"damage":22,"enemies":"3 Sentries","floor":13,"turns":5},{"damage":3,"enemies":"Large Slime","floor":14,"turns":3},{"damage":54,"enemies":"Slime Boss","floor":16,"turns":8},{"damage":45,"enemies":"Shell Parasite","floor":18,"turns":5},{"damage":31,"enemies":"Chosen","floor":19,"turns":4},{"damage":26,"enemies":"Snecko","floor":21,"turns":4},{"damage":44,"enemies":"Centurion and Healer","floor":22,"turns":5},{"damage":32,"enemies":"Snake Plant","floor":27,"turns":3},{"damage":30,"enemies":"Cultist and Chosen","floor":28,"turns":3}],"seed_played":"2001756153222292413","potions_obtained":[{"floor":2,"key":"Dexterity Potion"},{"floor":5,"key":"Fire Potion"},{"floor":7,"key":"Regen Potion"},{"floor":10,"key":"FearPotion"},{"floor":13,"key":"AttackPotion"},{"floor":14,"key":"SpeedPotion"},{"floor":19,"key":"SkillPotion"},{"floor":21,"key":"SkillPotion"}],"is_trial":false,"path_per_floor":["M","M","?","M","M","R","M","M","T","M","R","?","E","M","R","B",null,"M","M","$","M","M","R","?","T","T","M"],"character_chosen":"IRONCLAD","items_purchased":["Bandage Up","Molten Egg 2"],"campfire_rested":4,"item_purchase_floors":[20,20],"current_hp_per_floor":[75,65,49,48,41,65,29,22,22,19,43,43,29,34,58,12,80,41,23,23,9,20,44,44,44,44,23,0],"gold":138,"neow_bonus":"HUNDRED_GOLD","is_prod":false,"is_daily":false,"chose_seed":false,"campfire_upgraded":0,"win_rate":0.0,"timestamp":1530806805,"path_taken":["M","M","?","?","M","R","M","M","T","?","R","?","E","?","R","BOSS","M","M","$","?","M","R","?","?","T","?","M"],"build_version":"2018-06-28","purchased_purges":1,"victory":false,"max_hp_per_floor":[80,80,80,80,80,80,80,80,80,80,80,80,80,80,80,80,80,80,80,80,80,80,80,80,80,80,83,83],"card_choices":[{"not_picked":["Power Through","Warcry"],"picked":"Headbutt","floor":1},{"not_picked":["Clash","Clothesline"],"picked":"Headbutt","floor":2},{"not_picked":["Seeing Red","Clothesline"],"picked":"Flex","floor":4},{"not_picked":["Wild Strike","Dark Embrace"],"picked":"Hemokinesis","floor":5},{"not_picked":["Sever Soul","Body Slam"],"picked":"Seeing Red","floor":7},{"not_picked":["Seeing Red","Clash"],"picked":"Pommel Strike","floor":8},{"not_picked":["Burning Pact","Evolve"],"picked":"Pommel Strike","floor":10},{"not_picked":["Metallicize","Berserk"],"picked":"Cleave","floor":13},{"not_picked":["Clash","Rage"],"picked":"Combust","floor":14},{"not_picked":["Demon Form","Impervious"],"picked":"Feed","floor":16},{"not_picked":["Perfected Strike","Bloodletting"],"picked":"Cleave+1","floor":18},{"not_picked":["Second Wind","Anger"],"picked":"Battle Trance+1","floor":19},{"not_picked":["Pummel+1","Disarm+1"],"picked":"Perfected Strike+1","floor":21},{"not_picked":["Heavy Blade+1","True Grit"],"picked":"Fire Breathing","floor":22},{"not_picked":["Thunderclap+1","Whirlwind+1","Anger+1"],"picked":"SKIP","floor":27}],"player_experience":40397,"relics_obtained":[{"floor":9,"key":"Blood Vial"},{"floor":13,"key":"Potion Belt"},{"floor":25,"key":"Regal Pillow"},{"floor":26,"key":"Orichalcum"}],"event_choices":[{"event_name":"Shining Light","player_choice":"Entered Light","floor":3,"damage_taken":0},{"event_name":"Purifier","player_choice":"One Purge","floor":12,"damage_taken":0},{"event_name":"Forgotten Altar","player_choice":"Smashed Altar","floor":24,"damage_taken":0}],"boss_relics":[{"not_picked":["Calling Bell","Velvet Choker"],"picked":"Lizard Tail"}],"items_purged_floors":[20],"is_endless":false,"potions_floor_spawned":[2,5,7,10,13,14,19,21],"killed_by":"Cultist and Chosen","ascension_level":0}