{"gold_per_floor":[116,41,55,55,55,55,81,9,9,9,9,22,36,63,63,63],"floor_reached":16,"playtime":463,"items_purged":["Defend_G"],"score":108,"play_id":"6f08cc16-b4fb-4aec-93fe-58ae19d1d62c","local_time":"20180711162438","is_ascension_mode":false,"campfire_choices":[{"data":"Backflip","floor":6,"key":"SMITH"},{"floor":10,"key":"REST"},{"data":"Terror","floor":15,"key":"SMITH"}],"neow_cost":"NONE","seed_source_timestamp":30028562802286,"circlet_count":0,"master_deck":["Defend_G","Defend_G","Defend_G","Defend_G","Strike_G","Strike_G","Strike_G","Strike_G","Strike_G","Survivor","Neutralize","Adrenaline+1","Backflip+1","Terror+1"],"relics":["Ring of the Snake","Blood Vial","Vajra","Ornamental Fan"],"potions_floor_usage":[14,14],"damage_taken":[{"damage":0,"enemies":"2 Louse","floor":1,"turns":2},{"damage":0,"enemies":"Cultist","floor":3,"turns":3},{"damage":38,"enemies":"Gremlin Nob","floor":7,"turns":5},{"damage":0,"enemies":"Jaw Worm","floor":12,"turns":2},{"damage":0,"enemies":"Looter","floor":13,"turns":2},{"damage":10,"enemies":"3 Sentries","floor":14,"turns":8},{"damage":51,"enemies":"Hexaghost","floor":16,"turns":11}],"seed_played":"2424424076332363471","potions_obtained":[{"floor":12,"key":"FearPotion"},{"floor":13,"key":"Swift Potion"}],"is_trial":false,"path_per_floor":["M","$","M","$","?","R","E","$","T","R","$","M","M","E","R"],"character_chosen":"THE_SILENT","items_purchased":["Terror"],"campfire_rested":1,"item_purchase_floors":[8],"current_hp_per_floor":[70,70,70,70,70,70,32,32,32,53,53,55,57,49,49,0],"gold":63,"neow_bonus":"ONE_RANDOM_RARE_CARD","is_prod":false,"is_daily":false,"chose_seed":false,"campfire_upgraded":2,"win_rate":0,"timestamp":1531340678,"path_taken":["M","$","M","$","?","R","E","$","T","R","?","M","M","E","R","BOSS"],"build_version":"2018-07-05","purchased_purges":1,"victory":false,"max_hp_per_floor":[70,70,70,70,70,70,70,70,70,70,70,70,70,70,70,70],"card_choices":[{"not_picked":["Deadly Poison","Flying Knee","Dodge and Roll"],"picked":"SKIP","floor":1},{"not_picked":["Deadly Poison","Slice"],"picked":"Backflip","floor":3},{"not_picked":["Corpse Explosion","Escape Plan","Backflip"],"picked":"SKIP","floor":7},{"not_picked":["Dagger Spray","Quick Slash","Bane"],"picked":"SKIP","floor":12},{"not_picked":["Dagger Throw","Deadly Poison","Dagger Spray"],"picked":"SKIP","floor":13},{"not_picked":["Acrobatics","Wraith Form v2","Deflect"],"picked":"SKIP","floor":14}],"player_experience":230234,"relics_obtained":[{"floor":7,"key":"Blood Vial"},{"floor":9,"key":"Vajra"},{"floor":14,"key":"Ornamental Fan"}],"event_choices":[{"event_name":"Living Wall","player_choice":"Grow","floor":5,"damage_taken":0}],"boss_relics":[],"items_purged_floors":[2],"is_endless":false,"potions_floor_spawned":[12,13],"killed_by":"Hexaghost","ascension_level":0}