{"gold_per_floor":[109,109,34,58,23,23,23,62,62,75,75,93,109,125,125,245,245,258,279,302,302],"floor_reached":21,"playtime":993,"items_purged":["Defend_G"],"score":181,"play_id":"70191563-e393-4b2e-b07d-886a54fe47c5","local_time":"20180704232546","is_ascension_mode":false,"campfire_choices":[{"data":"Die Die Die","floor":6,"key":"SMITH"},{"floor":11,"key":"REST"},{"floor":15,"key":"REST"}],"neow_cost":"FIFTY_PERCENT_DAMAGE","seed_source_timestamp":1200250017300418,"circlet_count":0,"master_deck":["Defend_G","Defend_G","Defend_G","Defend_G","Strike_G","Strike_G","Strike_G","Strike_G","Strike_G","Survivor","Neutralize","Die Die Die+1","Sucker Punch","Injury","Dagger Throw","Terror","Quick Slash","Riddle With Holes","Underhanded Strike","Die Die Die","Flying Knee","Tools of the Trade","Prepared"],"relics":["Ring of the Snake","Golden Idol","Orichalcum","Oddly Smooth Stone","Bag of Marbles","Black Star"],"potions_floor_usage":[16,16,21],"damage_taken":[{"damage":0,"enemies":"2 Louse","floor":1,"turns":1},{"damage":20,"enemies":"Gremlin Nob","floor":8,"turns":5},{"damage":3,"enemies":"Small Slimes","floor":10,"turns":2},{"damage":0,"enemies":"Cultist","floor":12,"turns":2},{"damage":1,"enemies":"Looter","floor":13,"turns":2},{"damage":4,"enemies":"2 Fungi Beasts","floor":14,"turns":2},{"damage":28,"enemies":"Hexaghost","floor":16,"turns":9},{"damage":17,"enemies":"Shell Parasite","floor":18,"turns":4},{"damage":7,"enemies":"Chosen","floor":19,"turns":3},{"damage":27,"enemies":"Centurion and Healer","floor":20,"turns":7},{"damage":22,"enemies":"Sentry and Sphere","floor":21,"turns":4}],"seed_played":"-2025649286649187342","potions_obtained":[{"floor":8,"key":"PowerPotion"},{"floor":14,"key":"Dexterity Potion"},{"floor":16,"key":"PowerPotion"}],"is_trial":false,"path_per_floor":["M","?","$","T","?","R","$","E","T","M","R","M","M","M","R","B",null,"M","M","M"],"character_chosen":"THE_SILENT","items_purchased":[],"campfire_rested":2,"item_purchase_floors":[],"current_hp_per_floor":[35,35,35,35,52,52,52,32,32,29,50,50,49,45,66,38,70,53,46,19,0],"gold":302,"neow_bonus":"THREE_RARE_CARDS","is_prod":false,"is_daily":false,"chose_seed":false,"campfire_upgraded":1,"win_rate":0.0,"timestamp":1530761146,"path_taken":["M","?","$","?","?","R","$","E","T","M","R","M","M","M","R","BOSS","M","M","M","M"],"build_version":"2018-06-28","purchased_purges":1,"victory":false,"max_hp_per_floor":[70,70,70,70,70,70,70,70,70,70,70,70,70,70,70,70,70,70,70,70,70],"card_choices":[{"not_picked":["Night Terror","After Image"],"picked":"Die Die Die","floor":0},{"not_picked":["Deflect","Masterful Stab"],"picked":"Sucker Punch","floor":1},{"not_picked":["Acrobatics","Dash"],"picked":"Dagger Throw","floor":8},{"not_picked":["Acrobatics","Leg Sweep"],"picked":"Terror","floor":10},{"not_picked":["Backflip","Acrobatics"],"picked":"Quick Slash","floor":12},{"not_picked":["Flying Knee","Noxious Fumes"],"picked":"Riddle With Holes","floor":13},{"not_picked":["Poisoned Stab","Leg Sweep"],"picked":"Underhanded Strike","floor":14},{"not_picked":["Burst","A Thousand Cuts"],"picked":"Die Die Die","floor":16},{"not_picked":["Poisoned Stab","PiercingWail"],"picked":"Flying Knee","floor":18},{"not_picked":["Footwork","Dagger Spray"],"picked":"Tools of the Trade","floor":19},{"not_picked":["Skewer","Dodge and Roll"],"picked":"Prepared","floor":20}],"player_experience":18823,"relics_obtained":[{"floor":4,"key":"Orichalcum"},{"floor":8,"key":"Oddly Smooth Stone"},{"floor":9,"key":"Bag of Marbles"}],"event_choices":[{"event_name":"Golden Idol","player_choice":"Take Wound","floor":2,"damage_taken":0},{"event_name":"The Cleric","player_choice":"Healed","floor":5,"damage_taken":0}],"boss_relics":[{"not_picked":["Fusion Hammer","Sozu"],"picked":"Black Star"}],"items_purged_floors":[3],"is_endless":false,"potions_floor_spawned":[8,14,16],"killed_by":"Sentry and Sphere","ascension_level":0}