{"gold_per_floor":[118,118,43,93,103,103,121,156,156,169,169,219,219,232,232,232],"floor_reached":16,"playtime":438,"items_purged":["Defend_G"],"score":100,"play_id":"cc5638f7-a1bf-49a2-b2af-4e3ab5934001","local_time":"20180712105856","is_ascension_mode":false,"campfire_choices":[{"data":"Terror","floor":6,"key":"SMITH"},{"floor":11,"key":"REST"},{"data":"Flying Knee","floor":13,"key":"SMITH"},{"data":"Survivor","floor":15,"key":"SMITH"}],"neow_cost":"TEN_PERCENT_HP_LOSS","seed_source_timestamp":96913289787922,"circlet_count":0,"master_deck":["Defend_G","Defend_G","Strike_G","Strike_G+1","Strike_G","Strike_G","Strike_G+1","Survivor+1","Neutralize","Flying Knee+1","Terror+1","Accuracy","Regret"],"relics":["Ring of the Snake","SsserpentHead","Thread and Needle","Bottled Flame","Bag of Preparation"],"potions_floor_usage":[8,16,16],"damage_taken":[{"damage":0,"enemies":"2 Louse","floor":1,"turns":3},{"damage":0,"enemies":"Cultist","floor":5,"turns":3},{"damage":3,"enemies":"Small Slimes","floor":7,"turns":2},{"damage":8,"enemies":"Lagavulin","floor":8,"turns":3},{"damage":0,"enemies":"2 Fungi Beasts","floor":10,"turns":3},{"damage":0,"enemies":"Exordium Wildlife","floor":14,"turns":2},{"damage":63,"enemies":"Slime Boss","floor":16,"turns":12}],"seed_played":"5175564561679533893","potions_obtained":[{"floor":1,"key":"GamblersBrew"},{"floor":7,"key":"AttackPotion"},{"floor":8,"key":"Weak Potion"}],"is_trial":false,"path_per_floor":["M","?","$","?","M","R","M","E","T","M","R","?","R","M","R"],"character_chosen":"THE_SILENT","items_purchased":[],"campfire_rested":1,"item_purchase_floors":[],"current_hp_per_floor":[63,63,63,50,50,50,47,39,39,39,57,57,57,57,57,0],"gold":232,"neow_bonus":"REMOVE_TWO","is_prod":false,"is_daily":false,"chose_seed":false,"campfire_upgraded":3,"win_rate":0,"timestamp":1531407536,"path_taken":["M","?","$","?","M","R","M","E","T","M","R","?","R","M","R","BOSS"],"build_version":"2018-07-05","purchased_purges":1,"victory":false,"max_hp_per_floor":[63,63,63,63,63,63,63,63,63,63,63,63,63,63,63,63],"card_choices":[{"not_picked":["Caltrops","Deflect"],"picked":"Flying Knee","floor":1},{"not_picked":["Quick Slash","Sucker Punch"],"picked":"Terror","floor":5},{"not_picked":["Choke","Distraction"],"picked":"Accuracy","floor":7},{"not_picked":["Poisoned Stab","Unload","Predator"],"picked":"SKIP","floor":8},{"not_picked":["Distraction","Underhanded Strike","Deflect"],"picked":"SKIP","floor":10},{"not_picked":["Riddle With Holes","Leg Sweep","Prepared"],"picked":"SKIP","floor":14}],"player_experience":240625,"relics_obtained":[{"floor":8,"key":"Thread and Needle"},{"floor":9,"key":"Bottled Flame"}],"event_choices":[{"event_name":"FaceTrader","player_choice":"Trade","floor":2,"damage_taken":0},{"event_name":"Shining Light","player_choice":"Entered Light","floor":4,"damage_taken":0},{"event_name":"Big Fish","player_choice":"Box","floor":12,"damage_taken":0}],"boss_relics":[],"items_purged_floors":[3],"is_endless":false,"potions_floor_spawned":[1,7,8],"killed_by":"Slime Boss","ascension_level":0}