{"gold_per_floor":[109,109,127,137,155,155,35,35,59,59,73,105,105,121,121,219,219,234,334,344,48,48,48,64,64,146,166,166,177,226,243,243,341,341,351,351,351,5,25,25,38,38,65,75,93,113,113],"floor_reached":47,"playtime":1609,"items_purged":["Defend_R","Defend_R","Defend_R"],"score":581,"play_id":"798539b6-e1f7-464a-8232-af7cc58adec6","local_time":"20180706155703","is_ascension_mode":false,"campfire_choices":[{"floor":6,"key":"REST"},{"floor":13,"key":"REST"},{"floor":15,"key":"REST"},{"floor":23,"key":"REST"},{"floor":25,"key":"REST"},{"floor":28,"key":"REST"},{"floor":32,"key":"REST"},{"floor":40,"key":"REST"},{"floor":42,"key":"REST"}],"neow_cost":"NONE","seed_source_timestamp":1345512878918578,"circlet_count":0,"master_deck":["Strike_R","Strike_R","Strike_R","Strike_R","Strike_R","Defend_R","Bash","Flex","Flame Barrier","Thunderclap","Flex","Perfected Strike","Thunderclap","Perfected Strike","Offering","Spot Weakness","Perfected Strike","Spot Weakness","Whirlwind","Seeing Red+1"],"relics":["Fusion Hammer","Blood Vial","Philosopher\u0027s Stone","TwistedFunnel","Tiny Chest","Oddly Smooth Stone","Busted Crown","Calipers","Singing Bowl","Potion Belt"],"potions_floor_usage":[16,16,16,33,37,39,46],"damage_taken":[{"damage":3,"enemies":"2 Louse","floor":1,"turns":3},{"damage":6,"enemies":"Cultist","floor":3,"turns":3},{"damage":11,"enemies":"Jaw Worm","floor":4,"turns":2},{"damage":7,"enemies":"Blue Slaver","floor":5,"turns":3},{"damage":10,"enemies":"Looter","floor":11,"turns":3},{"damage":36,"enemies":"Lagavulin","floor":12,"turns":4},{"damage":6,"enemies":"Lots of Slimes","floor":14,"turns":3},{"damage":54,"enemies":"Hexaghost","floor":16,"turns":6},{"damage":18,"enemies":"Chosen","floor":18,"turns":3},{"damage":11,"enemies":"2 Thieves","floor":20,"turns":2},{"damage":26,"enemies":"Snake Plant","floor":24,"turns":2},{"damage":4,"enemies":"Snecko","floor":27,"turns":2},{"damage":6,"enemies":"Centurion and Healer","floor":29,"turns":3},{"damage":27,"enemies":"Snake Plant","floor":31,"turns":3},{"damage":82,"enemies":"Collector","floor":33,"turns":6},{"damage":19,"enemies":"3 Darklings","floor":35,"turns":3},{"damage":28,"floor":37,"turns":4},{"damage":0,"enemies":"Orb Walker","floor":39,"turns":2},{"damage":4,"enemies":"Sphere and 2 Shapes","floor":41,"turns":2},{"damage":41,"enemies":"Maw","floor":44,"turns":5},{"damage":29,"enemies":"4 Shapes","floor":45,"turns":2},{"damage":0,"enemies":"3 Darklings","floor":46,"turns":1},{"damage":24,"enemies":"Sphere and 2 Shapes","floor":47,"turns":1}],"seed_played":"1636327115661524252","potions_obtained":[{"floor":3,"key":"FearPotion"},{"floor":4,"key":"Fire Potion"},{"floor":14,"key":"AttackPotion"},{"floor":29,"key":"GamblersBrew"},{"floor":31,"key":"BloodPotion"},{"floor":33,"key":"PowerPotion"},{"floor":37,"key":"Regen Potion"},{"floor":44,"key":"Dexterity Potion"}],"is_trial":false,"path_per_floor":["M","?","M","M","M","R","$","$","T","$","M","E","R","M","R","B",null,"M","?","M","$","?","R","M","R","T","M","R","M","T","M","R","B",null,"M","?","?","$","M","R","M","R","T","M","M","M"],"character_chosen":"IRONCLAD","items_purchased":["Perfected Strike","TwistedFunnel","Singing Bowl","Whirlwind"],"campfire_rested":9,"item_purchase_floors":[7,21,38,38],"current_hp_per_floor":[77,77,71,60,53,77,77,77,77,77,67,31,55,51,75,23,80,62,62,53,53,53,77,53,77,77,75,80,74,74,49,73,1,80,61,61,35,35,44,68,68,84,84,45,18,22,0],"gold":113,"neow_bonus":"BOSS_RELIC","is_prod":false,"is_daily":false,"chose_seed":false,"campfire_upgraded":0,"win_rate":0,"timestamp":1530907023,"path_taken":["M","?","M","M","M","R","?","$","T","$","?","E","R","M","R","BOSS","M","?","M","$","?","R","M","R","T","M","R","M","?","?","R","BOSS","M","?","?","?","M","R","M","R","T","?","M","?","M"],"build_version":"2018-07-05","purchased_purges":3,"victory":false,"max_hp_per_floor":[80,80,80,80,80,80,80,80,80,80,80,80,80,80,80,80,80,80,80,80,80,80,80,80,80,80,80,80,80,80,80,80,80,80,80,80,80,80,82,82,84,84,84,86,86,88,88],"card_choices":[{"not_picked":["Rage","Disarm"],"picked":"Flex","floor":1},{"not_picked":["Flame Barrier","Cleave"],"picked":"Thunderclap","floor":3},{"not_picked":["Twin Strike","Flame Barrier","Pommel Strike"],"picked":"SKIP","floor":4},{"not_picked":["Thunderclap","Cleave"],"picked":"Flex","floor":5},{"not_picked":["Iron Wave","Dropkick","Reaper"],"picked":"SKIP","floor":11},{"not_picked":["Wild Strike","Clash"],"picked":"Thunderclap","floor":12},{"not_picked":["Havoc","Sword Boomerang"],"picked":"Perfected Strike","floor":14},{"not_picked":["Dark Embrace","Reaper"],"picked":"Offering","floor":16},{"not_picked":["Cleave","Sever Soul","Clothesline+1"],"picked":"SKIP","floor":18},{"not_picked":["Clash","Hemokinesis"],"picked":"Spot Weakness","floor":20},{"not_picked":["Twin Strike+1","Cleave","Pommel Strike+1"],"picked":"SKIP","floor":24},{"not_picked":["Havoc","True Grit","Evolve+1"],"picked":"SKIP","floor":27},{"not_picked":["Searing Blow","Headbutt"],"picked":"Spot Weakness","floor":29},{"not_picked":["Clothesline","Power Through+1","Corruption"],"picked":"SKIP","floor":31},{"not_picked":["Anger+1"],"picked":"SKIP","floor":35},{"not_picked":["Twin Strike"],"picked":"Singing Bowl","floor":39},{"not_picked":["Rampage"],"picked":"Singing Bowl","floor":41},{"not_picked":["Havoc"],"picked":"Singing Bowl","floor":44},{"not_picked":[],"picked":"Seeing Red+1","floor":45},{"not_picked":["Clothesline"],"picked":"Singing Bowl","floor":46}],"player_experience":99730,"relics_obtained":[{"floor":12,"key":"Blood Vial"},{"floor":26,"key":"Tiny Chest"},{"floor":30,"key":"Oddly Smooth Stone"},{"floor":37,"key":"Calipers"},{"floor":43,"key":"Potion Belt"}],"event_choices":[{"event_name":"Match and Keep!","player_choice":"1 cards matched","floor":2,"damage_taken":0},{"event_name":"Golden Shrine","player_choice":"Pray","floor":19,"damage_taken":0},{"event_name":"The Library","player_choice":"Read","floor":22,"damage_taken":0},{"event_name":"SensoryStone","player_choice":"Memory 1","floor":36,"damage_taken":0},{"event_name":"MindBloom","player_choice":"Fight","floor":37,"damage_taken":0}],"boss_relics":[{"not_picked":["Snecko Eye","Eternal Feather"],"picked":"Philosopher\u0027s Stone"},{"not_picked":["Astrolabe","Calling Bell"],"picked":"Busted Crown"}],"items_purged_floors":[7,21,38],"is_endless":false,"potions_floor_spawned":[3,4,14,29,31,33,37,44],"killed_by":"Sphere and 2 Shapes","ascension_level":0}