{"gold_per_floor":[109,109,109,128,144,144,169,187,239,250,250,237,237,266,266,266],"floor_reached":16,"playtime":574,"items_purged":[],"score":190,"play_id":"dfd8ff58-28ca-4d9b-ae41-3f676c9ea5d3","local_time":"20190330213057","is_ascension_mode":true,"campfire_choices":[{"data":"Clothesline","floor":6,"key":"SMITH"},{"data":"Carnage","floor":11,"key":"SMITH"},{"data":"True Grit","floor":13,"key":"SMITH"},{"data":"Spot Weakness","floor":15,"key":"SMITH"}],"neow_cost":"NONE","seed_source_timestamp":36227957874900,"circlet_count":0,"master_deck":["AscendersBane","Strike_R","Strike_R","Strike_R","Strike_R","Strike_R","Defend_R","Defend_R","Defend_R","Defend_R","Bash","Feel No Pain","Clothesline+1","Carnage+1","True Grit+1","Spot Weakness+1","Sword Boomerang"],"relics":["Burning Blood","Art of War","Pear","Anchor","Boot"],"potions_floor_usage":[7,12,14],"damage_taken":[{"damage":0,"enemies":"Small Slimes","floor":1,"turns":3},{"damage":6,"enemies":"Cultist","floor":4,"turns":4},{"damage":3,"enemies":"2 Louse","floor":5,"turns":3},{"damage":21,"enemies":"3 Sentries","floor":7,"turns":8},{"damage":12,"enemies":"Exordium Wildlife","floor":8,"turns":4},{"damage":3,"enemies":"3 Louse","floor":10,"turns":4},{"damage":5,"enemies":"Exordium Thugs","floor":12,"turns":4},{"damage":18,"enemies":"Gremlin Nob","floor":14,"turns":5},{"damage":56,"enemies":"Slime Boss","floor":16,"turns":8}],"seed_played":"5927466514578662781","potions_obtained":[{"floor":1,"key":"Explosive Potion"},{"floor":4,"key":"Block Potion"},{"floor":7,"key":"Swift Potion"},{"floor":14,"key":"Ancient Potion"}],"is_trial":false,"path_per_floor":["?","?"],"character_chosen":"IRONCLAD","items_purchased":[],"campfire_rested":0,"item_purchase_floors":[],"current_hp_per_floor":[74,74,67,67,70,70,65,59,59,62,62,63,63,51,51,0],"gold":266,"neow_bonus":"RANDOM_COMMON_RELIC","is_prod":false,"is_daily":false,"chose_seed":false,"campfire_upgraded":4,"win_rate":0,"timestamp":1553995857,"path_taken":["M","?","?","M","M","R","E","M","T","M","R","M","R","E","R","BOSS"],"build_version":"2019-01-23","purchased_purges":0,"victory":false,"max_hp_per_floor":[75,75,75,75,75,75,85,85,85,85,85,85,85,85,85,85],"card_choices":[{"not_picked":["Bloodletting","Shrug It Off"],"picked":"Feel No Pain","floor":1},{"not_picked":["True Grit","Spot Weakness"],"picked":"Clothesline","floor":4},{"not_picked":["Fire Breathing","Combust"],"picked":"Carnage","floor":5},{"not_picked":["Dark Embrace","Blood for Blood","Body Slam"],"picked":"SKIP","floor":7},{"not_picked":["Thunderclap","Reckless Charge","Iron Wave"],"picked":"SKIP","floor":8},{"not_picked":["Clothesline","Body Slam"],"picked":"True Grit","floor":10},{"not_picked":["Clothesline","Clash"],"picked":"Spot Weakness","floor":12},{"not_picked":["Pommel Strike","True Grit"],"picked":"Sword Boomerang","floor":14}],"player_experience":361202,"relics_obtained":[{"floor":7,"key":"Pear"},{"floor":9,"key":"Anchor"},{"floor":14,"key":"Boot"}],"event_choices":[{"damage_healed":0,"gold_gain":0,"player_choice":"Ignored","damage_taken":0,"max_hp_gain":0,"max_hp_loss":0,"event_name":"Liars Game","floor":2,"gold_loss":0},{"damage_healed":0,"gold_gain":0,"player_choice":"Damaged","damage_taken":7,"max_hp_gain":0,"max_hp_loss":0,"event_name":"Wheel of Change","floor":3,"gold_loss":0}],"is_beta":false,"boss_relics":[],"items_purged_floors":[],"is_endless":false,"potions_floor_spawned":[1,4,7,14],"killed_by":"Slime Boss","ascension_level":14}