{"gold_per_floor":[111,111,111,124,49,49,64,64,90,90,105,119,119,42,42,137,137,155,155,5,5,15,15,46,46,46,61,161,173,88,28,28,123,123,143,143,155,230,105,105,137,137,183,201,201,221,233,243,243,243],"floor_reached":50,"playtime":1446,"items_purged":["Defend_R","Strike_R","Strike_R"],"score":556,"play_id":"25d75ea0-120e-4a9e-a307-232a46fb67fa","local_time":"20180926150253","is_ascension_mode":true,"campfire_choices":[{"data":"Flex","floor":6,"key":"SMITH"},{"data":"Bash","floor":8,"key":"SMITH"},{"data":"Whirlwind","floor":15,"key":"SMITH"},{"data":"Strike_R","floor":23,"key":"SMITH"},{"data":"Inflame","floor":25,"key":"SMITH"},{"data":"1","floor":32,"key":"LIFT"},{"data":"2","floor":40,"key":"LIFT"},{"data":"3","floor":42,"key":"LIFT"},{"data":"Defend_R","floor":45,"key":"SMITH"}],"neow_cost":"","seed_source_timestamp":445184394779237,"circlet_count":0,"master_deck":["Strike_R+1","Strike_R+1","Defend_R+1","Defend_R+1","Bash+1","Flex+1","Flex+1","Whirlwind+1","Twin Strike+1","Inflame+1"],"relics":["Black Blood","Bag of Marbles","Gremlin Horn","Coffee Dripper","Matryoshka","Orichalcum","Girya","Bird Faced Urn","Kunai","Dodecahedron","Mercury Hourglass","Lantern","Oddly Smooth Stone"],"potions_floor_usage":[11,16,28,33,33,33,50,50],"damage_taken":[{"damage":8,"enemies":"2 Louse","floor":1,"turns":3},{"damage":10,"enemies":"Small Slimes","floor":4,"turns":3},{"damage":12,"enemies":"Jaw Worm","floor":7,"turns":2},{"damage":0,"enemies":"Looter","floor":11,"turns":2},{"damage":0,"enemies":"Blue Slaver","floor":12,"turns":1},{"damage":50,"enemies":"The Guardian","floor":16,"turns":6},{"damage":14,"enemies":"Shell Parasite","floor":18,"turns":2},{"damage":11,"enemies":"Spheric Guardian","floor":22,"turns":3},{"damage":0,"enemies":"Slavers","floor":24,"turns":1},{"damage":18,"enemies":"Snake Plant","floor":27,"turns":2},{"damage":8,"enemies":"Colosseum Slavers","floor":28,"turns":2},{"damage":0,"enemies":"Colosseum Nobs","floor":28,"turns":2},{"damage":4,"enemies":"Snecko","floor":29,"turns":3},{"damage":24,"enemies":"Champ","floor":33,"turns":4},{"damage":21,"enemies":"3 Darklings","floor":35,"turns":3},{"damage":3,"enemies":"Orb Walker","floor":37,"turns":2},{"damage":33,"enemies":"Nemesis","floor":41,"turns":6},{"damage":14,"enemies":"Transient","floor":44,"turns":5},{"damage":12,"enemies":"Sphere and 2 Shapes","floor":46,"turns":1},{"damage":0,"enemies":"Maw","floor":47,"turns":4},{"damage":0,"enemies":"3 Darklings","floor":48,"turns":1},{"damage":77,"enemies":"Time Eater","floor":50,"turns":4}],"seed_played":"6753215470875148446","potions_obtained":[{"floor":1,"key":"EssenceOfSteel"},{"floor":11,"key":"Strength Potion"},{"floor":16,"key":"BloodPotion"},{"floor":18,"key":"Energy Potion"},{"floor":24,"key":"Fire Potion"},{"floor":29,"key":"Energy Potion"},{"floor":35,"key":"Dexterity Potion"},{"floor":44,"key":"PowerPotion"},{"floor":47,"key":"Fire Potion"}],"is_trial":false,"path_per_floor":["M","?","?","M","$","R","M","R","T","T","M","M","?","$","R","B",null,"M","?","$","?","M","R","E","R","T","M","?","M","?","?","R","B",null,"M","?","M","?","$","R","E","R","T","M","R","M","M","M","R"],"character_chosen":"IRONCLAD","items_purchased":["Whirlwind","Strength Potion"],"campfire_rested":0,"item_purchase_floors":[14,20],"current_hp_per_floor":[78,62,62,58,58,58,52,52,52,52,58,64,64,64,64,20,80,72,72,72,72,67,67,73,73,73,61,65,67,67,67,67,51,80,71,71,76,69,69,69,48,48,48,46,46,44,56,66,66,0],"gold":243,"neow_bonus":"","is_prod":false,"is_daily":false,"chose_seed":false,"campfire_upgraded":6,"win_rate":0,"timestamp":1537988573,"path_taken":["M","?","?","M","$","R","M","R","T","?","M","M","?","$","R","BOSS","M","?","$","?","M","R","E","R","T","M","?","?","?","?","R","BOSS","M","?","?","?","$","R","E","R","T","M","R","M","M","M","R","BOSS"],"build_version":"2018-09-20","purchased_purges":3,"victory":false,"max_hp_per_floor":[80,80,80,80,80,80,80,80,80,80,80,80,80,80,80,80,80,80,80,80,80,80,80,80,80,80,80,80,80,80,80,80,80,80,80,76,76,76,76,76,76,76,76,76,76,76,76,76,76,76],"card_choices":[{"not_picked":["Fire Breathing","Sever Soul","Second Wind"],"picked":"SKIP","floor":1},{"not_picked":["Clash","Twin Strike"],"picked":"Flex","floor":4},{"not_picked":["Shockwave","Corruption","Metallicize"],"picked":"SKIP","floor":7},{"not_picked":["Pommel Strike","Havoc"],"picked":"Flex","floor":11},{"not_picked":["Intimidate","Flex","Warcry"],"picked":"SKIP","floor":12},{"not_picked":["Iron Wave","Clash+1","Entrench+1"],"picked":"SKIP","floor":18},{"not_picked":["Power Through","Body Slam"],"picked":"Twin Strike+1","floor":22},{"not_picked":["Dual Wield+1","Sever Soul"],"picked":"Inflame","floor":24},{"not_picked":["Corruption","Warcry","Headbutt"],"picked":"SKIP","floor":27},{"not_picked":["Impervious","Inflame","Anger"],"picked":"SKIP","floor":29},{"not_picked":["Perfected Strike","Anger","True Grit+1"],"picked":"SKIP","floor":35},{"not_picked":["Heavy Blade","Armaments","Burning Pact"],"picked":"SKIP","floor":37},{"not_picked":["Flex","Perfected Strike+1","Shrug It Off+1"],"picked":"SKIP","floor":41},{"not_picked":["Dual Wield","Clothesline+1","Shrug It Off"],"picked":"SKIP","floor":44},{"not_picked":["Flex","Anger","Shockwave"],"picked":"SKIP","floor":46},{"not_picked":["True Grit","Hemokinesis","Blood for Blood"],"picked":"SKIP","floor":47},{"not_picked":["Armaments+1","Flex","Rupture"],"picked":"SKIP","floor":48}],"player_experience":422708,"relics_obtained":[{"floor":9,"key":"Bag of Marbles"},{"floor":10,"key":"Gremlin Horn"},{"floor":24,"key":"Matryoshka"},{"floor":26,"key":"Orichalcum"},{"floor":26,"key":"Girya"},{"floor":28,"key":"Bird Faced Urn"},{"floor":28,"key":"Kunai"},{"floor":41,"key":"Mercury Hourglass"},{"floor":43,"key":"Lantern"},{"floor":43,"key":"Oddly Smooth Stone"}],"event_choices":[{"event_name":"Shining Light","player_choice":"Entered Light","floor":2,"damage_taken":0},{"event_name":"Scrap Ooze","player_choice":"unsuccessful","floor":3,"damage_taken":0},{"event_name":"Living Wall","player_choice":"Grow","floor":13,"damage_taken":0},{"event_name":"Wheel of Change","player_choice":"Card Removal","floor":19,"damage_taken":0},{"event_name":"Vampires","player_choice":"Ignored","floor":21,"damage_taken":0},{"event_name":"Colosseum","player_choice":"Fight","floor":28,"damage_taken":0},{"event_name":"Colosseum","player_choice":"Fought Nobs","floor":28,"damage_taken":0},{"event_name":"Addict","player_choice":"Obtained Relic","floor":30,"damage_taken":0},{"event_name":"Designer","player_choice":"Remove Card","floor":31,"damage_taken":0},{"event_name":"Winding Halls","player_choice":"Max HP","floor":36,"damage_taken":0},{"event_name":"FaceTrader","player_choice":"Touch","floor":38,"damage_taken":0}],"is_beta":false,"boss_relics":[{"not_picked":["Sozu","Orrery"],"picked":"Coffee Dripper"},{"not_picked":["Astrolabe","Runic Cube"],"picked":"Black Blood"}],"items_purged_floors":[5,20,39],"is_endless":false,"potions_floor_spawned":[1,11,16,18,24,29,35,44,47],"killed_by":"Time Eater","ascension_level":2}