{"gold_per_floor":[12,31,45,60,60,60,88,108,132,166,166,91,166,183,183,287,287,297,197,208,208,83,83,111,128,128,148,71,81,101,120,120,120],"floor_reached":33,"playtime":729,"items_purged":["Defend_B","Zap","Dualcast"],"score":306,"play_id":"d92ec07c-b3a2-4e06-8131-a6cc1f85a597","local_time":"20180709221308","is_ascension_mode":false,"campfire_choices":[{"data":"Hyperbeam","floor":6,"key":"SMITH"},{"data":"Beam Cell","floor":11,"key":"SMITH"},{"floor":15,"key":"REST"},{"data":"Seek","floor":23,"key":"SMITH"},{"floor":32,"key":"REST"}],"neow_cost":"NO_GOLD","seed_source_timestamp":1628162054933307,"circlet_count":0,"master_deck":["Strike_B","Strike_B","Strike_B","Strike_B","Defend_B","Defend_B","Defend_B","Hyperbeam+1","Beam Cell+1","Beam Cell","Streamline","Seek+1","Hologram","J.A.X.","Skim+1"],"relics":["Cracked Core","Anchor","Omamori","Vajra","Nuclear Battery","Strawberry","Singing Bowl","DataDisk"],"potions_floor_usage":[10,10,16,31,33,33],"damage_taken":[{"damage":6,"enemies":"Cultist","floor":1,"turns":3},{"damage":0,"enemies":"Small Slimes","floor":2,"turns":1},{"damage":7,"enemies":"2 Louse","floor":3,"turns":2},{"damage":0,"enemies":"Red Slaver","floor":4,"turns":1},{"damage":18,"enemies":"Gremlin Nob","floor":7,"turns":3},{"damage":0,"enemies":"2 Fungi Beasts","floor":8,"turns":2},{"damage":8,"enemies":"Lagavulin","floor":10,"turns":3},{"damage":0,"enemies":"Exordium Thugs","floor":14,"turns":1},{"damage":38,"enemies":"Hexaghost","floor":16,"turns":7},{"damage":0,"enemies":"Shell Parasite","floor":18,"turns":2},{"damage":0,"enemies":"Chosen","floor":20,"turns":2},{"damage":16,"enemies":"Book of Stabbing","floor":24,"turns":4},{"damage":8,"enemies":"Snecko","floor":25,"turns":3},{"damage":0,"enemies":"3 Cultists","floor":27,"turns":2},{"damage":11,"enemies":"Snake Plant","floor":29,"turns":2},{"damage":3,"enemies":"Centurion and Healer","floor":30,"turns":3},{"damage":15,"enemies":"Snecko","floor":31,"turns":3},{"damage":78,"enemies":"Champ","floor":33,"turns":6}],"seed_played":"6799670169406283728","potions_obtained":[{"floor":1,"key":"Weak Potion"},{"floor":3,"key":"Dexterity Potion"},{"floor":7,"key":"Strength Potion"},{"floor":8,"key":"Fire Potion"},{"floor":16,"key":"FocusPotion"},{"floor":24,"key":"Swift Potion"},{"floor":25,"key":"Energy Potion"},{"floor":27,"key":"PowerPotion"}],"is_trial":false,"path_per_floor":["M","M","M","M","$","R","E","M","T","E","R","$","?","M","R","B",null,"M","$","M","T","$","R","E","M","T","M","?","M","M","M","R"],"character_chosen":"DEFECT","items_purchased":[],"campfire_rested":2,"item_purchase_floors":[],"current_hp_per_floor":[69,69,62,62,62,62,44,44,44,36,36,36,25,25,47,9,75,75,75,75,82,82,82,68,62,62,62,62,53,52,37,64,0],"gold":120,"neow_bonus":"THREE_RARE_CARDS","is_prod":false,"is_daily":false,"chose_seed":false,"campfire_upgraded":3,"win_rate":0.0,"timestamp":1531188788,"path_taken":["M","?","M","M","$","R","E","M","T","E","R","$","?","M","R","BOSS","M","$","M","?","$","R","E","M","T","M","?","M","?","M","R","BOSS"],"build_version":"2018-07-05","purchased_purges":3,"victory":false,"max_hp_per_floor":[75,75,75,75,75,75,75,75,75,75,75,75,75,75,75,75,75,75,75,75,82,82,82,84,86,86,86,86,88,90,90,90,90],"card_choices":[{"not_picked":["Thunder Strike","Creative AI"],"picked":"Hyperbeam","floor":0},{"not_picked":["FTL","Skim"],"picked":"Beam Cell","floor":1},{"not_picked":["Barrage","Steam","Chill"],"picked":"SKIP","floor":2},{"not_picked":["Barrage","Undo"],"picked":"Beam Cell","floor":3},{"not_picked":["Cold Snap","Beam Cell","Compile Driver"],"picked":"SKIP","floor":4},{"not_picked":["Redo","Doom and Gloom","Ball Lightning"],"picked":"SKIP","floor":7},{"not_picked":["Coolheaded","FTL"],"picked":"Streamline","floor":8},{"not_picked":["Chill","Sweeping Beam","Echo Form"],"picked":"SKIP","floor":10},{"not_picked":["Steam","Sweeping Beam","Turbo"],"picked":"SKIP","floor":14},{"not_picked":["Electrodynamics","Amplify"],"picked":"Seek","floor":16},{"not_picked":["Double Energy+1","Conserve Battery+1","Redo+1"],"picked":"SKIP","floor":18},{"not_picked":["Go for the Eyes","Static Discharge","Chill"],"picked":"SKIP","floor":20},{"not_picked":["Darkness","Recycle","Conserve Battery"],"picked":"Singing Bowl","floor":24},{"not_picked":["Glacier","Compile Driver","Aggregate"],"picked":"Singing Bowl","floor":25},{"not_picked":["Steam Power","Leap"],"picked":"Hologram","floor":27},{"not_picked":["Streamline","Core Surge","Hologram+1"],"picked":"Singing Bowl","floor":29},{"not_picked":["Stack","Turbo+1","Sweeping Beam"],"picked":"Singing Bowl","floor":30},{"not_picked":["Coolheaded","Machine Learning"],"picked":"Skim+1","floor":31}],"player_experience":162908,"relics_obtained":[{"floor":7,"key":"Anchor"},{"floor":9,"key":"Omamori"},{"floor":10,"key":"Vajra"},{"floor":21,"key":"Strawberry"},{"floor":24,"key":"Singing Bowl"},{"floor":26,"key":"DataDisk"}],"event_choices":[{"event_name":"World of Goop","player_choice":"Gather Gold","floor":13,"damage_taken":0},{"event_name":"Drug Dealer","player_choice":"Got JAXXED","floor":28,"damage_taken":0}],"boss_relics":[{"not_picked":["Black Star","Philosopher\u0027s Stone"],"picked":"Nuclear Battery"}],"items_purged_floors":[12,19,22],"is_endless":false,"potions_floor_spawned":[1,3,7,8,16,24,25,27,29],"killed_by":"Champ","ascension_level":0}