{"gold_per_floor":[119,119,134,147,147,173,96,111,137,137,153,171,171,171,171,273,273,287,151,162,175,191,191,191],"floor_reached":24,"playtime":3318,"items_purged":[],"score":200,"play_id":"36af4b47-346a-44cc-acf1-c6eec78c9eb3","local_time":"20190131203721","is_ascension_mode":false,"campfire_choices":[{"floor":10,"key":"REST"},{"floor":13,"key":"REST"},{"floor":15,"key":"REST"},{"floor":23,"key":"REST"}],"neow_cost":"NONE","seed_source_timestamp":1335619807696,"circlet_count":0,"master_deck":["Defend_G","Defend_G","Defend_G","Defend_G","Defend_G","Strike_G","Strike_G+1","Strike_G","Strike_G+1","Survivor","Neutralize","Dagger Spray+1","Slice","Finisher","Terror","Infinite Blades+1","Predator","Quick Slash","Backstab","Caltrops","Flying Knee","Noxious Fumes","Doppelganger","Flechettes","Doppelganger","Slice+1"],"relics":["Ring of the Snake","Dream Catcher","Anchor","Runic Pyramid"],"potions_floor_usage":[6,8,11],"damage_taken":[{"damage":0,"enemies":"2 Louse","floor":1,"turns":3},{"damage":0,"enemies":"Cultist","floor":3,"turns":3},{"damage":1,"enemies":"Jaw Worm","floor":4,"turns":3},{"damage":26,"enemies":"Lagavulin","floor":6,"turns":11},{"damage":16,"enemies":"Large Slime","floor":8,"turns":5},{"damage":0,"enemies":"Exordium Thugs","floor":11,"turns":3},{"damage":0,"enemies":"Looter","floor":12,"turns":2},{"damage":20,"enemies":"Slime Boss","floor":16,"turns":9},{"damage":0,"enemies":"Spheric Guardian","floor":18,"turns":3},{"damage":7,"enemies":"Shell Parasite","floor":20,"turns":3},{"damage":21,"enemies":"Snecko","floor":21,"turns":4},{"damage":37,"enemies":"Chosen and Byrds","floor":22,"turns":7},{"damage":29,"enemies":"Shelled Parasite and Fungi","floor":24,"turns":3}],"seed_played":"2556949822692390957","potions_obtained":[{"floor":1,"key":"Dexterity Potion"},{"floor":3,"key":"Explosive Potion"},{"floor":8,"key":"Block Potion"},{"floor":11,"key":"PowerPotion"},{"floor":16,"key":"Ancient Potion"},{"floor":18,"key":"Explosive Potion"}],"is_trial":false,"path_per_floor":["?","?","M","?"],"character_chosen":"THE_SILENT","items_purchased":["Infinite Blades","Doppelganger"],"campfire_rested":4,"item_purchase_floors":[7,19],"current_hp_per_floor":[70,70,70,69,69,43,43,27,27,48,48,48,69,55,70,50,70,70,70,63,42,5,26,0],"gold":191,"neow_bonus":"UPGRADE_CARD","is_prod":false,"is_daily":false,"chose_seed":false,"campfire_upgraded":0,"win_rate":0.0,"timestamp":1548977841,"path_taken":["M","?","M","M","?","E","$","M","T","R","M","?","R","?","R","BOSS","M","$","M","M","M","R","M"],"build_version":"2019-01-23","purchased_purges":0,"victory":false,"max_hp_per_floor":[70,70,70,70,70,70,70,70,70,70,70,70,70,70,70,70,70,70,70,70,70,70,70,70],"card_choices":[{"not_picked":["Prepared","Riddle With Holes"],"picked":"Dagger Spray","floor":1},{"not_picked":["Prepared","Outmaneuver"],"picked":"Slice","floor":3},{"not_picked":["Deflect","PiercingWail"],"picked":"Finisher","floor":4},{"not_picked":["A Thousand Cuts","Noxious Fumes"],"picked":"Terror","floor":6},{"not_picked":["Backflip","Underhanded Strike"],"picked":"Predator","floor":8},{"not_picked":["Finisher","Deadly Poison"],"picked":"Quick Slash","floor":10},{"not_picked":["Riddle With Holes","Masterful Stab"],"picked":"Backstab","floor":11},{"not_picked":["Choke","Dodge and Roll"],"picked":"Caltrops","floor":12},{"not_picked":["Prepared","Dagger Spray"],"picked":"Flying Knee","floor":13},{"not_picked":["Underhanded Strike","Acrobatics"],"picked":"Noxious Fumes","floor":15},{"not_picked":["After Image","Corpse Explosion"],"picked":"Doppelganger","floor":16},{"not_picked":["Well Laid Plans","Poisoned Stab"],"picked":"Flechettes","floor":18},{"not_picked":["Underhanded Strike","Finisher","Masterful Stab"],"picked":"SKIP","floor":20},{"not_picked":["Prepared","Eviscerate","Dagger Throw"],"picked":"SKIP","floor":21},{"not_picked":["Quick Slash","Masterful Stab","Tactician"],"picked":"SKIP","floor":22},{"not_picked":["Footwork+1","Quick Slash"],"picked":"Slice+1","floor":23}],"player_experience":44166,"relics_obtained":[{"floor":6,"key":"Dream Catcher"},{"floor":9,"key":"Anchor"}],"event_choices":[{"damage_healed":0,"gold_gain":0,"player_choice":"Grow","damage_taken":0,"max_hp_gain":0,"max_hp_loss":0,"event_name":"Living Wall","floor":2,"gold_loss":0,"cards_upgraded":["Dagger Spray"]},{"cards_removed":["Strike_G"],"damage_healed":0,"gold_gain":0,"player_choice":"Purged","damage_taken":0,"max_hp_gain":0,"max_hp_loss":0,"event_name":"Purifier","floor":5,"gold_loss":0},{"damage_healed":0,"gold_gain":0,"player_choice":"Entered Light","damage_taken":14,"max_hp_gain":0,"max_hp_loss":0,"event_name":"Shining Light","floor":14,"gold_loss":0,"cards_upgraded":["Strike_G","Infinite Blades"]}],"is_beta":false,"boss_relics":[{"not_picked":["Snecko Eye","HoveringKite"],"picked":"Runic Pyramid"}],"items_purged_floors":[],"is_endless":false,"potions_floor_spawned":[1,3,8,11,16,18],"killed_by":"Shelled Parasite and Fungi","ascension_level":0}