{"gold_per_floor":[214,233,253,271,271,286,286,122,203,236,236,266,266,285,285,383,383,398,430,430,443,443,443,128,146,146,146,157,188,188,202,202,298,298,318,373,390,6,23,53,67,102,102,102,102,130,144,200,200,200],"floor_reached":51,"playtime":4469,"items_purged":["Strike_G"],"score":1176,"play_id":"c237f168-0630-49f1-951c-81af0863d4e9","local_time":"20190325121047","is_ascension_mode":true,"campfire_choices":[{"data":"Footwork","floor":7,"key":"SMITH"},{"data":"Neutralize","floor":11,"key":"SMITH"},{"floor":15,"key":"REST"},{"data":"Caltrops","floor":23,"key":"SMITH"},{"data":"Panache","floor":27,"key":"SMITH"},{"data":"Burst","floor":30,"key":"SMITH"},{"data":"Burst","floor":32,"key":"SMITH"},{"data":"Well Laid Plans","floor":45,"key":"SMITH"},{"data":"Wraith Form v2","floor":49,"key":"SMITH"}],"neow_cost":"NONE","seed_source_timestamp":1352939444100,"circlet_count":0,"master_deck":["Defend_G","Defend_G","Defend_G","Defend_G","Defend_G","Strike_G","Strike_G","Strike_G","Strike_G","Survivor","Neutralize+1","Terror","Flying Knee","Footwork+1","Burst+1","Caltrops+1","Bandage Up","Well Laid Plans+1","Dagger Spray","Backflip","Burst+1","Escape Plan","Ghostly","Ghostly","Ghostly","Ghostly","Ghostly","Panache+1","Cloak And Dagger","Backflip","Adrenaline","Prepared+1","Night Terror","Dodge and Roll+1","Blur","Finesse","Apotheosis","Burst","Backflip","Burst","Infinite Blades","Finisher+1","HandOfGreed","Burst","Wraith Form v2+1"],"relics":["Ring of the Snake","Dodecahedron","Gambling Chip","Bronze Scales","Philosopher\u0027s Stone","Red Mask","Ancient Tea Set","Sundial","Cursed Key","Tingsha","Du-Vu Doll","Pantograph","Vajra","Mummified Hand"],"potions_floor_usage":[18,18,19],"damage_taken":[{"damage":0,"enemies":"Small Slimes","floor":1,"turns":3},{"damage":1,"enemies":"Jaw Worm","floor":2,"turns":5},{"damage":0,"enemies":"2 Louse","floor":3,"turns":3},{"damage":13,"enemies":"Lots of Slimes","floor":4,"turns":6},{"damage":6,"enemies":"2 Fungi Beasts","floor":6,"turns":4},{"damage":18,"enemies":"Lagavulin","floor":10,"turns":11},{"damage":34,"enemies":"3 Sentries","floor":12,"turns":10},{"damage":4,"enemies":"Looter","floor":14,"turns":3},{"damage":0,"enemies":"The Guardian","floor":16,"turns":11},{"damage":2,"enemies":"2 Thieves","floor":18,"turns":4},{"damage":32,"enemies":"Masked Bandits","floor":19,"turns":6},{"damage":0,"enemies":"3 Byrds","floor":21,"turns":5},{"damage":2,"enemies":"Sentry and Sphere","floor":25,"turns":6},{"damage":3,"enemies":"Snake Plant","floor":28,"turns":3},{"damage":2,"enemies":"Book of Stabbing","floor":29,"turns":5},{"damage":0,"enemies":"Shelled Parasite and Fungi","floor":31,"turns":5},{"damage":0,"enemies":"Champ","floor":33,"turns":10},{"damage":0,"enemies":"Orb Walker","floor":35,"turns":3},{"damage":2,"enemies":"2 Orb Walkers","floor":36,"turns":8},{"damage":4,"enemies":"3 Darklings","floor":37,"turns":5},{"damage":0,"enemies":"Spire Growth","floor":39,"turns":6},{"damage":0,"enemies":"Nemesis","floor":40,"turns":9},{"damage":2,"enemies":"Sphere and 2 Shapes","floor":41,"turns":5},{"damage":1,"enemies":"Giant Head","floor":42,"turns":7},{"damage":6,"enemies":"Reptomancer","floor":46,"turns":6},{"damage":7,"enemies":"3 Darklings","floor":47,"turns":6},{"damage":0,"enemies":"Nemesis","floor":48,"turns":7},{"damage":4,"enemies":"Donu and Deca","floor":50,"turns":12}],"seed_played":"2903135493591808086","potions_obtained":[{"floor":2,"key":"Poison Potion"},{"floor":6,"key":"Weak Potion"},{"floor":10,"key":"GhostInAJar"},{"floor":19,"key":"Weak Potion"},{"floor":25,"key":"Fire Potion"},{"floor":28,"key":"AttackPotion"},{"floor":36,"key":"Dexterity Potion"}],"is_trial":false,"path_per_floor":["?","?","?","?","?","M","?","?"],"character_chosen":"THE_SILENT","items_purchased":["Caltrops","Bandage Up","Panache","Cloak And Dagger","Finesse","Apotheosis","Burst","Backflip"],"campfire_rested":1,"item_purchase_floors":[8,8,24,24,38,38,38,38],"current_hp_per_floor":[70,69,69,56,61,55,55,55,55,41,41,11,11,11,33,37,75,73,45,37,37,33,33,33,35,35,35,36,38,38,42,42,42,42,42,42,42,42,42,42,42,42,42,42,42,36,42,42,42,42],"gold":200,"neow_bonus":"HUNDRED_GOLD","is_prod":false,"is_daily":false,"chose_seed":false,"campfire_upgraded":8,"win_rate":0,"timestamp":1553530247,"path_taken":["M","M","M","M","?","M","R","$","T","E","R","E","?","M","R","BOSS","M","?","?","M","?","R","$","M","T","R","?","E","R","M","R","BOSS","M","?","M","$","M","E","M","E","T","?","R","E","M","E","R","BOSS"],"build_version":"2019-01-23","purchased_purges":1,"victory":true,"max_hp_per_floor":[70,70,70,70,75,75,75,75,75,75,75,75,75,75,75,75,75,75,75,37,37,42,42,42,42,42,42,42,42,42,42,42,42,42,42,42,42,42,42,42,42,42,42,42,42,42,42,42,42,42],"card_choices":[{"not_picked":["Flying Knee","Infinite Blades"],"picked":"Terror","floor":1},{"not_picked":["Sucker Punch","Bane"],"picked":"Flying Knee","floor":2},{"not_picked":["Eviscerate","Quick Slash"],"picked":"Footwork","floor":3},{"not_picked":["Outmaneuver","Bouncing Flask"],"picked":"Burst","floor":4},{"not_picked":["Finisher","Dagger Throw","Calculated Gamble"],"picked":"SKIP","floor":6},{"not_picked":["Concentrate","Bane"],"picked":"Well Laid Plans","floor":10},{"not_picked":["All Out Attack","Eviscerate"],"picked":"Dagger Spray","floor":12},{"not_picked":["Dagger Spray","Flying Knee"],"picked":"Backflip","floor":14},{"not_picked":["Venomology","Glass Knife"],"picked":"Burst","floor":16},{"not_picked":["Underhanded Strike","Prepared","PiercingWail"],"picked":"SKIP","floor":18},{"not_picked":["Outmaneuver+1","Poisoned Stab"],"picked":"Escape Plan","floor":19},{"not_picked":["Underhanded Strike","Dagger Spray","PiercingWail+1"],"picked":"SKIP","floor":21},{"not_picked":["Poisoned Stab+1","Outmaneuver"],"picked":"Backflip","floor":25},{"not_picked":["PiercingWail","Cloak And Dagger+1"],"picked":"Adrenaline","floor":28},{"not_picked":["All Out Attack","Dodge and Roll"],"picked":"Prepared+1","floor":29},{"not_picked":["Concentrate","Flying Knee","Dagger Spray+1"],"picked":"SKIP","floor":31},{"not_picked":["Die Die Die","Doppelganger"],"picked":"Night Terror","floor":33},{"not_picked":["Deflect","Deadly Poison+1"],"picked":"Dodge and Roll+1","floor":35},{"not_picked":["Slice+1","Infinite Blades"],"picked":"Blur","floor":36},{"not_picked":["Flying Knee+1","Eviscerate","Underhanded Strike+1"],"picked":"SKIP","floor":37},{"not_picked":["Dagger Spray","Masterful Stab","Well Laid Plans"],"picked":"SKIP","floor":39},{"not_picked":["Dagger Spray","Masterful Stab","Well Laid Plans"],"picked":"SKIP","floor":39},{"not_picked":["Footwork+1","Leg Sweep+1"],"picked":"Burst","floor":40},{"not_picked":["Heel Hook","Cloak And Dagger"],"picked":"Infinite Blades","floor":41},{"not_picked":["Setup","Underhanded Strike+1"],"picked":"Finisher+1","floor":42},{"not_picked":["Sadistic Nature","Jack Of All Trades"],"picked":"HandOfGreed","floor":44},{"not_picked":["Dodge and Roll","Distraction"],"picked":"Burst","floor":46},{"not_picked":["Quick Slash","Bouncing Flask+1","Poisoned Stab"],"picked":"SKIP","floor":47},{"not_picked":["Underhanded Strike+1","Acrobatics"],"picked":"Wraith Form v2","floor":48}],"player_experience":271248,"relics_obtained":[{"floor":9,"key":"Dodecahedron"},{"floor":10,"key":"Gambling Chip"},{"floor":12,"key":"Bronze Scales"},{"floor":19,"key":"Red Mask"},{"floor":26,"key":"Ancient Tea Set"},{"floor":29,"key":"Sundial"},{"floor":36,"key":"Tingsha"},{"floor":40,"key":"Du-Vu Doll"},{"floor":42,"key":"Pantograph"},{"floor":46,"key":"Vajra"},{"floor":48,"key":"Mummified Hand"}],"event_choices":[{"damage_healed":0,"gold_gain":0,"player_choice":"Donut","damage_taken":0,"max_hp_gain":5,"max_hp_loss":0,"event_name":"Big Fish","floor":5,"gold_loss":0},{"damage_healed":0,"gold_gain":0,"player_choice":"Ignored","damage_taken":0,"max_hp_gain":0,"max_hp_loss":0,"event_name":"Liars Game","floor":13,"gold_loss":0},{"damage_healed":0,"gold_gain":0,"player_choice":"Fought Bandits","damage_taken":0,"max_hp_gain":0,"max_hp_loss":0,"event_name":"Masked Bandits","floor":19,"gold_loss":0},{"damage_healed":0,"gold_gain":0,"player_choice":"Became a Ghost","damage_taken":0,"max_hp_gain":0,"max_hp_loss":38,"event_name":"Ghosts","floor":20,"gold_loss":0,"cards_obtained":["Ghostly","Ghostly","Ghostly","Ghostly","Ghostly"]},{"damage_healed":0,"gold_gain":0,"player_choice":"Shed Blood","damage_taken":9,"max_hp_gain":5,"max_hp_loss":0,"event_name":"Forgotten Altar","floor":22,"gold_loss":0},{"damage_healed":0,"gold_gain":0,"player_choice":"Fight","damage_taken":0,"max_hp_gain":0,"max_hp_loss":0,"event_name":"Mysterious Sphere","floor":36,"gold_loss":0},{"damage_healed":0,"gold_gain":0,"player_choice":"Memory 1","damage_taken":0,"max_hp_gain":0,"max_hp_loss":0,"event_name":"SensoryStone","floor":44,"gold_loss":0}],"is_beta":false,"boss_relics":[{"not_picked":["Tiny House","Empty Cage"],"picked":"Philosopher\u0027s Stone"},{"not_picked":["Velvet Choker","Pandora\u0027s Box"],"picked":"Cursed Key"}],"items_purged_floors":[24],"is_endless":false,"potions_floor_spawned":[2,6,10,14,19,25,28,29,36,37,40,46],"ascension_level":4}