{"gold_per_floor":[119,133,133,145,85,85,119,119,204,204,204,217,217,234,234,333,333,353,183,183,197,207,207,225,225,296,310,233,243,243,261,261,261],"floor_reached":33,"playtime":863,"items_purged":["Defend_B","Defend_B"],"score":249,"play_id":"0ba24875-6733-4481-8be6-28cb892f57a3","local_time":"20180709232559","is_ascension_mode":false,"campfire_choices":[{"data":"Beam Cell","floor":6,"key":"SMITH"},{"data":"Dualcast","floor":8,"key":"SMITH"},{"floor":13,"key":"REST"},{"floor":15,"key":"REST"},{"floor":23,"key":"REST"},{"floor":25,"key":"REST"},{"floor":32,"key":"REST"}],"neow_cost":"NONE","seed_source_timestamp":1632399059554090,"circlet_count":0,"master_deck":["Strike_B","Strike_B+1","Strike_B+1","Strike_B","Defend_B","Defend_B","Zap+1","Dualcast+1","Beam Cell+1","Coolheaded","Electrodynamics+1","Chill","Storm","FTL","J.A.X.","Lockon+1","Ball Lightning+1"],"relics":["Cracked Core","Whetstone","The Courier","Pen Nib","Tiny Chest","Cables","Philosopher\u0027s Stone","Matryoshka"],"potions_floor_usage":[7,16,29,33,33],"damage_taken":[{"damage":1,"enemies":"Cultist","floor":1,"turns":3},{"damage":0,"enemies":"Small Slimes","floor":2,"turns":2},{"damage":7,"enemies":"Jaw Worm","floor":4,"turns":4},{"damage":27,"enemies":"3 Sentries","floor":7,"turns":6},{"damage":0,"enemies":"2 Fungi Beasts","floor":12,"turns":2},{"damage":5,"enemies":"Blue Slaver","floor":14,"turns":2},{"damage":19,"enemies":"Slime Boss","floor":16,"turns":10},{"damage":19,"enemies":"2 Thieves","floor":18,"turns":3},{"damage":6,"enemies":"Shell Parasite","floor":21,"turns":3},{"damage":23,"enemies":"Centurion and Healer","floor":22,"turns":5},{"damage":18,"enemies":"Snake Plant","floor":24,"turns":4},{"damage":5,"enemies":"Chosen and Byrds","floor":27,"turns":4},{"damage":14,"enemies":"Centurion and Healer","floor":29,"turns":4},{"damage":14,"enemies":"Cultist and Chosen","floor":31,"turns":3},{"damage":64,"enemies":"Automaton","floor":33,"turns":6}],"seed_played":"6830406166331186546","potions_obtained":[{"floor":2,"key":"FocusPotion"},{"floor":4,"key":"SkillPotion"},{"floor":12,"key":"Strength Potion"},{"floor":21,"key":"Ancient Potion"},{"floor":27,"key":"Explosive Potion"},{"floor":29,"key":"FocusPotion"}],"is_trial":false,"path_per_floor":["M","M","T","M","$","R","E","R","T","?","?","M","R","M","R","B",null,"M","$","?","M","M","R","M","R","T","M","?","M","?","M","R"],"character_chosen":"DEFECT","items_purchased":["Storm","FTL"],"campfire_rested":5,"item_purchase_floors":[19,19],"current_hp_per_floor":[74,74,74,67,67,67,40,40,40,22,22,22,44,39,61,42,75,56,56,42,36,13,37,19,43,43,38,38,24,24,10,34,0],"gold":261,"neow_bonus":"RANDOM_COMMON_RELIC","is_prod":false,"is_daily":false,"chose_seed":false,"campfire_upgraded":2,"win_rate":0.0,"timestamp":1531193159,"path_taken":["M","M","?","M","$","R","E","R","T","?","?","?","R","M","R","BOSS","M","$","?","?","?","R","M","R","T","M","?","M","?","?","R","BOSS"],"build_version":"2018-07-05","purchased_purges":2,"victory":false,"max_hp_per_floor":[75,75,75,75,75,75,75,75,75,75,75,75,75,75,75,75,75,75,75,80,80,80,80,80,80,80,80,80,80,80,80,80,80],"card_choices":[{"not_picked":["Ball Lightning","Undo"],"picked":"Beam Cell","floor":1},{"not_picked":["Glacier","Barrage","Heatsinks"],"picked":"SKIP","floor":2},{"not_picked":["Steam","Stack","Redo"],"picked":"SKIP","floor":4},{"not_picked":["Barrage","Melter","Beam Cell"],"picked":"SKIP","floor":7},{"not_picked":["Gash","Stack"],"picked":"Coolheaded","floor":12},{"not_picked":["Force Field","Consume","Streamline"],"picked":"SKIP","floor":14},{"not_picked":["Fission","Meteor Strike"],"picked":"Electrodynamics","floor":16},{"not_picked":["Steam","Rebound+1"],"picked":"Chill","floor":18},{"not_picked":["Go for the Eyes","Steam","Reprogram"],"picked":"SKIP","floor":21},{"not_picked":["Steam Power","Sweeping Beam","Barrage"],"picked":"SKIP","floor":22},{"not_picked":["Aggregate","Leap+1","Sweeping Beam+1"],"picked":"SKIP","floor":24},{"not_picked":["Hologram","Stack","Melter"],"picked":"SKIP","floor":27},{"not_picked":["Stack","Gash"],"picked":"Lockon+1","floor":29},{"not_picked":["Gash","Conserve Battery"],"picked":"Ball Lightning+1","floor":31}],"player_experience":166758,"relics_obtained":[{"floor":3,"key":"The Courier"},{"floor":7,"key":"Pen Nib"},{"floor":9,"key":"Tiny Chest"},{"floor":26,"key":"Matryoshka"}],"event_choices":[{"event_name":"Scrap Ooze","player_choice":"success","floor":10,"damage_taken":18},{"event_name":"Living Wall","player_choice":"Grow","floor":11,"damage_taken":0},{"event_name":"Forgotten Altar","player_choice":"Shed Blood","floor":20,"damage_taken":0},{"event_name":"Drug Dealer","player_choice":"Got JAXXED","floor":28,"damage_taken":0},{"event_name":"Accursed Blacksmith","player_choice":"Forge","floor":30,"damage_taken":0}],"boss_relics":[{"not_picked":["Calling Bell","Snecko Eye"],"picked":"Philosopher\u0027s Stone"}],"items_purged_floors":[5,19],"is_endless":false,"potions_floor_spawned":[2,4,12,21,27,29],"killed_by":"Automaton","ascension_level":0}