{"gold_per_floor":[114,134,134,58,58,84,84,111,135,135,163,163,196,209,209,310,310,310,310,231,231,231,231,231,231,231,231,231,231,231,231,231,231,231,231,231,231,156,156,156],"floor_reached":40,"playtime":6158,"items_purged":["Strike_G"],"score":454,"play_id":"050b4ced-3677-4f4a-94a1-da4c15e62f78","local_time":"20190324091142","is_ascension_mode":false,"campfire_choices":[{"data":"Well Laid Plans","floor":7,"key":"SMITH"},{"floor":10,"key":"REST"},{"data":"Leg Sweep","floor":12,"key":"SMITH"},{"floor":15,"key":"REST"},{"data":"Prepared","floor":32,"key":"SMITH"}],"neow_cost":"NONE","seed_source_timestamp":220125000039458,"circlet_count":0,"master_deck":["Defend_G","Defend_G","Defend_G","Defend_G","Defend_G","Strike_G+1","Strike_G+1","Strike_G","Strike_G","Survivor","Neutralize+1","Predator","Blur","Well Laid Plans+1","Grand Finale","Leg Sweep+1","Dash","Prepared+1","A Thousand Cuts","Backflip","Escape Plan","Quick Slash","Prepared+1","Acrobatics","After Image","Concentrate+1","Tools of the Trade","Dagger Throw+1","Prepared+1"],"relics":["Ring of the Snake","Regal Pillow","Ninja Scroll","Whetstone","Juzu Bracelet","Anchor","Ectoplasm","Omamori","Meat on the Bone","Toxic Egg 2","Fusion Hammer","Pocketwatch"],"potions_floor_usage":[6,13,23,24,28,33,36,40],"damage_taken":[{"damage":2,"enemies":"Small Slimes","floor":1,"turns":4},{"damage":0,"enemies":"Cultist","floor":2,"turns":3},{"damage":27,"enemies":"Gremlin Nob","floor":6,"turns":5},{"damage":32,"enemies":"Lagavulin","floor":8,"turns":11},{"damage":9,"enemies":"3 Sentries","floor":11,"turns":12},{"damage":19,"enemies":"Gremlin Nob","floor":13,"turns":4},{"damage":0,"enemies":"2 Louse","floor":14,"turns":2},{"damage":42,"enemies":"Hexaghost","floor":16,"turns":16},{"damage":5,"enemies":"Shell Parasite","floor":18,"turns":8},{"damage":0,"enemies":"3 Byrds","floor":21,"turns":4},{"damage":0,"enemies":"Centurion and Healer","floor":22,"turns":7},{"damage":24,"enemies":"Slavers","floor":23,"turns":9},{"damage":7,"enemies":"Shelled Parasite and Fungi","floor":24,"turns":7},{"damage":3,"enemies":"3 Cultists","floor":27,"turns":4},{"damage":3,"enemies":"Book of Stabbing","floor":28,"turns":7},{"damage":7,"enemies":"Chosen and Byrds","floor":29,"turns":10},{"damage":0,"enemies":"Snecko","floor":31,"turns":7},{"damage":25,"enemies":"Collector","floor":33,"turns":11},{"damage":0,"enemies":"3 Shapes","floor":35,"turns":3},{"damage":0,"enemies":"Mind Bloom Boss Battle","floor":36,"turns":8},{"damage":0,"enemies":"3 Darklings","floor":39,"turns":3},{"damage":88,"enemies":"Giant Head","floor":40,"turns":11}],"seed_played":"2332247505209627956","potions_obtained":[{"floor":1,"key":"SteroidPotion"},{"floor":8,"key":"Weak Potion"},{"floor":21,"key":"Poison Potion"},{"floor":22,"key":"Regen Potion"},{"floor":24,"key":"SteroidPotion"},{"floor":29,"key":"Ancient Potion"},{"floor":33,"key":"Fruit Juice"},{"floor":35,"key":"SteroidPotion"},{"floor":39,"key":"Explosive Potion"}],"is_trial":false,"path_per_floor":["?","?","?","?","?","?","$"],"character_chosen":"THE_SILENT","items_purchased":["Well Laid Plans","Escape Plan","Quick Slash"],"campfire_rested":2,"item_purchase_floors":[4,20,20],"current_hp_per_floor":[75,75,75,75,75,48,48,16,16,54,45,45,26,26,64,22,77,72,72,72,72,72,48,56,56,56,53,50,43,43,43,43,30,77,77,82,82,82,82,0],"gold":156,"neow_bonus":"TEN_PERCENT_HP_BONUS","is_prod":false,"is_daily":false,"chose_seed":false,"campfire_upgraded":3,"win_rate":0,"timestamp":1553429502,"path_taken":["M","M","?","$","?","E","R","E","T","R","E","R","E","M","R","BOSS","M","?","$","M","M","E","M","$","T","M","E","M","?","M","R","BOSS","M","?","?","?","M","E"],"build_version":"2019-01-23","purchased_purges":1,"victory":false,"max_hp_per_floor":[77,77,77,77,77,77,77,77,77,77,77,77,77,77,77,77,77,77,77,77,77,77,77,77,77,77,77,77,77,77,77,77,77,77,77,82,82,82,82,82],"card_choices":[{"not_picked":["Poisoned Stab","Masterful Stab"],"picked":"Predator","floor":1},{"not_picked":["Sucker Punch","Prepared"],"picked":"Blur","floor":2},{"not_picked":["Bane","Concentrate"],"picked":"Grand Finale","floor":6},{"not_picked":["Setup","Crippling Poison","Poisoned Stab"],"picked":"SKIP","floor":8},{"not_picked":["Slice","Reflex"],"picked":"Leg Sweep","floor":11},{"not_picked":["Sucker Punch","Noxious Fumes"],"picked":"Dash","floor":13},{"not_picked":["Heel Hook","PiercingWail"],"picked":"Prepared","floor":14},{"not_picked":["Unload","Wraith Form v2"],"picked":"A Thousand Cuts","floor":16},{"not_picked":["Poisoned Stab","Bane+1"],"picked":"Backflip","floor":18},{"not_picked":["Dagger Spray","Deadly Poison","Eviscerate"],"picked":"SKIP","floor":21},{"not_picked":["Dagger Spray+1","Deadly Poison","Leg Sweep"],"picked":"SKIP","floor":22},{"not_picked":["Leg Sweep","All Out Attack"],"picked":"Prepared","floor":23},{"not_picked":["PiercingWail","Infinite Blades","Bouncing Flask"],"picked":"SKIP","floor":24},{"not_picked":["Terror","Backflip"],"picked":"Acrobatics","floor":27},{"not_picked":["Cloak And Dagger","Bane"],"picked":"After Image","floor":28},{"not_picked":["Deflect+1","Well Laid Plans"],"picked":"Concentrate+1","floor":29},{"not_picked":["Well Laid Plans","Finisher","Deflect+1"],"picked":"SKIP","floor":31},{"not_picked":["Phantasmal Killer+1","After Image"],"picked":"Tools of the Trade","floor":33},{"not_picked":["Underhanded Strike","Slice"],"picked":"Dagger Throw+1","floor":35},{"not_picked":["Bane+1","Quick Slash"],"picked":"Prepared+1","floor":36},{"not_picked":["Slice+1","Distraction+1","Heel Hook+1"],"picked":"SKIP","floor":39}],"player_experience":423062,"relics_obtained":[{"floor":6,"key":"Regal Pillow"},{"floor":8,"key":"Ninja Scroll"},{"floor":9,"key":"Whetstone"},{"floor":11,"key":"Juzu Bracelet"},{"floor":13,"key":"Anchor"},{"floor":23,"key":"Omamori"},{"floor":26,"key":"Meat on the Bone"},{"floor":28,"key":"Toxic Egg 2"},{"floor":36,"key":"Pocketwatch"}],"event_choices":[{"damage_healed":0,"gold_gain":0,"player_choice":"Grow","damage_taken":0,"max_hp_gain":0,"max_hp_loss":0,"event_name":"Living Wall","floor":3,"gold_loss":0,"cards_upgraded":["Neutralize"]},{"damage_healed":0,"gold_gain":0,"player_choice":"Ignored","damage_taken":0,"max_hp_gain":0,"max_hp_loss":0,"event_name":"Liars Game","floor":5,"gold_loss":0},{"damage_healed":0,"gold_gain":0,"player_choice":"Forge","damage_taken":0,"max_hp_gain":0,"max_hp_loss":0,"event_name":"Accursed Blacksmith","floor":19,"gold_loss":0,"cards_upgraded":["Prepared"]},{"damage_healed":0,"gold_gain":0,"player_choice":"Smashed Altar","damage_taken":0,"max_hp_gain":0,"max_hp_loss":0,"event_name":"Forgotten Altar","floor":30,"gold_loss":0,"cards_obtained":["Decay"]},{"damage_healed":0,"gold_gain":0,"player_choice":"Fight","damage_taken":0,"max_hp_gain":0,"max_hp_loss":0,"event_name":"MindBloom","floor":36,"gold_loss":0},{"damage_healed":0,"gold_gain":0,"player_choice":"Ignored","damage_taken":0,"max_hp_gain":0,"max_hp_loss":0,"event_name":"Tomb of Lord Red Mask","floor":37,"gold_loss":0}],"is_beta":false,"boss_relics":[{"not_picked":["Calling Bell","Astrolabe"],"picked":"Ectoplasm"},{"not_picked":["Eternal Feather","Snecko Eye"],"picked":"Fusion Hammer"}],"items_purged_floors":[38],"is_endless":false,"potions_floor_spawned":[1,8,21,22,24,29,33,35,39],"killed_by":"Giant Head","ascension_level":0}