{"gold_per_floor":[109,184,203,220,145,145,173,193,265,265,285,285,296,310,310,411,411,427,727,740,758,758,758,758,758],"floor_reached":25,"playtime":1198,"items_purged":["Defend_B"],"score":207,"play_id":"912d0322-0551-4e7f-acac-b75eb5ec476c","local_time":"20180709162942","is_ascension_mode":false,"campfire_choices":[{"data":"Coolheaded","floor":6,"key":"SMITH"},{"floor":10,"key":"REST"},{"floor":15,"key":"REST"},{"data":"Dualcast","floor":23,"key":"SMITH"}],"neow_cost":"NONE","seed_source_timestamp":1607087883167138,"circlet_count":0,"master_deck":["Strike_B","Strike_B","Strike_B","Defend_B","Defend_B","Zap","Dualcast+1","Cold Snap","Coolheaded+1","Ball Lightning","Coolheaded+1"],"relics":["Cracked Core","Centennial Puzzle","Mango","Ornamental Fan","Empty Cage","Old Coin"],"potions_floor_usage":[4,16,21,24,25,25],"damage_taken":[{"damage":0,"enemies":"2 Louse","floor":1,"turns":2},{"damage":6,"enemies":"Jaw Worm","floor":3,"turns":3},{"damage":0,"enemies":"Small Slimes","floor":4,"turns":2},{"damage":31,"enemies":"Gremlin Nob","floor":7,"turns":5},{"damage":7,"enemies":"Gremlin Gang","floor":8,"turns":5},{"damage":4,"enemies":"Exordium Wildlife","floor":11,"turns":4},{"damage":8,"enemies":"Red Slaver","floor":13,"turns":2},{"damage":10,"enemies":"Gremlin Gang","floor":14,"turns":5},{"damage":49,"enemies":"The Guardian","floor":16,"turns":13},{"damage":7,"enemies":"Shell Parasite","floor":18,"turns":7},{"damage":15,"enemies":"Chosen","floor":20,"turns":5},{"damage":19,"enemies":"Centurion and Healer","floor":21,"turns":10},{"damage":0,"enemies":"Snake Plant","floor":24,"turns":1},{"damage":53,"enemies":"Gremlin Leader","floor":25,"turns":8}],"seed_played":"5906160153479551774","potions_obtained":[{"floor":1,"key":"Fire Potion"},{"floor":7,"key":"Block Potion"},{"floor":8,"key":"Dexterity Potion"},{"floor":11,"key":"SteroidPotion"},{"floor":12,"key":"SmokeBomb"},{"floor":20,"key":"FocusPotion"},{"floor":21,"key":"SkillPotion"}],"is_trial":false,"path_per_floor":["M","?","M","M","$","R","E","M","T","R","M","?","M","M","R","B",null,"M","T","M","M","?","R","M"],"character_chosen":"DEFECT","items_purchased":[],"campfire_rested":2,"item_purchase_floors":[],"current_hp_per_floor":[75,64,58,58,58,58,41,34,34,60,56,56,48,38,64,15,89,82,82,67,48,48,48,48,0],"gold":758,"neow_bonus":"RANDOM_COMMON_RELIC","is_prod":false,"is_daily":false,"chose_seed":false,"campfire_upgraded":2,"win_rate":0.0,"timestamp":1531168182,"path_taken":["M","?","M","M","$","R","E","M","T","R","M","?","M","M","R","BOSS","M","?","M","M","?","R","?","E"],"build_version":"2018-07-05","purchased_purges":1,"victory":false,"max_hp_per_floor":[75,75,75,75,75,75,89,89,89,89,89,89,89,89,89,89,89,89,89,89,89,89,89,89,89],"card_choices":[{"not_picked":["BootSequence","Melter"],"picked":"Cold Snap","floor":1},{"not_picked":["Redo","Beam Cell"],"picked":"Coolheaded","floor":3},{"not_picked":["Sweeping Beam","Barrage","Skim"],"picked":"SKIP","floor":4},{"not_picked":["Auto Shields","Reprogram","Leap"],"picked":"SKIP","floor":7},{"not_picked":["Conserve Battery","Blizzard","Tempest"],"picked":"SKIP","floor":8},{"not_picked":["Self Repair","Hologram"],"picked":"Ball Lightning","floor":11},{"not_picked":["Tempest","Coolheaded","Beam Cell"],"picked":"SKIP","floor":13},{"not_picked":["FTL","Meteor Strike","Turbo"],"picked":"SKIP","floor":14},{"not_picked":["Leap","Ball Lightning","Recycle+1"],"picked":"SKIP","floor":18},{"not_picked":["Gash+1","Self Repair","Steam"],"picked":"SKIP","floor":20},{"not_picked":["Hologram","Compile Driver","Electrodynamics"],"picked":"SKIP","floor":21}],"player_experience":158651,"relics_obtained":[{"floor":7,"key":"Mango"},{"floor":9,"key":"Ornamental Fan"},{"floor":19,"key":"Old Coin"}],"event_choices":[{"event_name":"World of Goop","player_choice":"Gather Gold","floor":2,"damage_taken":0},{"event_name":"The Lab","player_choice":"Got Potions","floor":12,"damage_taken":0},{"event_name":"Duplicator","player_choice":"One dupe","floor":22,"damage_taken":0}],"boss_relics":[{"not_picked":["Runic Pyramid","Fusion Hammer"],"picked":"Empty Cage"}],"items_purged_floors":[5],"is_endless":false,"potions_floor_spawned":[1,7,8,11,20,21],"killed_by":"Gremlin Leader","ascension_level":0}