{"gold_per_floor":[122,134,146,177,209,249,311,323,406,449,461,490,515,561,573,683,695,723,356,256,92,105,130,146,146,146,146,146,161,86,96,96,198,198,211,211,61,61,161,186,206,239,239,254,6,6,6,26,26,26],"floor_reached":51,"playtime":3690,"items_purged":["Well Laid Plans","Strike_G","Strike_G","Defend_G"],"score":983,"play_id":"81af01a7-cdad-4f19-8add-b188446146b5","local_time":"20190326155313","is_ascension_mode":true,"campfire_choices":[{"floor":8,"key":"REST"},{"floor":11,"key":"REST"},{"data":"Cloak And Dagger","floor":15,"key":"SMITH"},{"data":"Neutralize","floor":28,"key":"SMITH"},{"data":"Ghostly","floor":32,"key":"SMITH"},{"floor":49,"key":"REST"}],"neow_cost":"NONE","seed_source_timestamp":11382822356300,"circlet_count":0,"master_deck":["Defend_G","Defend_G","Defend_G","Survivor","Neutralize+1","Endless Agony","Cloak And Dagger+1","Adrenaline","Flying Knee","Dagger Spray","Footwork","Heel Hook","Escape Plan","Ghostly+1","Ghostly","Ghostly","Ghostly","Ghostly","Grand Finale","Dagger Throw+1","Outmaneuver+1","Choke+1","Footwork+1","Blur+1","Madness","Madness","Cloak And Dagger+1"],"relics":["Ring of the Snake","MawBank","Strawberry","Oddly Smooth Stone","Potion Belt","Ornamental Fan","WingedGreaves","Ancient Tea Set","Runic Pyramid","Singing Bowl","Vajra","Sundial","Astrolabe","Torii","Juzu Bracelet","Shuriken","Letter Opener","Kunai"],"potions_floor_usage":[6,14,14,16,23,29,29,33,33,42,50],"damage_taken":[{"damage":2,"enemies":"2 Louse","floor":1,"turns":3},{"damage":2,"enemies":"Jaw Worm","floor":4,"turns":6},{"damage":0,"enemies":"Cultist","floor":5,"turns":5},{"damage":66,"enemies":"Lagavulin","floor":6,"turns":13},{"damage":14,"enemies":"3 Sentries","floor":10,"turns":9},{"damage":0,"enemies":"Lots of Slimes","floor":12,"turns":2},{"damage":0,"enemies":"2 Fungi Beasts","floor":13,"turns":3},{"damage":5,"enemies":"Lagavulin","floor":14,"turns":8},{"damage":18,"enemies":"Hexaghost","floor":16,"turns":16},{"damage":0,"enemies":"3 Byrds","floor":18,"turns":6},{"damage":0,"enemies":"Shell Parasite","floor":22,"turns":5},{"damage":31,"enemies":"Gremlin Leader","floor":23,"turns":7},{"damage":2,"enemies":"Centurion and Healer","floor":24,"turns":8},{"damage":1,"enemies":"Snecko","floor":29,"turns":6},{"damage":1,"enemies":"Snake Plant","floor":31,"turns":7},{"damage":26,"enemies":"Automaton","floor":33,"turns":18},{"damage":0,"enemies":"3 Shapes","floor":35,"turns":3},{"damage":11,"enemies":"Mind Bloom Boss Battle","floor":39,"turns":8},{"damage":6,"enemies":"Reptomancer","floor":40,"turns":5},{"damage":0,"enemies":"Orb Walker","floor":41,"turns":4},{"damage":0,"enemies":"Nemesis","floor":42,"turns":7},{"damage":0,"enemies":"Jaw Worm Horde","floor":44,"turns":4},{"damage":3,"enemies":"Spire Growth","floor":48,"turns":6},{"damage":4,"enemies":"Awakened One","floor":50,"turns":15}],"seed_played":"7413859014171260546","potions_obtained":[{"floor":1,"key":"Swift Potion"},{"floor":6,"key":"Fire Potion"},{"floor":12,"key":"GamblersBrew"},{"floor":13,"key":"Energy Potion"},{"floor":18,"key":"Fruit Juice"},{"floor":22,"key":"Poison Potion"},{"floor":23,"key":"Energy Potion"},{"floor":24,"key":"Ancient Potion"},{"floor":40,"key":"AttackPotion"},{"floor":41,"key":"Regen Potion"},{"floor":44,"key":"Dexterity Potion"}],"is_trial":false,"path_per_floor":["?","?","T","M","M","?","?","?","?","$","?","?","?"],"character_chosen":"THE_SILENT","items_purchased":["Singing Bowl","Fire Potion","Heel Hook","Kunai"],"campfire_rested":3,"item_purchase_floors":[19,19,21,45],"current_hp_per_floor":[61,56,77,75,75,9,9,32,32,18,41,41,41,36,36,18,62,62,62,62,62,64,33,33,33,33,33,33,39,39,40,40,14,40,40,40,40,40,31,27,29,43,43,45,45,45,38,35,52,48],"gold":26,"neow_bonus":"RANDOM_COMMON_RELIC","is_prod":false,"is_daily":false,"chose_seed":false,"campfire_upgraded":3,"win_rate":0,"timestamp":1553629993,"path_taken":["M","?","?","M","M","E","?","R","T","E","R","?","M","E","R","BOSS","M","$","$","$","M","E","?","?","T","?","R","M","?","M","R","BOSS","M","?","?","$","?","E","M","E","T","M","$","?","?","M","R","BOSS"],"build_version":"2019-01-23","purchased_purges":4,"victory":true,"max_hp_per_floor":[70,77,77,77,77,77,77,77,77,77,77,77,77,77,77,77,77,77,77,77,77,79,79,81,81,81,40,40,47,47,49,49,49,49,49,49,49,49,51,53,55,55,55,57,57,57,57,57,57,57],"card_choices":[{"not_picked":["Flying Knee","Poisoned Stab"],"picked":"Endless Agony","floor":1},{"not_picked":["Outmaneuver","Accuracy"],"picked":"Cloak And Dagger","floor":4},{"not_picked":["Backflip","Crippling Poison"],"picked":"Adrenaline","floor":5},{"not_picked":["Prepared","Predator"],"picked":"Flying Knee","floor":6},{"not_picked":["Outmaneuver","Eviscerate"],"picked":"Dagger Spray","floor":10},{"not_picked":["Blade Dance","Riddle With Holes"],"picked":"Well Laid Plans","floor":12},{"not_picked":["Heel Hook","Deadly Poison"],"picked":"Footwork","floor":13},{"not_picked":["Masterful Stab","Well Laid Plans","Sucker Punch"],"picked":"SKIP","floor":14},{"not_picked":["Well Laid Plans","Bane","Dagger Spray"],"picked":"SKIP","floor":18},{"not_picked":["Predator","Leg Sweep+1","Poisoned Stab"],"picked":"Singing Bowl","floor":22},{"not_picked":["Backflip","Poisoned Stab"],"picked":"Escape Plan","floor":23},{"not_picked":["Sucker Punch","Escape Plan","Reflex"],"picked":"Singing Bowl","floor":24},{"not_picked":["Deflect","Underhanded Strike","Sucker Punch"],"picked":"Singing Bowl","floor":29},{"not_picked":["Outmaneuver","PiercingWail","Bullet Time"],"picked":"Singing Bowl","floor":31},{"not_picked":["Burst","Venomology"],"picked":"Grand Finale","floor":33},{"not_picked":["Bane+1","Caltrops+1"],"picked":"Footwork+1","floor":35},{"not_picked":["Poisoned Stab","Acrobatics","Dodge and Roll"],"picked":"Singing Bowl","floor":39},{"not_picked":["Prepared","Deadly Poison+1","Predator+1"],"picked":"Singing Bowl","floor":40},{"not_picked":["Backflip+1","Tools of the Trade","Flying Knee"],"picked":"Singing Bowl","floor":41},{"not_picked":["Deflect","Masterful Stab"],"picked":"Blur+1","floor":42},{"not_picked":["Tactician+1","Dagger Spray","Predator"],"picked":"Singing Bowl","floor":44},{"not_picked":["Tactician+1","Deadly Poison+1"],"picked":"Cloak And Dagger+1","floor":48}],"player_experience":299016,"relics_obtained":[{"floor":6,"key":"Oddly Smooth Stone"},{"floor":7,"key":"Potion Belt"},{"floor":9,"key":"Ornamental Fan"},{"floor":10,"key":"WingedGreaves"},{"floor":14,"key":"Ancient Tea Set"},{"floor":23,"key":"Vajra"},{"floor":26,"key":"Sundial"},{"floor":39,"key":"Torii"},{"floor":40,"key":"Juzu Bracelet"},{"floor":42,"key":"Shuriken"},{"floor":43,"key":"Letter Opener"}],"event_choices":[{"damage_healed":0,"gold_gain":0,"player_choice":"Success","damage_taken":12,"relics_obtained":["Strawberry"],"max_hp_gain":0,"max_hp_loss":0,"event_name":"Scrap Ooze","floor":2,"gold_loss":0},{"damage_healed":25,"gold_gain":0,"player_choice":"Banana","damage_taken":0,"max_hp_gain":0,"max_hp_loss":0,"event_name":"Big Fish","floor":3,"gold_loss":0},{"damage_healed":0,"gold_gain":0,"player_choice":"Ignored","damage_taken":0,"max_hp_gain":0,"max_hp_loss":0,"event_name":"Vampires","floor":25,"gold_loss":0},{"damage_healed":0,"gold_gain":0,"player_choice":"Became a Ghost","damage_taken":0,"max_hp_gain":0,"max_hp_loss":41,"event_name":"Ghosts","floor":27,"gold_loss":0,"cards_obtained":["Ghostly","Ghostly","Ghostly","Ghostly","Ghostly"]},{"cards_removed":["Strike_G"],"damage_healed":0,"gold_gain":0,"player_choice":"Gave Gold","damage_taken":0,"max_hp_gain":0,"max_hp_loss":0,"event_name":"Beggar","floor":30,"gold_loss":75},{"damage_healed":0,"gold_gain":0,"player_choice":"Ignored","damage_taken":0,"max_hp_gain":0,"max_hp_loss":0,"event_name":"SecretPortal","floor":36,"gold_loss":0},{"damage_healed":0,"gold_gain":0,"player_choice":"Fight","damage_taken":0,"max_hp_gain":0,"max_hp_loss":0,"event_name":"MindBloom","floor":39,"gold_loss":0},{"damage_healed":0,"gold_gain":0,"player_choice":"Ignored","damage_taken":0,"max_hp_gain":0,"max_hp_loss":0,"event_name":"Mysterious Sphere","floor":46,"gold_loss":0},{"damage_healed":0,"gold_gain":0,"player_choice":"Embrace Madness","damage_taken":7,"max_hp_gain":0,"max_hp_loss":0,"event_name":"Winding Halls","floor":47,"gold_loss":0,"cards_obtained":["Madness","Madness"]}],"is_beta":false,"boss_relics":[{"not_picked":["WristBlade","Busted Crown"],"picked":"Runic Pyramid"},{"not_picked":["Orrery","Ring of the Serpent"],"picked":"Astrolabe"}],"items_purged_floors":[19,20,21,37],"is_endless":false,"potions_floor_spawned":[1,6,12,13,18,22,23,24,40,41,44],"ascension_level":6}