{"gold_per_floor":[112,127,127,137,156,156,176,204,204,154,168,168,179,212,212,310,310,326,205,223,123,123,123,148,164,164,164,164,175,175,175,175,279,279,294,311,160,0,0,25,25,25,78,78,78,89,99,117,117,117],"floor_reached":50,"playtime":1455,"items_purged":["Bash","Defend_R","Strike_R"],"score":527,"play_id":"3cffb0cf-9f49-46e4-b193-8e7066549496","local_time":"20180718120719","is_ascension_mode":false,"campfire_choices":[{"data":"Demon Form","floor":6,"key":"SMITH"},{"floor":12,"key":"REST"},{"data":"Perfected Strike","floor":15,"key":"SMITH"},{"floor":23,"key":"REST"},{"data":"Spot Weakness","floor":27,"key":"SMITH"},{"floor":30,"key":"REST"},{"data":"Shrug It Off","floor":32,"key":"SMITH"},{"floor":41,"key":"REST"},{"data":"Perfected Strike","floor":44,"key":"SMITH"},{"floor":49,"key":"REST"}],"neow_cost":"NONE","seed_source_timestamp":618404033139567,"circlet_count":0,"master_deck":["Strike_R","Strike_R","Strike_R","Defend_R","Twin Strike","Perfected Strike+1","Demon Form+1","Twin Strike+1","Spot Weakness+1","Perfected Strike+1","Shrug It Off+1","Spot Weakness+1","Sword Boomerang+1","Perfected Strike+1","Flex","Pommel Strike","Perfected Strike+1"],"relics":["Burning Blood","Red Skull","Gremlin Horn","Meat on the Bone","Kunai","Sozu","Bottled Tornado","Whetstone","Orrery","Red Mask","Paper Frog","Art of War"],"potions_floor_usage":[8,8,16,24],"damage_taken":[{"damage":11,"enemies":"Jaw Worm","floor":1,"turns":3},{"damage":6,"enemies":"Cultist","floor":2,"turns":3},{"damage":11,"enemies":"2 Louse","floor":4,"turns":2},{"damage":2,"enemies":"Exordium Wildlife","floor":5,"turns":3},{"damage":16,"enemies":"Large Slime","floor":7,"turns":4},{"damage":31,"enemies":"Lagavulin","floor":8,"turns":4},{"damage":13,"enemies":"Red Slaver","floor":11,"turns":2},{"damage":10,"enemies":"Lots of Slimes","floor":13,"turns":2},{"damage":19,"enemies":"3 Sentries","floor":14,"turns":5},{"damage":47,"enemies":"Hexaghost","floor":16,"turns":6},{"damage":25,"enemies":"2 Thieves","floor":18,"turns":3},{"damage":24,"enemies":"3 Byrds","floor":20,"turns":4},{"damage":29,"enemies":"Book of Stabbing","floor":24,"turns":4},{"damage":10,"enemies":"Cultist and Chosen","floor":25,"turns":3},{"damage":35,"enemies":"Slaver and Parasite","floor":29,"turns":3},{"damage":25,"enemies":"Collector","floor":33,"turns":6},{"damage":22,"enemies":"Orb Walker","floor":35,"turns":3},{"damage":31,"enemies":"Flame Bruiser 1 Orb","floor":36,"turns":3},{"damage":40,"enemies":"2 Orb Walkers","floor":40,"turns":3},{"damage":27,"enemies":"Maw","floor":46,"turns":5},{"damage":32,"enemies":"3 Darklings","floor":47,"turns":3},{"damage":26,"enemies":"4 Shapes","floor":48,"turns":3},{"damage":56,"enemies":"Donu and Deca","floor":50,"turns":3}],"seed_played":"8232933468673143167","potions_obtained":[{"floor":2,"key":"PowerPotion"},{"floor":7,"key":"PowerPotion"},{"floor":14,"key":"Poison Potion"},{"floor":16,"key":"Weak Potion"}],"is_trial":false,"path_per_floor":["M","M","?","M","M","R","M","E","T","?","M","R","M","E","R","B",null,"M","$","M","$","?","R","E","M","T","R","?","M","R","?","R","B",null,"M","M","$","?","?","E","R","$","T","R","$","M","M","M","R"],"character_chosen":"IRONCLAD","items_purchased":["Shrug It Off","Pommel Strike"],"campfire_rested":5,"item_purchase_floors":[19,37],"current_hp_per_floor":[75,75,68,63,67,67,57,32,32,32,37,61,57,56,56,27,80,61,61,55,55,39,63,52,48,48,48,48,31,55,55,55,48,80,64,51,51,51,51,29,53,53,53,53,53,44,30,22,46,0],"gold":117,"neow_bonus":"RANDOM_COMMON_RELIC","is_prod":false,"is_daily":false,"chose_seed":false,"campfire_upgraded":5,"win_rate":0,"timestamp":1531930039,"path_taken":["M","M","?","M","M","R","?","E","T","?","M","R","?","E","R","BOSS","M","$","M","$","?","R","E","M","T","R","?","M","R","?","R","BOSS","M","M","$","?","?","E","R","$","T","R","?","M","M","M","R","BOSS"],"build_version":"2018-07-12","purchased_purges":3,"victory":false,"max_hp_per_floor":[80,80,80,80,80,80,80,80,80,80,80,80,80,80,80,80,80,80,80,80,80,80,80,80,80,80,80,80,80,80,80,80,80,80,80,80,80,80,80,80,80,80,80,80,80,80,80,80,80,80],"card_choices":[{"not_picked":["Twin Strike","Sentinel","Headbutt"],"picked":"SKIP","floor":1},{"not_picked":["Clash","Cleave"],"picked":"Twin Strike","floor":2},{"not_picked":["Body Slam","Dual Wield"],"picked":"Perfected Strike","floor":4},{"not_picked":["Power Through","Searing Blow"],"picked":"Demon Form","floor":5},{"not_picked":["Heavy Blade","Headbutt"],"picked":"Twin Strike","floor":7},{"not_picked":["Iron Wave","Shrug It Off"],"picked":"Spot Weakness","floor":8},{"not_picked":["Sword Boomerang","True Grit","Corruption"],"picked":"SKIP","floor":11},{"not_picked":["Cleave","True Grit","Twin Strike"],"picked":"SKIP","floor":13},{"not_picked":["Thunderclap","Pommel Strike"],"picked":"Perfected Strike","floor":14},{"not_picked":["True Grit","Entrench+1","Body Slam"],"picked":"SKIP","floor":18},{"not_picked":["Bloodletting","Clash"],"picked":"Spot Weakness+1","floor":20},{"not_picked":["Armaments","Demon Form","Intimidate"],"picked":"SKIP","floor":24},{"not_picked":["Armaments+1","Fire Breathing+1","Thunderclap"],"picked":"SKIP","floor":25},{"not_picked":["True Grit","Warcry"],"picked":"Sword Boomerang+1","floor":29},{"not_picked":["Shockwave","Anger+1"],"picked":"Perfected Strike","floor":34},{"not_picked":["Spot Weakness","Sword Boomerang"],"picked":"Flex","floor":34},{"not_picked":["Headbutt","Evolve","Entrench"],"picked":"SKIP","floor":35},{"not_picked":["Anger","Havoc","Fiend Fire"],"picked":"SKIP","floor":36},{"not_picked":["Impervious","Cleave","Perfected Strike"],"picked":"SKIP","floor":40},{"not_picked":["Wild Strike+1","Headbutt","Pommel Strike"],"picked":"SKIP","floor":46},{"not_picked":["Brutality","Perfected Strike","Shrug It Off"],"picked":"SKIP","floor":47},{"not_picked":["Body Slam","Dual Wield","Shrug It Off+1"],"picked":"SKIP","floor":48}],"player_experience":260556,"relics_obtained":[{"floor":8,"key":"Gremlin Horn"},{"floor":9,"key":"Meat on the Bone"},{"floor":14,"key":"Kunai"},{"floor":24,"key":"Bottled Tornado"},{"floor":26,"key":"Whetstone"},{"floor":40,"key":"Paper Frog"},{"floor":43,"key":"Art of War"}],"event_choices":[{"event_name":"Golden Wing","player_choice":"Card Removal","floor":3,"damage_taken":0},{"event_name":"The Cleric","player_choice":"Card Removal","floor":10,"damage_taken":0},{"event_name":"Cursed Tome","player_choice":"Obtained Book","floor":22,"damage_taken":0},{"event_name":"Accursed Blacksmith","player_choice":"Ignore","floor":28,"damage_taken":0},{"event_name":"Back to Basics","player_choice":"Elegance","floor":31,"damage_taken":0},{"event_name":"Tomb of Lord Red Mask","player_choice":"Paid","floor":38,"damage_taken":0},{"event_name":"Duplicator","player_choice":"One dupe","floor":39,"damage_taken":0}],"boss_relics":[{"not_picked":["Astrolabe","Calling Bell"],"picked":"Sozu"},{"not_picked":["Black Star","Empty Cage"],"picked":"Orrery"}],"items_purged_floors":[19,21,37],"is_endless":false,"potions_floor_spawned":[2,7,14,16,20,24,29,36,40,46,47,48],"killed_by":"Donu and Deca","ascension_level":0}