{"gold_per_floor":[111,111,129,129,204,204,235,235,235,235,235,235,260,281,281,404,404,425,340,359,7,7,7,47,47,47,47,72,72,96,115,115,239,239,252,474,499,499,514,514,526,538,603,639,664,12,12,12,12,12],"floor_reached":51,"playtime":2865,"items_purged":["Strike_B","Zap"],"score":768,"play_id":"1687ea70-9d8a-48cd-ba98-d385dc80f413","local_time":"20190224020527","is_ascension_mode":false,"campfire_choices":[{"data":"Hologram","floor":6,"key":"SMITH"},{"floor":8,"key":"DIG"},{"floor":10,"key":"DIG"},{"floor":12,"key":"DIG"},{"floor":15,"key":"DIG"},{"data":"Chill","floor":23,"key":"SMITH"},{"floor":25,"key":"DIG"},{"floor":29,"key":"DIG"},{"floor":32,"key":"DIG"},{"floor":40,"key":"DIG"},{"floor":42,"key":"DIG"},{"floor":49,"key":"DIG"}],"neow_cost":"NONE","seed_source_timestamp":51850195097000,"circlet_count":0,"master_deck":["Strike_B+1","Strike_B+1","Strike_B+1","Defend_B+1","Defend_B+1","Defend_B+1","Defend_B+1","Dualcast+1","Hologram+1","Gash+1","Chill+1","Reinforced Body+1","Reboot+1","Coolheaded+1","Chill+1","Capacitor+1","Gash+1","Gash+1","Glacier+1","All For One+1","Turbo+1","Parasite","Trip+1","Flash of Steel+1","Metamorphosis+1","Coolheaded+1","Secret Weapon+1"],"relics":["FrozenCore","NeowsBlessing","Golden Idol","Shovel","WingedGreaves","Orichalcum","Lantern","Blue Candle","Darkstone Periapt","Bottled Flame","Sozu","Unceasing Top","Runic Capacitor","Red Mask","Frozen Egg 2","Ornamental Fan","Oddly Smooth Stone","PreservedInsect","MawBank","Pocketwatch","Omamori","Calipers","Mark of the Bloom","Bottled Tornado"],"potions_floor_usage":[16],"damage_taken":[{"damage":0,"enemies":"Small Slimes","floor":1,"turns":1},{"damage":0,"enemies":"Jaw Worm","floor":3,"turns":1},{"damage":0,"enemies":"3 Sentries","floor":7,"turns":1},{"damage":0,"enemies":"2 Louse","floor":13,"turns":2},{"damage":0,"enemies":"Blue Slaver","floor":14,"turns":3},{"damage":38,"enemies":"The Guardian","floor":16,"turns":14},{"damage":6,"enemies":"Shell Parasite","floor":18,"turns":10},{"damage":0,"enemies":"3 Byrds","floor":20,"turns":7},{"damage":8,"enemies":"Masked Bandits","floor":24,"turns":10},{"damage":31,"enemies":"3 Cultists","floor":28,"turns":9},{"damage":0,"enemies":"Centurion and Healer","floor":30,"turns":8},{"damage":0,"enemies":"Snake Plant","floor":31,"turns":5},{"damage":13,"enemies":"Champ","floor":33,"turns":12},{"damage":0,"enemies":"Orb Walker","floor":35,"turns":3},{"damage":0,"enemies":"3 Darklings","floor":37,"turns":5},{"damage":14,"enemies":"Writhing Mass","floor":39,"turns":6},{"damage":1,"enemies":"Maw","floor":44,"turns":5},{"damage":1,"enemies":"Transient","floor":45,"turns":5},{"damage":1,"enemies":"Awakened One","floor":50,"turns":5}],"seed_played":"-3849504642643545238","potions_obtained":[{"floor":1,"key":"SpeedPotion"},{"floor":14,"key":"Regen Potion"}],"is_trial":false,"path_per_floor":["?","?","?","?","M","?","?","?","?","M","?","?","?","M","?","?"],"character_chosen":"DEFECT","items_purchased":["Capacitor","Runic Capacitor","Capacitor+1","Calipers","Coolheaded","Secret Weapon"],"campfire_rested":0,"item_purchase_floors":[21,21,46,46,46,46],"current_hp_per_floor":[75,69,69,55,44,44,44,44,44,44,37,37,37,37,37,14,69,63,63,63,63,63,63,55,55,55,55,24,24,24,24,24,11,69,69,69,69,69,61,61,51,51,51,50,49,49,49,49,49,48],"gold":12,"neow_bonus":"THREE_ENEMY_KILL","is_prod":false,"is_daily":false,"chose_seed":false,"campfire_upgraded":2,"win_rate":0,"timestamp":1550991927,"path_taken":["M","?","M","?","?","R","E","R","T","R","?","R","?","M","R","BOSS","M","?","M","$","?","R","?","R","T","?","M","R","M","?","R","BOSS","M","?","M","?","M","R","?","R","T","?","M","$","?","?","R","BOSS"],"build_version":"2019-01-23","purchased_purges":2,"victory":true,"max_hp_per_floor":[75,69,69,69,69,69,69,69,69,69,69,69,69,69,69,69,69,69,69,69,69,69,69,69,69,69,69,69,69,69,69,69,69,69,69,69,69,69,75,75,75,75,75,75,75,75,75,75,75,75],"card_choices":[{"not_picked":["White Noise","Rebound"],"picked":"Hologram","floor":1},{"not_picked":["Steam","White Noise"],"picked":"Gash","floor":3},{"not_picked":["White Noise","Doom and Gloom"],"picked":"Chill","floor":7},{"not_picked":["Compile Driver","Steam","Redo"],"picked":"SKIP","floor":13},{"not_picked":["Sweeping Beam","Streamline"],"picked":"Reinforced Body","floor":14},{"not_picked":["Hyperbeam","Electrodynamics"],"picked":"Reboot","floor":16},{"not_picked":["Loop","Aggregate"],"picked":"Coolheaded+1","floor":18},{"not_picked":["Redo+1","Force Field"],"picked":"Chill+1","floor":20},{"not_picked":["Cold Snap","Coolheaded+1"],"picked":"Gash","floor":28},{"not_picked":["Leap+1","Streamline"],"picked":"Gash","floor":30},{"not_picked":["Compile Driver","Turbo"],"picked":"Glacier","floor":31},{"not_picked":["Electrodynamics+1","Rainbow"],"picked":"All For One","floor":33},{"not_picked":["Tempest+1","FTL+1"],"picked":"Turbo","floor":35},{"not_picked":["Auto Shields","Streamline","Redo+1"],"picked":"SKIP","floor":37},{"not_picked":["Compile Driver","Turbo+1","Cold Snap"],"picked":"SKIP","floor":39},{"not_picked":["Madness","Dark Shackles"],"picked":"Trip","floor":41},{"not_picked":["HandOfGreed","Dark Shackles"],"picked":"Flash of Steel","floor":41},{"not_picked":["Panacea","Sadistic Nature+1"],"picked":"Metamorphosis","floor":41},{"not_picked":["Conserve Battery+1","Rebound+1","Stack"],"picked":"SKIP","floor":44},{"not_picked":["White Noise","Compile Driver+1","Sweeping Beam"],"picked":"SKIP","floor":45}],"player_experience":132672,"relics_obtained":[{"floor":7,"key":"Shovel"},{"floor":8,"key":"WingedGreaves"},{"floor":9,"key":"Orichalcum"},{"floor":10,"key":"Lantern"},{"floor":12,"key":"Darkstone Periapt"},{"floor":15,"key":"Bottled Flame"},{"floor":24,"key":"Red Mask"},{"floor":25,"key":"Frozen Egg 2"},{"floor":26,"key":"Ornamental Fan"},{"floor":29,"key":"Oddly Smooth Stone"},{"floor":32,"key":"PreservedInsect"},{"floor":40,"key":"MawBank"},{"floor":42,"key":"Pocketwatch"},{"floor":43,"key":"Omamori"},{"floor":49,"key":"Bottled Tornado"}],"event_choices":[{"damage_healed":0,"gold_gain":0,"player_choice":"Lose Max HP","damage_taken":0,"relics_obtained":["Golden Idol"],"max_hp_gain":0,"max_hp_loss":6,"event_name":"Golden Idol","floor":2,"gold_loss":0},{"damage_healed":0,"gold_gain":0,"player_choice":"Entered Light","damage_taken":14,"max_hp_gain":0,"max_hp_loss":0,"event_name":"Shining Light","floor":4,"gold_loss":0,"cards_upgraded":["Dualcast","Defend_B"]},{"damage_healed":0,"gold_gain":75,"player_choice":"Gather Gold","damage_taken":11,"max_hp_gain":0,"max_hp_loss":0,"event_name":"World of Goop","floor":5,"gold_loss":0},{"damage_healed":0,"gold_gain":0,"player_choice":"Success","damage_taken":7,"relics_obtained":["Blue Candle"],"max_hp_gain":0,"max_hp_loss":0,"event_name":"Scrap Ooze","floor":11,"gold_loss":0},{"damage_healed":0,"gold_gain":0,"player_choice":"Obtained Relic","damage_taken":0,"relics_obtained":["Unceasing Top"],"max_hp_gain":0,"max_hp_loss":0,"event_name":"Addict","floor":19,"gold_loss":85},{"damage_healed":0,"gold_gain":0,"player_choice":"Simplicity","damage_taken":0,"max_hp_gain":0,"max_hp_loss":0,"event_name":"Back to Basics","floor":22,"gold_loss":0,"cards_upgraded":["Strike_B","Strike_B","Strike_B","Defend_B","Defend_B","Defend_B"]},{"damage_healed":0,"gold_gain":0,"player_choice":"Fought Bandits","damage_taken":0,"max_hp_gain":0,"max_hp_loss":0,"event_name":"Masked Bandits","floor":24,"gold_loss":0},{"damage_healed":0,"gold_gain":0,"player_choice":"Ignored","damage_taken":0,"max_hp_gain":0,"max_hp_loss":0,"event_name":"Ghosts","floor":27,"gold_loss":0},{"damage_healed":0,"gold_gain":222,"player_choice":"Wore Mask","damage_taken":0,"max_hp_gain":0,"max_hp_loss":0,"event_name":"Tomb of Lord Red Mask","floor":36,"gold_loss":0},{"damage_healed":0,"gold_gain":0,"player_choice":"Ignored","damage_taken":0,"max_hp_gain":0,"max_hp_loss":0,"event_name":"Mysterious Sphere","floor":38,"gold_loss":0},{"damage_healed":0,"gold_gain":0,"player_choice":"Memory 3","damage_taken":10,"max_hp_gain":0,"max_hp_loss":0,"event_name":"SensoryStone","floor":41,"gold_loss":0},{"cards_removed":["Capacitor"],"damage_healed":0,"gold_gain":0,"player_choice":"Removed Power","damage_taken":0,"max_hp_gain":0,"max_hp_loss":0,"event_name":"Falling","floor":47,"gold_loss":0},{"damage_healed":0,"gold_gain":0,"player_choice":"Upgrade","damage_taken":0,"relics_obtained":["Mark of the Bloom"],"max_hp_gain":0,"max_hp_loss":0,"event_name":"MindBloom","floor":48,"gold_loss":0,"cards_upgraded":["Gash","Reinforced Body","Reboot","Capacitor","Gash","Gash","Glacier","All For One","Turbo","Trip","Flash of Steel","Metamorphosis","Coolheaded","Secret Weapon"]}],"is_beta":false,"boss_relics":[{"not_picked":["Orrery","Inserter"],"picked":"Sozu"},{"not_picked":["Calling Bell","Lizard Tail"],"picked":"FrozenCore"}],"items_purged_floors":[21,46],"is_endless":false,"potions_floor_spawned":[1,14,18,30,31,37,39],"ascension_level":0}