{"gold_per_floor":[111,211,226,99,49,49,64,41,90,90,119,79,89,37,37,37],"floor_reached":16,"playtime":505,"items_purged":["Zap"],"score":108,"play_id":"9c845244-ece1-401b-bb62-84799cf4b832","local_time":"20190324170506","is_ascension_mode":true,"campfire_choices":[{"data":"Machine Learning","floor":6,"key":"SMITH"},{"data":"Streamline","floor":10,"key":"SMITH"},{"floor":15,"key":"REST"}],"neow_cost":"NONE","seed_source_timestamp":7841813346378339,"circlet_count":0,"master_deck":["Strike_B","Strike_B","Strike_B+1","Strike_B","Defend_B","Defend_B","Defend_B","Dualcast","Machine Learning+1","Streamline+1","Rebound","Streamline+1","Reprogram"],"relics":["Cracked Core","Whetstone","Ancient Tea Set"],"potions_floor_usage":[7,7,13,13,16],"damage_taken":[{"damage":7,"enemies":"Jaw Worm","floor":1,"turns":3},{"damage":6,"enemies":"Cultist","floor":3,"turns":3},{"damage":2,"enemies":"Small Slimes","floor":7,"turns":2},{"damage":28,"enemies":"Gremlin Nob","floor":11,"turns":4},{"damage":20,"enemies":"Exordium Wildlife","floor":13,"turns":3},{"damage":47,"enemies":"Hexaghost","floor":16,"turns":7}],"seed_played":"5326299914310424859","potions_obtained":[{"floor":3,"key":"Block Potion"},{"floor":12,"key":"Dexterity Potion"},{"floor":12,"key":"Regen Potion"},{"floor":12,"key":"PowerPotion"},{"floor":13,"key":"GamblersBrew"}],"is_trial":false,"path_per_floor":["M","?","M","$","?","R","M","$","T","R","E","?","M","$","R","B"],"character_chosen":"DEFECT","items_purchased":["Fire Potion","Streamline","Fire Potion"],"campfire_rested":1,"item_purchase_floors":[4,8,14],"current_hp_per_floor":[68,68,62,62,62,62,60,60,60,60,32,32,21,21,43,0],"gold":37,"neow_bonus":"ONE_RANDOM_RARE_CARD","is_prod":false,"is_daily":false,"chose_seed":false,"campfire_upgraded":2,"win_rate":0,"timestamp":1553461506,"path_taken":["M","?","M","?","?","R","M","$","T","R","E","?","?","$","R","BOSS"],"build_version":"2019-01-23","purchased_purges":1,"victory":false,"max_hp_per_floor":[75,75,75,75,75,75,75,75,75,75,75,75,75,75,75,75],"card_choices":[{"not_picked":["Redo","Reinforced Body"],"picked":"Streamline","floor":1},{"not_picked":["Cold Snap","Conserve Battery","Lockon"],"picked":"SKIP","floor":3},{"not_picked":["Barrage","Undo"],"picked":"Rebound","floor":7},{"not_picked":["Tempest","Static Discharge"],"picked":"Reprogram","floor":11},{"not_picked":["Fusion","Leap","Cold Snap"],"picked":"SKIP","floor":13}],"player_experience":464043,"relics_obtained":[{"floor":9,"key":"Whetstone"},{"floor":11,"key":"Ancient Tea Set"}],"event_choices":[{"damage_healed":0,"gold_gain":100,"player_choice":"Pray","damage_taken":0,"max_hp_gain":0,"max_hp_loss":0,"event_name":"Golden Shrine","floor":2,"gold_loss":0},{"cards_removed":["Defend_B"],"damage_healed":0,"gold_gain":0,"player_choice":"Card Removal","damage_taken":0,"max_hp_gain":0,"max_hp_loss":0,"event_name":"The Cleric","floor":5,"gold_loss":50},{"damage_healed":0,"gold_gain":0,"player_choice":"Bought 3 Potions","damage_taken":0,"max_hp_gain":0,"max_hp_loss":0,"event_name":"The Woman in Blue","floor":12,"gold_loss":0}],"is_beta":false,"boss_relics":[],"items_purged_floors":[4],"is_endless":false,"potions_floor_spawned":[3,13],"killed_by":"Hexaghost","ascension_level":2}