{"gold_per_floor":[111,111,129,145,70,70,85,85,135,149,184,211,222,287,287,382,382,393,409,163,263,60,60,80,80],"floor_reached":25,"playtime":751,"items_purged":["Strike_R","Strike_R","Defend_R"],"score":291,"play_id":"a5d655d2-633d-414c-bc5e-49175d5853f2","local_time":"20181012112514","is_ascension_mode":true,"campfire_choices":[{"data":"Sword Boomerang","floor":6,"key":"SMITH"},{"data":"Twin Strike","floor":8,"key":"SMITH"},{"data":"Whirlwind","floor":15,"key":"SMITH"},{"floor":23,"key":"REST"}],"neow_cost":"NONE","seed_source_timestamp":108599180378225,"circlet_count":0,"master_deck":["Strike_R","Strike_R","Strike_R","Defend_R","Bash","Shrug It Off","Sword Boomerang+1","Twin Strike+1","Twin Strike","Carnage","Whirlwind+1","Whirlwind","Seeing Red"],"relics":["Black Blood","Strawberry","Bronze Scales","Odd Mushroom","Anchor","FossilizedHelix","Gremlin Horn"],"potions_floor_usage":[11,12,16,16,21,21,24,25,25],"damage_taken":[{"damage":12,"enemies":"Jaw Worm","floor":1,"turns":3},{"damage":6,"enemies":"2 Louse","floor":3,"turns":2},{"damage":0,"enemies":"Small Slimes","floor":4,"turns":3},{"damage":11,"enemies":"Looter","floor":7,"turns":2},{"damage":15,"enemies":"2 Fungi Beasts","floor":10,"turns":3},{"damage":22,"enemies":"3 Sentries","floor":11,"turns":6},{"damage":9,"enemies":"The Mushroom Lair","floor":12,"turns":2},{"damage":13,"enemies":"Blue Slaver","floor":13,"turns":3},{"damage":25,"enemies":"3 Sentries","floor":14,"turns":5},{"damage":0,"enemies":"Slime Boss","floor":16,"turns":5},{"damage":16,"enemies":"Shell Parasite","floor":18,"turns":3},{"damage":14,"enemies":"Chosen","floor":19,"turns":4},{"damage":29,"enemies":"Colosseum Slavers","floor":21,"turns":2},{"damage":60,"enemies":"Colosseum Nobs","floor":21,"turns":5},{"damage":39,"enemies":"Centurion and Healer","floor":24,"turns":5},{"damage":37,"enemies":"Book of Stabbing","floor":25,"turns":3}],"seed_played":"-6952543045841548891","potions_obtained":[{"floor":10,"key":"Block Potion"},{"floor":11,"key":"SteroidPotion"},{"floor":12,"key":"Swift Potion"},{"floor":14,"key":"FairyPotion"},{"floor":14,"key":"Fire Potion"},{"floor":16,"key":"LiquidBronze"},{"floor":18,"key":"Ancient Potion"},{"floor":19,"key":"Explosive Potion"},{"floor":21,"key":"GamblersBrew"},{"floor":24,"key":"Fire Potion"}],"is_trial":false,"path_per_floor":["M","?","M","M","$","R","M","R","T","M","E","?","M","?","R","B",null,"M","M","$","?","$","R","M"],"character_chosen":"IRONCLAD","items_purchased":["Whirlwind","Seeing Red","BloodPotion"],"campfire_rested":1,"item_purchase_floors":[20,20,22],"current_hp_per_floor":[74,74,74,80,80,80,75,75,82,73,57,54,47,28,28,34,87,81,77,77,18,18,44,23,0],"gold":80,"neow_bonus":"REMOVE_CARD","is_prod":false,"is_daily":false,"chose_seed":false,"campfire_upgraded":3,"win_rate":0,"timestamp":1539357914,"path_taken":["M","?","M","M","$","R","M","R","T","M","E","?","M","?","R","BOSS","M","M","$","?","$","R","M","E"],"build_version":"2018-10-11","purchased_purges":3,"victory":false,"max_hp_per_floor":[80,80,80,80,80,80,80,80,87,87,87,87,87,87,87,87,87,87,87,87,87,87,87,87,87],"card_choices":[{"not_picked":["Anger","Clothesline"],"picked":"Shrug It Off","floor":1},{"not_picked":["Ghostly Armor","Corruption"],"picked":"Sword Boomerang","floor":3},{"not_picked":["Anger","Shrug It Off"],"picked":"Twin Strike","floor":4},{"not_picked":["Iron Wave","Seeing Red"],"picked":"Twin Strike","floor":7},{"not_picked":["Sword Boomerang","Intimidate","Havoc"],"picked":"SKIP","floor":10},{"not_picked":["Cleave","Uppercut","Shockwave"],"picked":"SKIP","floor":11},{"not_picked":["Dual Wield","True Grit"],"picked":"Carnage","floor":13},{"not_picked":["True Grit","Dual Wield"],"picked":"Whirlwind","floor":14},{"not_picked":["Armaments","Thunderclap","Hemokinesis"],"picked":"SKIP","floor":18},{"not_picked":["Wild Strike","Sword Boomerang","Cleave+1"],"picked":"SKIP","floor":19},{"not_picked":["Headbutt+1","Warcry","Pommel Strike+1"],"picked":"SKIP","floor":24}],"player_experience":438233,"relics_obtained":[{"floor":9,"key":"Strawberry"},{"floor":11,"key":"Bronze Scales"},{"floor":12,"key":"Odd Mushroom"},{"floor":14,"key":"Anchor"},{"floor":21,"key":"FossilizedHelix"},{"floor":21,"key":"Gremlin Horn"}],"event_choices":[{"event_name":"Living Wall","player_choice":"Forget","floor":2,"damage_taken":0},{"event_name":"Mushrooms","player_choice":"Fought Mushrooms","floor":12,"damage_taken":0},{"event_name":"Dead Adventurer","player_choice":"Searched \u00271\u0027 times","floor":14,"damage_taken":0},{"event_name":"Colosseum","player_choice":"Fight","floor":21,"damage_taken":0},{"event_name":"Colosseum","player_choice":"Fought Nobs","floor":21,"damage_taken":0}],"is_beta":false,"boss_relics":[{"not_picked":["Pandora\u0027s Box","Runic Pyramid"],"picked":"Black Blood"}],"items_purged_floors":[5,20,22],"is_endless":false,"potions_floor_spawned":[10,11,12,14,14,16,18,19,21,24],"killed_by":"Book of Stabbing","ascension_level":3}