{"gold_per_floor":[115,115,130,143,143,143,155,188,258,258,186,186,186,198,198,293,293,283,283,283,298,298,314,314,331,380,393,409,116,126,138,138,138],"floor_reached":33,"playtime":4371,"items_purged":[],"score":276,"play_id":"c68fe06a-3dc0-457b-9f5a-790f5d11cc44","local_time":"20190212112651","is_ascension_mode":false,"campfire_choices":[{"data":"Entrench","floor":6,"key":"SMITH"},{"floor":10,"key":"RECALL"},{"data":"Iron Wave","floor":13,"key":"SMITH"},{"data":"Rampage","floor":15,"key":"SMITH"},{"data":"J.A.X.","floor":24,"key":"SMITH"},{"floor":32,"key":"REST"}],"neow_cost":"NONE","seed_source_timestamp":89262999186898,"circlet_count":0,"master_deck":["Strike_R","Strike_R","Strike_R","Strike_R","Strike_R","Defend_R","Defend_R","Defend_R","Defend_R","Bash","Entrench+1","Pommel Strike","Pommel Strike","Iron Wave+1","Headbutt","Headbutt","Shrug It Off","Rampage+1","Feed","J.A.X.+1","Iron Wave+1","Body Slam","Impervious","Flex","Iron Wave+1","Battle Trance+1"],"relics":["Burning Blood","Turnip","Boot","Mark of Pain","Art of War","Question Card"],"potions_floor_usage":[7,8,8,16,25,27,31,33],"damage_taken":[{"damage":0,"enemies":"2 Louse","floor":1,"turns":3},{"damage":5,"enemies":"Cultist","floor":3,"turns":4},{"damage":10,"enemies":"Small Slimes","floor":4,"turns":3},{"damage":1,"enemies":"3 Louse","floor":7,"turns":3},{"damage":34,"enemies":"3 Sentries","floor":8,"turns":12},{"damage":16,"enemies":"Red Slaver","floor":14,"turns":5},{"damage":62,"enemies":"The Guardian","floor":16,"turns":13},{"damage":25,"enemies":"2 Thieves","floor":18,"turns":4},{"damage":42,"enemies":"3 Byrds","floor":21,"turns":6},{"damage":29,"enemies":"Centurion and Healer","floor":23,"turns":5},{"damage":24,"enemies":"Snake Plant","floor":25,"turns":4},{"damage":11,"enemies":"Cultist and Chosen","floor":27,"turns":7},{"damage":15,"enemies":"Snecko","floor":28,"turns":4},{"damage":5,"enemies":"Sentry and Sphere","floor":30,"turns":4},{"damage":26,"enemies":"Centurion and Healer","floor":31,"turns":11},{"damage":79,"enemies":"Automaton","floor":33,"turns":10}],"seed_played":"5086140029257137542","potions_obtained":[{"floor":1,"key":"Regen Potion"},{"floor":2,"key":"LiquidBronze"},{"floor":2,"key":"SpeedPotion"},{"floor":4,"key":"Fire Potion"},{"floor":8,"key":"Swift Potion"},{"floor":14,"key":"Explosive Potion"},{"floor":23,"key":"FearPotion"},{"floor":25,"key":"Weak Potion"},{"floor":27,"key":"SkillPotion"},{"floor":30,"key":"Poison Potion"},{"floor":31,"key":"PowerPotion"}],"is_trial":false,"path_per_floor":["?","M","?","M","?","?","?","M","M"],"character_chosen":"IRONCLAD","items_purchased":["Headbutt","Shrug It Off","Flex","Question Card"],"campfire_rested":1,"item_purchase_floors":[11,11,29,29],"current_hp_per_floor":[88,88,88,84,84,84,88,75,75,75,75,75,75,65,65,9,88,69,69,52,19,96,76,76,58,58,56,47,47,51,34,66,0],"gold":138,"neow_bonus":"TEN_PERCENT_HP_BONUS","is_prod":false,"is_daily":false,"chose_seed":false,"campfire_upgraded":4,"win_rate":0,"timestamp":1549981611,"path_taken":["M","?","M","?","$","R","M","E","T","R","$","?","R","?","R","BOSS","M","?","?","M","?","M","R","M","T","M","?","$","?","M","R","BOSS"],"build_version":"2019-01-23","purchased_purges":0,"victory":false,"max_hp_per_floor":[88,88,88,88,88,88,88,88,88,88,88,88,88,88,88,88,88,88,88,93,96,96,99,99,99,99,102,102,102,105,108,108,108],"card_choices":[{"not_picked":["Body Slam","Twin Strike"],"picked":"Entrench","floor":1},{"not_picked":["Sever Soul","Armaments"],"picked":"Pommel Strike","floor":3},{"not_picked":["Clash","Warcry"],"picked":"Pommel Strike","floor":4},{"not_picked":["Cleave","Searing Blow"],"picked":"Iron Wave","floor":7},{"not_picked":["Entrench","Infernal Blade"],"picked":"Headbutt","floor":8},{"not_picked":["Twin Strike","Reaper"],"picked":"Rampage","floor":14},{"not_picked":["Dark Embrace","Berserk"],"picked":"Feed","floor":16},{"not_picked":["Second Wind+1","Heavy Blade"],"picked":"Seeing Red","floor":18},{"not_picked":["Ghostly Armor","Flame Barrier"],"picked":"Iron Wave+1","floor":21},{"not_picked":["Clothesline","Sword Boomerang","Cleave+1"],"picked":"SKIP","floor":23},{"not_picked":["Feel No Pain","Fire Breathing","Twin Strike+1"],"picked":"SKIP","floor":25},{"not_picked":["Perfected Strike","Thunderclap+1"],"picked":"Body Slam","floor":27},{"not_picked":["Headbutt+1","Dropkick"],"picked":"Impervious","floor":28},{"not_picked":["Sword Boomerang","Rage","Hemokinesis"],"picked":"Iron Wave+1","floor":30},{"not_picked":["Thunderclap+1","Shockwave","Sentinel"],"picked":"Battle Trance+1","floor":31}],"player_experience":163392,"relics_obtained":[{"floor":8,"key":"Turnip"},{"floor":26,"key":"Art of War"}],"event_choices":[{"damage_healed":0,"gold_gain":0,"player_choice":"Got Potions","damage_taken":0,"max_hp_gain":0,"max_hp_loss":0,"event_name":"Lab","floor":2,"gold_loss":0},{"damage_healed":0,"gold_gain":0,"player_choice":"Gave Potion","damage_taken":0,"relics_obtained":["Boot"],"max_hp_gain":0,"max_hp_loss":0,"event_name":"WeMeetAgain","floor":12,"gold_loss":0},{"damage_healed":0,"gold_gain":0,"player_choice":"Obtain J.A.X.","damage_taken":0,"max_hp_gain":0,"max_hp_loss":0,"event_name":"Drug Dealer","floor":19,"gold_loss":0,"cards_obtained":["J.A.X."]},{"damage_healed":0,"gold_gain":0,"player_choice":"Shed Blood","damage_taken":22,"max_hp_gain":5,"max_hp_loss":0,"event_name":"Forgotten Altar","floor":20,"gold_loss":0},{"cards_removed":["Seeing Red"],"damage_healed":77,"gold_gain":0,"player_choice":"Offered Uncommon","damage_taken":0,"max_hp_gain":0,"max_hp_loss":0,"event_name":"Bonfire Elementals","floor":22,"gold_loss":0}],"is_beta":false,"boss_relics":[{"not_picked":["Empty Cage","Astrolabe"],"picked":"Mark of Pain"}],"items_purged_floors":[],"is_endless":false,"potions_floor_spawned":[1,4,8,14,23,25,27,30,31],"killed_by":"Automaton","ascension_level":0}