{"gold_per_floor":[110,123,398,418,438,438,449,483,562,562,594,604,604,43,43,141,141,155,172,182,197,216,244,244,244,244,244],"floor_reached":27,"playtime":1116,"items_purged":[],"score":296,"play_id":"860ca970-a563-4f37-ac59-35620728a846","local_time":"20190330222437","is_ascension_mode":true,"campfire_choices":[{"data":"Reaper","floor":6,"key":"SMITH"},{"data":"Searing Blow","floor":10,"key":"SMITH"},{"data":"Reaper","floor":15,"key":"SMITH"},{"data":"Searing Blow+1","floor":24,"key":"SMITH"}],"neow_cost":"NONE","seed_source_timestamp":8378793966302173,"circlet_count":0,"master_deck":["Strike_R","Strike_R","Strike_R","Strike_R","Strike_R","Defend_R","Defend_R","Defend_R","Defend_R","Bash","Headbutt","Searing Blow+2","Clothesline","Reaper+1","Flame Barrier","Armaments","Spot Weakness","Reaper+1","Flex","Immolate","Shrug It Off+1","Shrug It Off","Decay"],"relics":["Burning Blood","Red Skull","Pear","Unceasing Top","Paper Frog","PreservedInsect","Runic Dome","Boot","Incense Burner"],"potions_floor_usage":[2,8,8,8,8,16,20],"damage_taken":[{"damage":1,"enemies":"Cultist","floor":1,"turns":4},{"damage":14,"enemies":"Jaw Worm","floor":2,"turns":4},{"damage":10,"enemies":"2 Louse","floor":4,"turns":3},{"damage":18,"enemies":"Blue Slaver","floor":5,"turns":4},{"damage":14,"enemies":"Looter","floor":7,"turns":4},{"damage":41,"enemies":"3 Sentries","floor":8,"turns":10},{"damage":29,"enemies":"Gremlin Nob","floor":11,"turns":4},{"damage":19,"enemies":"Lots of Slimes","floor":12,"turns":3},{"damage":45,"enemies":"The Guardian","floor":16,"turns":11},{"damage":6,"enemies":"Spheric Guardian","floor":18,"turns":3},{"damage":21,"enemies":"Chosen","floor":19,"turns":5},{"damage":27,"enemies":"Snecko","floor":20,"turns":5},{"damage":48,"enemies":"Cultist and Chosen","floor":21,"turns":6},{"damage":31,"enemies":"Sentry and Sphere","floor":22,"turns":4},{"damage":35,"enemies":"Slavers","floor":23,"turns":4},{"damage":39,"enemies":"Shelled Parasite and Fungi","floor":27,"turns":2}],"seed_played":"1130044284806096551","potions_obtained":[{"floor":0,"key":"EntropicBrew"},{"floor":0,"key":"SteroidPotion"},{"floor":0,"key":"GamblersBrew"},{"floor":2,"key":"SkillPotion"},{"floor":8,"key":"Ancient Potion"},{"floor":18,"key":"Block Potion"},{"floor":22,"key":"Fire Potion"}],"is_trial":false,"path_per_floor":["M","M","?","M","M","R","M","E","T","R","E","M","?","$","R","B",null,"M","M","M","M","M","E","R","?","T","M"],"character_chosen":"IRONCLAD","items_purchased":["Reaper","Paper Frog","Flex","PreservedInsect"],"campfire_rested":0,"item_purchase_floors":[14,14,14,14],"current_hp_per_floor":[80,72,72,68,56,56,48,58,68,68,45,72,72,72,72,53,90,90,75,59,30,15,25,25,25,25,0],"gold":244,"neow_bonus":"THREE_SMALL_POTIONS","is_prod":false,"is_daily":false,"chose_seed":false,"campfire_upgraded":4,"win_rate":0,"timestamp":1553999077,"path_taken":["M","M","?","M","?","R","M","E","T","R","E","M","?","$","R","BOSS","M","M","M","M","M","E","R","?","T","M"],"build_version":"2019-01-23","purchased_purges":0,"victory":false,"max_hp_per_floor":[80,80,80,80,80,80,80,80,90,90,90,90,90,90,90,90,90,90,90,90,90,90,90,90,90,90,90],"card_choices":[{"not_picked":["Flex","Blood for Blood"],"picked":"Headbutt","floor":1},{"not_picked":["Pommel Strike","Sword Boomerang"],"picked":"Searing Blow","floor":2},{"not_picked":["Pommel Strike","Armaments"],"picked":"Clothesline","floor":4},{"not_picked":["Heavy Blade","Flex"],"picked":"Reaper","floor":5},{"not_picked":["Anger","Clash"],"picked":"Flame Barrier","floor":7},{"not_picked":["Flex","Anger","Whirlwind"],"picked":"SKIP","floor":8},{"not_picked":["Disarm","Bloodletting"],"picked":"Armaments","floor":11},{"not_picked":["Clothesline","Inflame"],"picked":"Spot Weakness","floor":12},{"not_picked":["Berserk","Reaper"],"picked":"Immolate","floor":16},{"not_picked":["Perfected Strike","Pummel+1","Feel No Pain"],"picked":"SKIP","floor":18},{"not_picked":["Bloodletting","Pommel Strike"],"picked":"Shrug It Off+1","floor":19},{"not_picked":["Dropkick","Body Slam+1","Infernal Blade"],"picked":"SKIP","floor":20},{"not_picked":["Pummel","Rampage"],"picked":"Shrug It Off","floor":21},{"not_picked":["Ghostly Armor","Armaments","Heavy Blade"],"picked":"SKIP","floor":22},{"not_picked":["Clothesline","Power Through","Thunderclap"],"picked":"SKIP","floor":23}],"player_experience":645261,"relics_obtained":[{"floor":8,"key":"Red Skull"},{"floor":9,"key":"Pear"},{"floor":11,"key":"Unceasing Top"},{"floor":23,"key":"Boot"},{"floor":26,"key":"Incense Burner"}],"event_choices":[{"damage_healed":0,"gold_gain":275,"player_choice":"Desecrate","damage_taken":0,"max_hp_gain":0,"max_hp_loss":0,"event_name":"Golden Shrine","floor":3,"gold_loss":0,"cards_obtained":["Regret"]},{"cards_removed":["Regret"],"damage_healed":0,"gold_gain":0,"player_choice":"Card Removal","damage_taken":0,"max_hp_gain":0,"max_hp_loss":0,"event_name":"Wheel of Change","floor":13,"gold_loss":0},{"damage_healed":0,"gold_gain":0,"player_choice":"Smashed Altar","damage_taken":0,"max_hp_gain":0,"max_hp_loss":0,"event_name":"Forgotten Altar","floor":25,"gold_loss":0,"cards_obtained":["Decay"]}],"is_beta":false,"boss_relics":[{"not_picked":["Black Blood","Tiny House"],"picked":"Runic Dome"}],"items_purged_floors":[],"is_endless":false,"potions_floor_spawned":[2,4,7,8,18,22],"killed_by":"Shelled Parasite and Fungi","ascension_level":4}