{"gold_per_floor":[114,127,142,66,86,86,104,104,128,160,112,112,139,59,59,155,155,172,172,25,28,47,47,78,78,126,154,174,174,185,203,203,305,305,325,325,337,94,114,114,142,142,142,24,24,44,71,71,71,71,71,71,21,46,46],"floor_reached":55,"playtime":6568,"items_purged":["Writhe","Decay"],"score":725,"play_id":"7a1e3e52-2b74-4372-a2b0-fc2868cfc53e","local_time":"20190321045233","is_ascension_mode":false,"campfire_choices":[{"data":"Neutralize","floor":6,"key":"SMITH"},{"data":"Footwork","floor":12,"key":"SMITH"},{"data":"Well Laid Plans","floor":15,"key":"SMITH"},{"data":"Cloak And Dagger","floor":23,"key":"SMITH"},{"floor":29,"key":"REST"},{"floor":32,"key":"REST"},{"floor":40,"key":"REST"},{"floor":45,"key":"REST"},{"floor":49,"key":"RECALL"},{"floor":52,"key":"REST"}],"neow_cost":"NONE","seed_source_timestamp":71455048735601,"circlet_count":0,"master_deck":["Defend_G","Defend_G","Defend_G","Defend_G","Defend_G","Strike_G","Strike_G","Strike_G","Strike_G","Strike_G","Survivor","Neutralize+1","Footwork+1","Malaise","Noxious Fumes","Cloak And Dagger+1","Well Laid Plans+1","Flying Knee","Caltrops","Dagger Spray","Backflip","Skewer","PiercingWail+1","Glass Knife","Deflect+1","Cloak And Dagger","Noxious Fumes","Backflip","Cloak And Dagger+1"],"relics":["Ring of the Snake","NeowsBlessing","Juzu Bracelet","Vajra","Boot","Lizard Tail","Snake Skull","Pear","Lantern","Art of War","Fusion Hammer","Oddly Smooth Stone","PreservedInsect","Kunai","Bronze Scales"],"potions_floor_usage":[7,10,13,27,31,33,41,46,47,54,54],"damage_taken":[{"damage":0,"enemies":"Cultist","floor":1,"turns":1},{"damage":0,"enemies":"2 Louse","floor":2,"turns":1},{"damage":0,"enemies":"Small Slimes","floor":3,"turns":1},{"damage":1,"enemies":"Looter","floor":5,"turns":5},{"damage":0,"enemies":"3 Louse","floor":7,"turns":5},{"damage":10,"enemies":"Lagavulin","floor":10,"turns":12},{"damage":9,"enemies":"3 Sentries","floor":13,"turns":8},{"damage":8,"enemies":"Slime Boss","floor":16,"turns":15},{"damage":0,"enemies":"Chosen","floor":18,"turns":8},{"damage":4,"enemies":"2 Thieves","floor":21,"turns":5},{"damage":3,"enemies":"Snake Plant","floor":22,"turns":6},{"damage":18,"enemies":"Gremlin Leader","floor":24,"turns":10},{"damage":33,"enemies":"Slavers","floor":27,"turns":6},{"damage":9,"enemies":"Shelled Parasite and Fungi","floor":28,"turns":8},{"damage":29,"enemies":"Sentry and Sphere","floor":30,"turns":9},{"damage":7,"enemies":"Snake Plant","floor":31,"turns":6},{"damage":84,"enemies":"Automaton","floor":33,"turns":13},{"damage":10,"enemies":"Orb Walker","floor":35,"turns":5},{"damage":17,"enemies":"3 Darklings","floor":37,"turns":7},{"damage":0,"enemies":"4 Shapes","floor":39,"turns":8},{"damage":24,"enemies":"Nemesis","floor":41,"turns":11},{"damage":9,"enemies":"Sphere and 2 Shapes","floor":46,"turns":7},{"damage":7,"enemies":"Reptomancer","floor":47,"turns":6},{"damage":23,"enemies":"Time Eater","floor":50,"turns":24},{"damage":30,"enemies":"Shield and Spear","floor":54,"turns":9},{"damage":50,"enemies":"The Heart","floor":55,"turns":3}],"seed_played":"-7444542453016424968","potions_obtained":[{"floor":3,"key":"EssenceOfSteel"},{"floor":5,"key":"Block Potion"},{"floor":10,"key":"AttackPotion"},{"floor":24,"key":"GhostInAJar"},{"floor":30,"key":"SpeedPotion"},{"floor":31,"key":"EssenceOfSteel"},{"floor":37,"key":"Weak Potion"},{"floor":39,"key":"EssenceOfSteel"},{"floor":46,"key":"SkillPotion"}],"is_trial":false,"path_per_floor":["M","?","?","?","?","?","?","$"],"character_chosen":"THE_SILENT","items_purchased":["Noxious Fumes","Well Laid Plans","Caltrops","Oddly Smooth Stone","Noxious Fumes","AttackPotion","SpeedPotion"],"campfire_rested":5,"item_purchase_floors":[4,14,20,38,44,44,53],"current_hp_per_floor":[70,70,70,70,69,69,69,69,69,59,59,59,50,50,50,42,70,70,70,70,66,63,63,55,55,55,22,13,37,8,1,25,15,80,70,70,53,53,53,77,53,53,53,53,77,68,61,61,61,38,80,80,80,50,0],"gold":46,"neow_bonus":"THREE_ENEMY_KILL","is_prod":false,"is_daily":false,"chose_seed":false,"campfire_upgraded":4,"win_rate":0,"timestamp":1553154753,"path_taken":["M","M","M","$","M","R","?","?","T","E","?","R","E","$","R","BOSS","M","?","$","M","M","R","E","?","T","E","M","R","M","M","R","BOSS","M","?","M","$","M","R","E","?","T","$","R","M","E","?","R","BOSS","R","$","E","BOSS"],"build_version":"2019-01-23","purchased_purges":2,"victory":false,"max_hp_per_floor":[70,70,70,70,70,70,70,70,70,70,70,70,70,70,70,70,70,70,70,70,70,70,70,80,80,80,80,80,80,80,80,80,80,80,80,80,80,80,80,80,80,80,80,80,80,80,80,80,80,80,80,80,80,80,80],"card_choices":[{"not_picked":["Sucker Punch","Riddle With Holes","Deflect"],"picked":"SKIP","floor":1},{"not_picked":["Deflect","Sucker Punch"],"picked":"Footwork","floor":2},{"not_picked":["Calculated Gamble","Dodge and Roll"],"picked":"Malaise","floor":3},{"not_picked":["Outmaneuver","Bane","Acrobatics"],"picked":"SKIP","floor":5},{"not_picked":["Dagger Throw","Underhanded Strike"],"picked":"Cloak And Dagger","floor":7},{"not_picked":["Quick Slash","Bane","Escape Plan"],"picked":"SKIP","floor":10},{"not_picked":["Blade Dance","Dodge and Roll","Deadly Poison"],"picked":"SKIP","floor":13},{"not_picked":["Dagger Throw+1","Prepared"],"picked":"Flying Knee","floor":18},{"not_picked":["Acrobatics","Slice+1"],"picked":"Dagger Spray","floor":21},{"not_picked":["Flying Knee","Well Laid Plans+1","Dagger Spray"],"picked":"SKIP","floor":22},{"not_picked":["Prepared","Poisoned Stab","Dagger Spray"],"picked":"SKIP","floor":24},{"not_picked":["Blade Dance+1","Bane","Deadly Poison"],"picked":"SKIP","floor":27},{"not_picked":["Endless Agony","Acrobatics+1"],"picked":"Backflip","floor":28},{"not_picked":["Malaise","Sucker Punch"],"picked":"Skewer","floor":30},{"not_picked":["Predator","Poisoned Stab+1"],"picked":"PiercingWail+1","floor":31},{"not_picked":["Phantasmal Killer","Burst"],"picked":"Glass Knife","floor":33},{"not_picked":["Poisoned Stab","Flying Knee"],"picked":"Deflect+1","floor":35},{"not_picked":["Accuracy","Tactician"],"picked":"Cloak And Dagger","floor":37},{"not_picked":["Acrobatics","Prepared+1","Dagger Throw+1"],"picked":"SKIP","floor":39},{"not_picked":["Eviscerate","Blade Dance+1","PiercingWail"],"picked":"SKIP","floor":41},{"not_picked":["Blade Dance+1","Endless Agony","Poisoned Stab"],"picked":"SKIP","floor":46},{"not_picked":["Tactician+1","Calculated Gamble"],"picked":"Backflip","floor":47},{"not_picked":["Slice","Bouncing Flask"],"picked":"Cloak And Dagger+1","floor":54}],"player_experience":388433,"relics_obtained":[{"floor":9,"key":"Juzu Bracelet"},{"floor":10,"key":"Vajra"},{"floor":13,"key":"Boot"},{"floor":24,"key":"Pear"},{"floor":26,"key":"Lantern"},{"floor":27,"key":"Art of War"},{"floor":41,"key":"PreservedInsect"},{"floor":47,"key":"Kunai"},{"floor":54,"key":"Bronze Scales"}],"event_choices":[{"damage_healed":0,"gold_gain":0,"player_choice":"Ignored","damage_taken":0,"max_hp_gain":0,"max_hp_loss":0,"event_name":"Shining Light","floor":8,"gold_loss":0},{"damage_healed":0,"gold_gain":0,"player_choice":"Left Gold","damage_taken":0,"max_hp_gain":0,"max_hp_loss":0,"event_name":"World of Goop","floor":11,"gold_loss":48},{"damage_healed":0,"gold_gain":0,"player_choice":"Opened","damage_taken":0,"relics_obtained":["Snake Skull"],"max_hp_gain":0,"max_hp_loss":0,"event_name":"The Mausoleum","floor":19,"gold_loss":0,"cards_obtained":["Writhe"]},{"damage_healed":0,"gold_gain":0,"player_choice":"Smashed Altar","damage_taken":0,"max_hp_gain":0,"max_hp_loss":0,"event_name":"Forgotten Altar","floor":25,"gold_loss":0,"cards_obtained":["Decay"]},{"damage_healed":0,"gold_gain":0,"player_choice":"Ignored","damage_taken":0,"max_hp_gain":0,"max_hp_loss":0,"event_name":"Mysterious Sphere","floor":36,"gold_loss":0},{"damage_healed":0,"gold_gain":0,"player_choice":"Memory 1","damage_taken":0,"max_hp_gain":0,"max_hp_loss":0,"event_name":"SensoryStone","floor":42,"gold_loss":0}],"is_beta":false,"boss_relics":[{"not_picked":["Empty Cage","Runic Pyramid"],"picked":"Lizard Tail"},{"not_picked":["Astrolabe","Eternal Feather"],"picked":"Fusion Hammer"}],"items_purged_floors":[20,38],"is_endless":false,"potions_floor_spawned":[3,5,10,24,30,31,37,39,46],"killed_by":"The Heart","ascension_level":0}