{"gold_per_floor":[114,189,200,211,31,31,46,46,70,70,84,84,102,120,120,243,243,264,264,264,285,67,67,67,86,138,238,259,259,259,300,300,300],"floor_reached":33,"playtime":713,"items_purged":["Dualcast"],"score":321,"play_id":"443e0d43-ab23-40a0-91e2-6a02bca31355","local_time":"20190324222720","is_ascension_mode":true,"campfire_choices":[{"data":"Hyperbeam","floor":6,"key":"SMITH"},{"data":"FTL","floor":8,"key":"SMITH"},{"data":"Beam Cell","floor":10,"key":"SMITH"},{"floor":15,"key":"REST"},{"data":"Sweeping Beam","floor":24,"key":"SMITH"},{"floor":30,"key":"REST"},{"floor":32,"key":"REST"}],"neow_cost":"NONE","seed_source_timestamp":7860939299387187,"circlet_count":0,"master_deck":["Defend_B+1","Defend_B+1","Defend_B+1","Defend_B+1","Reboot","Sweeping Beam+1","Skim","Hyperbeam+1","FTL+1","Beam Cell+1","Scrape","Rebound","Gash+1","Bite","Bite","Bite","Bite","Bite"],"relics":["Cracked Core","Juzu Bracelet","Golden Idol","Velvet Choker","Vajra","Potion Belt","Bronze Scales"],"potions_floor_usage":[4,7,11,25,31],"damage_taken":[{"damage":6,"enemies":"Cultist","floor":1,"turns":4},{"damage":0,"enemies":"Small Slimes","floor":3,"turns":2},{"damage":6,"enemies":"2 Louse","floor":4,"turns":2},{"damage":5,"enemies":"Gremlin Gang","floor":7,"turns":2},{"damage":11,"enemies":"Looter","floor":11,"turns":2},{"damage":0,"enemies":"2 Fungi Beasts","floor":13,"turns":1},{"damage":0,"enemies":"Exordium Thugs","floor":14,"turns":1},{"damage":40,"enemies":"Hexaghost","floor":16,"turns":8},{"damage":12,"enemies":"Chosen","floor":18,"turns":2},{"damage":0,"enemies":"Spheric Guardian","floor":21,"turns":3},{"damage":20,"enemies":"Shelled Parasite and Fungi","floor":25,"turns":4},{"damage":10,"enemies":"Snecko","floor":28,"turns":3},{"damage":29,"enemies":"Slavers","floor":31,"turns":2},{"damage":0,"enemies":"Automaton","floor":33,"turns":1}],"seed_played":"-2628544379519969659","potions_obtained":[{"floor":3,"key":"Ancient Potion"},{"floor":4,"key":"Explosive Potion"},{"floor":7,"key":"Poison Potion"},{"floor":11,"key":"Explosive Potion"},{"floor":18,"key":"EssenceOfSteel"},{"floor":31,"key":"Weak Potion"}],"is_trial":false,"path_per_floor":["M","?","M","M","$","R","M","R","T","R","M","?","M","M","R","B",null,"M","?","?","M","$","?","R","M","T","?","M","?","R","E","R","B"],"character_chosen":"DEFECT","items_purchased":["Hyperbeam","FTL","Vajra"],"campfire_rested":3,"item_purchase_floors":[5,5,22],"current_hp_per_floor":[69,58,58,52,52,52,47,47,47,47,36,36,36,36,56,16,69,57,57,57,57,57,48,48,32,32,32,24,24,38,11,25,25],"gold":300,"neow_bonus":"ONE_RANDOM_RARE_CARD","is_prod":false,"is_daily":false,"chose_seed":false,"campfire_upgraded":4,"win_rate":0,"timestamp":1553480840,"path_taken":["M","?","M","M","$","R","M","R","T","R","M","?","M","M","R","BOSS","M","?","?","M","$","?","R","M","T","?","M","?","R","E","R","BOSS"],"build_version":"2019-01-23","purchased_purges":1,"victory":false,"max_hp_per_floor":[75,75,75,75,75,75,75,75,75,75,75,69,69,69,69,69,69,69,69,69,69,69,48,48,48,48,48,48,48,48,48,48,48],"card_choices":[{"not_picked":["Barrage","Doom and Gloom"],"picked":"Sweeping Beam","floor":1},{"not_picked":["Hologram","Stack","Heatsinks"],"picked":"SKIP","floor":3},{"not_picked":["Conserve Battery","Cold Snap"],"picked":"Skim","floor":4},{"not_picked":["FTL","Self Repair"],"picked":"Beam Cell","floor":7},{"not_picked":["Chaos","Static Discharge"],"picked":"Scrape","floor":11},{"not_picked":["Coolheaded","Force Field","Reinforced Body"],"picked":"SKIP","floor":13},{"not_picked":["Recycle","Hologram"],"picked":"Rebound","floor":14},{"not_picked":["Ball Lightning","Leap"],"picked":"Gash+1","floor":18},{"not_picked":["Storm","Tempest","Redo+1"],"picked":"SKIP","floor":21},{"not_picked":["FTL","Barrage+1","Multi-Cast"],"picked":"SKIP","floor":25},{"not_picked":["Rebound","FTL","Sunder+1"],"picked":"SKIP","floor":28},{"not_picked":["Conserve Battery","Barrage","Turbo+1"],"picked":"SKIP","floor":31}],"player_experience":482181,"relics_obtained":[{"floor":9,"key":"Juzu Bracelet"},{"floor":26,"key":"Potion Belt"},{"floor":31,"key":"Bronze Scales"}],"event_choices":[{"damage_healed":0,"gold_gain":75,"player_choice":"Gather Gold","damage_taken":11,"max_hp_gain":0,"max_hp_loss":0,"event_name":"World of Goop","floor":2,"gold_loss":0},{"damage_healed":0,"gold_gain":0,"player_choice":"Lose Max HP","damage_taken":0,"relics_obtained":["Golden Idol"],"max_hp_gain":0,"max_hp_loss":6,"event_name":"Golden Idol","floor":12,"gold_loss":0},{"cards_removed":["Zap"],"damage_healed":0,"gold_gain":0,"player_choice":"Offered Basic","damage_taken":0,"max_hp_gain":0,"max_hp_loss":0,"event_name":"Bonfire Elementals","floor":19,"gold_loss":0},{"damage_healed":0,"gold_gain":0,"player_choice":"Simplicity","damage_taken":0,"max_hp_gain":0,"max_hp_loss":0,"event_name":"Back to Basics","floor":20,"gold_loss":0,"cards_upgraded":["Strike_B","Strike_B","Strike_B","Strike_B","Defend_B","Defend_B","Defend_B","Defend_B"]},{"damage_healed":0,"gold_gain":0,"player_choice":"Became a vampire","damage_taken":0,"max_hp_gain":0,"max_hp_loss":21,"event_name":"Vampires","floor":23,"gold_loss":0,"cards_obtained":["Bite","Bite","Bite","Bite","Bite"]},{"damage_healed":0,"gold_gain":100,"player_choice":"Pray","damage_taken":0,"max_hp_gain":0,"max_hp_loss":0,"event_name":"Golden Shrine","floor":27,"gold_loss":0},{"damage_healed":0,"gold_gain":0,"player_choice":"Ignored","damage_taken":0,"max_hp_gain":0,"max_hp_loss":0,"event_name":"Transmorgrifier","floor":29,"gold_loss":0}],"is_beta":false,"boss_relics":[{"not_picked":["Runic Pyramid","Snecko Eye"],"picked":"Velvet Choker"}],"items_purged_floors":[22],"is_endless":false,"potions_floor_spawned":[3,4,7,11,18,31],"killed_by":"Automaton","ascension_level":3}