{"gold_per_floor":[12,87,52,65,65,65,65,65,65,65,65,75,90,100,100,203,203,220,220,220,51,51,51,61,81,81,81,81,112,132,132,132,132],"floor_reached":33,"playtime":2305,"items_purged":[],"score":278,"play_id":"6709e7a5-74f3-433b-99d0-a68b68219440","local_time":"20190306064324","is_ascension_mode":false,"campfire_choices":[{"data":"Inflame","floor":6,"key":"SMITH"},{"data":"Bash","floor":8,"key":"SMITH"},{"floor":11,"key":"RECALL"},{"data":"Iron Wave","floor":15,"key":"SMITH"},{"data":"Limit Break","floor":23,"key":"SMITH"},{"floor":27,"key":"REST"},{"floor":32,"key":"REST"}],"neow_cost":"NO_GOLD","seed_source_timestamp":370007108985778,"circlet_count":0,"master_deck":["Strike_R","Strike_R","Strike_R","Strike_R","Defend_R","Defend_R","Defend_R","Defend_R","Bash+1","Inflame+1","Headbutt","Battle Trance","Iron Wave+1","Limit Break+1","Heavy Blade","Double Tap","Blind","Anger","Whirlwind","Decay","Pommel Strike","Heavy Blade+1"],"relics":["Black Blood","WingedGreaves","Pear","StoneCalendar","Ancient Tea Set","Frozen Egg 2","Incense Burner"],"potions_floor_usage":[18,29,30,33],"damage_taken":[{"damage":8,"enemies":"Jaw Worm","floor":1,"turns":4},{"damage":8,"enemies":"2 Louse","floor":4,"turns":3},{"damage":10,"enemies":"Small Slimes","floor":12,"turns":3},{"damage":5,"enemies":"Looter","floor":13,"turns":4},{"damage":11,"enemies":"2 Fungi Beasts","floor":14,"turns":3},{"damage":18,"enemies":"Slime Boss","floor":16,"turns":7},{"damage":15,"enemies":"Spheric Guardian","floor":18,"turns":4},{"damage":47,"enemies":"3 Byrds","floor":24,"turns":7},{"damage":21,"enemies":"3 Cultists","floor":25,"turns":6},{"damage":34,"enemies":"Book of Stabbing","floor":29,"turns":5},{"damage":43,"enemies":"Sentry and Sphere","floor":30,"turns":6},{"damage":50,"enemies":"Automaton","floor":33,"turns":4}],"seed_played":"-5409254169691450083","potions_obtained":[{"floor":12,"key":"Fire Potion"},{"floor":14,"key":"EssenceOfSteel"},{"floor":24,"key":"Dexterity Potion"},{"floor":29,"key":"Explosive Potion"}],"is_trial":false,"path_per_floor":["?","?","T","?","?","M","?","?","$","?","M","M","?"],"character_chosen":"IRONCLAD","items_purchased":["Double Tap","Blind"],"campfire_rested":2,"item_purchase_floors":[21,21],"current_hp_per_floor":[78,67,80,78,88,88,88,88,88,93,93,89,90,85,85,73,95,90,90,90,90,90,90,53,42,42,70,70,46,13,13,41,0],"gold":132,"neow_bonus":"ONE_RARE_RELIC","is_prod":false,"is_daily":false,"chose_seed":false,"campfire_upgraded":4,"win_rate":0,"timestamp":1551865404,"path_taken":["M","?","?","M","?","R","?","R","T","?","R","?","M","M","R","BOSS","M","?","?","?","?","R","?","?","T","R","?","E","M","$","R","BOSS"],"build_version":"2019-01-23","purchased_purges":0,"victory":false,"max_hp_per_floor":[80,80,80,80,90,90,90,90,90,95,95,95,95,95,95,95,95,95,95,95,95,95,95,95,95,95,95,95,95,95,95,95,95],"card_choices":[{"not_picked":["Havoc","Heavy Blade"],"picked":"Inflame","floor":1},{"not_picked":["Thunderclap","Iron Wave"],"picked":"Headbutt","floor":4},{"not_picked":["Flame Barrier","Seeing Red","Sword Boomerang"],"picked":"SKIP","floor":12},{"not_picked":["Dropkick","Havoc"],"picked":"Battle Trance","floor":13},{"not_picked":["Second Wind","True Grit"],"picked":"Iron Wave","floor":14},{"not_picked":["Fiend Fire","Double Tap"],"picked":"Limit Break","floor":16},{"not_picked":["Flex+1","Sword Boomerang"],"picked":"Heavy Blade","floor":18},{"not_picked":["Twin Strike+1","Body Slam"],"picked":"Anger","floor":24},{"not_picked":["Disarm","Hemokinesis+1"],"picked":"Whirlwind","floor":25},{"not_picked":["Flex","Sever Soul"],"picked":"Pommel Strike","floor":29},{"not_picked":["Warcry","Havoc+1"],"picked":"Heavy Blade+1","floor":30}],"player_experience":255161,"relics_obtained":[{"floor":5,"key":"Pear"},{"floor":26,"key":"Frozen Egg 2"},{"floor":29,"key":"Incense Burner"}],"event_choices":[{"damage_healed":0,"gold_gain":75,"player_choice":"Gather Gold","damage_taken":11,"max_hp_gain":0,"max_hp_loss":0,"event_name":"World of Goop","floor":2,"gold_loss":0},{"damage_healed":20,"gold_gain":0,"player_choice":"Healed","damage_taken":0,"max_hp_gain":0,"max_hp_loss":0,"event_name":"The Cleric","floor":3,"gold_loss":35},{"damage_healed":0,"gold_gain":0,"player_choice":"Searched \u00271\u0027 times","damage_taken":0,"relics_obtained":["StoneCalendar"],"max_hp_gain":0,"max_hp_loss":0,"event_name":"Dead Adventurer","floor":7,"gold_loss":0},{"damage_healed":0,"gold_gain":0,"player_choice":"Donut","damage_taken":0,"max_hp_gain":5,"max_hp_loss":0,"event_name":"Big Fish","floor":10,"gold_loss":0},{"damage_healed":0,"gold_gain":0,"player_choice":"Ignored","damage_taken":0,"max_hp_gain":0,"max_hp_loss":0,"event_name":"Ghosts","floor":19,"gold_loss":0},{"damage_healed":0,"gold_gain":0,"player_choice":"Opened","damage_taken":0,"relics_obtained":["Ancient Tea Set"],"max_hp_gain":0,"max_hp_loss":0,"event_name":"The Mausoleum","floor":20,"gold_loss":0},{"cards_removed":["Strike_R"],"damage_healed":0,"gold_gain":0,"player_choice":"Purged","damage_taken":0,"max_hp_gain":0,"max_hp_loss":0,"event_name":"Purifier","floor":22,"gold_loss":0},{"damage_healed":0,"gold_gain":0,"player_choice":"Smashed Altar","damage_taken":0,"max_hp_gain":0,"max_hp_loss":0,"event_name":"Forgotten Altar","floor":28,"gold_loss":0,"cards_obtained":["Decay"]}],"is_beta":false,"boss_relics":[{"not_picked":["Black Star","Runic Cube"],"picked":"Black Blood"}],"items_purged_floors":[],"is_endless":false,"potions_floor_spawned":[12,14,24,29],"killed_by":"Automaton","ascension_level":0}