{"gold_per_floor":[115,134,145,145,165,492,492,492,492,492,492],"floor_reached":11,"playtime":430,"items_purged":[],"score":73,"play_id":"b20f1586-f348-40ba-8013-c6173f59ff00","local_time":"20180705091449","is_ascension_mode":false,"campfire_choices":[{"floor":7,"key":"REST"},{"data":"Brutality","floor":10,"key":"SMITH"}],"neow_cost":"CURSE","seed_source_timestamp":1236155274927142,"circlet_count":0,"master_deck":["Strike_R","Strike_R","Strike_R","Strike_R","Strike_R","Defend_R","Defend_R","Defend_R","Bash","Injury","Fiend Fire","Cleave","Headbutt","Bloodletting","Regret","Flex","Brutality+1"],"relics":["Burning Blood","Dodecahedron","Old Coin","Gambling Chip"],"potions_floor_usage":[],"damage_taken":[{"damage":0,"enemies":"2 Louse","floor":1,"turns":3},{"damage":6,"enemies":"Cultist","floor":2,"turns":3},{"damage":11,"enemies":"Jaw Worm","floor":3,"turns":2},{"damage":18,"enemies":"2 Fungi Beasts","floor":5,"turns":3},{"damage":35,"enemies":"Gremlin Nob","floor":6,"turns":4},{"damage":52,"enemies":"Exordium Thugs","floor":11,"turns":4}],"seed_played":"-1216441893905774738","potions_obtained":[{"floor":2,"key":"Dexterity Potion"},{"floor":3,"key":"PowerPotion"}],"is_trial":false,"path_per_floor":["M","M","M","?","M","E","R","?","T","R"],"character_chosen":"IRONCLAD","items_purchased":[],"campfire_rested":1,"item_purchase_floors":[],"current_hp_per_floor":[80,80,75,75,63,34,58,51,51,51,0],"gold":492,"neow_bonus":"THREE_RARE_CARDS","is_prod":false,"is_daily":false,"chose_seed":false,"campfire_upgraded":1,"win_rate":0.0,"timestamp":1530796489,"path_taken":["M","M","M","?","?","E","R","?","T","R","M"],"build_version":"2018-06-28","purchased_purges":0,"victory":false,"max_hp_per_floor":[80,80,80,80,80,80,80,80,80,80,80],"card_choices":[{"not_picked":["Juggernaut","Barricade"],"picked":"Fiend Fire","floor":0},{"not_picked":["Heavy Blade","Warcry"],"picked":"Cleave","floor":1},{"not_picked":["Rupture","Sword Boomerang"],"picked":"Headbutt","floor":2},{"not_picked":["Disarm","Corruption"],"picked":"Bloodletting","floor":3},{"not_picked":["Rage","Shrug It Off"],"picked":"Flex","floor":5},{"not_picked":["Warcry","Feed"],"picked":"Brutality","floor":6}],"player_experience":31194,"relics_obtained":[{"floor":6,"key":"Old Coin"},{"floor":9,"key":"Gambling Chip"}],"event_choices":[{"event_name":"Big Fish","player_choice":"Box","floor":4,"damage_taken":0},{"event_name":"Golden Wing","player_choice":"Card Removal","floor":8,"damage_taken":0}],"boss_relics":[],"items_purged_floors":[],"is_endless":false,"potions_floor_spawned":[2,3],"killed_by":"Exordium Thugs","ascension_level":0}