{"gold_per_floor":[109,109,184,184,198,216,216,226,226,401,76,88,88,106,106,106],"floor_reached":16,"playtime":495,"items_purged":["Defend_R"],"score":92,"play_id":"cf43eea8-4402-474a-a0e5-da9c3937cd2b","local_time":"20180705154014","is_ascension_mode":false,"campfire_choices":[{"data":"Wild Strike","floor":7,"key":"SMITH"},{"data":"Headbutt","floor":13,"key":"SMITH"},{"data":"Wild Strike","floor":15,"key":"SMITH"}],"neow_cost":"","seed_source_timestamp":1259218029072279,"circlet_count":0,"master_deck":["Strike_R","Strike_R","Strike_R","Strike_R","Strike_R","Defend_R","Defend_R","Bash","Wild Strike+1","Wild Strike+1","Headbutt+1","Thunderclap","Doubt","Flex","Wild Strike+1"],"relics":["Burning Blood","Prayer Wheel","Toolbox"],"potions_floor_usage":[16,16],"damage_taken":[{"damage":0,"enemies":"Small Slimes","floor":1,"turns":3},{"damage":5,"enemies":"2 Louse","floor":5,"turns":2},{"damage":11,"enemies":"Jaw Worm","floor":6,"turns":2},{"damage":12,"enemies":"2 Fungi Beasts","floor":8,"turns":2},{"damage":0,"enemies":"3 Louse","floor":12,"turns":2},{"damage":15,"enemies":"Exordium Wildlife","floor":14,"turns":2},{"damage":50,"enemies":"The Guardian","floor":16,"turns":5}],"seed_played":"-5222895079038191327","potions_obtained":[{"floor":1,"key":"PowerPotion"},{"floor":12,"key":"Strength Potion"}],"is_trial":false,"path_per_floor":["M","?","?","?","M","M","R","M","T","?","$","M","R","M","R"],"character_chosen":"IRONCLAD","items_purchased":["Toolbox"],"campfire_rested":0,"item_purchase_floors":[11],"current_hp_per_floor":[80,80,69,62,63,58,58,52,52,52,52,58,58,49,49,0],"gold":106,"neow_bonus":"","is_prod":false,"is_daily":false,"chose_seed":false,"campfire_upgraded":3,"win_rate":0.0,"timestamp":1530819614,"path_taken":["M","?","?","?","M","M","R","M","T","?","$","?","R","M","R","BOSS"],"build_version":"2018-06-28","purchased_purges":1,"victory":false,"max_hp_per_floor":[80,80,80,80,80,80,80,80,80,80,80,80,80,80,80,80],"card_choices":[{"not_picked":["Power Through","Heavy Blade"],"picked":"Wild Strike","floor":1},{"not_picked":["Headbutt","Fire Breathing"],"picked":"Wild Strike","floor":5},{"not_picked":["Clothesline","Havoc"],"picked":"Headbutt","floor":6},{"not_picked":["Inflame","Evolve"],"picked":"Thunderclap","floor":8},{"not_picked":["Burning Pact","Body Slam"],"picked":"Flex","floor":12},{"not_picked":["Fiend Fire","Carnage","Armaments"],"picked":"SKIP","floor":12},{"not_picked":["Clothesline","Heavy Blade"],"picked":"Wild Strike","floor":14},{"not_picked":["Clothesline","Anger","Iron Wave"],"picked":"SKIP","floor":14}],"player_experience":52632,"relics_obtained":[{"floor":9,"key":"Prayer Wheel"}],"event_choices":[{"event_name":"Living Wall","player_choice":"Grow","floor":2,"damage_taken":0},{"event_name":"World of Goop","player_choice":"Gather Gold","floor":3,"damage_taken":0},{"event_name":"Golden Wing","player_choice":"Card Removal","floor":4,"damage_taken":0},{"event_name":"Liars Game","player_choice":"agreed","floor":10,"damage_taken":0}],"boss_relics":[],"items_purged_floors":[11],"is_endless":false,"potions_floor_spawned":[1,12],"killed_by":"The Guardian","ascension_level":0}