{"gold_per_floor":[119,119,131,148,28,55,55,71,95,129,93,93,93,104,104,207,207,218,238,238,238,251,251,251],"floor_reached":24,"playtime":1358,"items_purged":["Defend_B"],"score":231,"play_id":"971a3375-a986-408b-aa82-03b0e6e75389","local_time":"20180704164310","is_ascension_mode":false,"campfire_choices":[{"data":"Beam Cell","floor":7,"key":"SMITH"},{"floor":12,"key":"REST"},{"floor":15,"key":"REST"},{"floor":23,"key":"REST"}],"neow_cost":"NONE","seed_source_timestamp":1175721806387381,"circlet_count":0,"master_deck":["Defend_B","Defend_B","Zap","Dualcast","Cold Snap","Hologram","Steam","Beam Cell+1","Beam Cell","Hello World","Sweeping Beam","Cold Snap","Blizzard","Ball Lightning","Electrodynamics","Normality","Injury","Normality","Steam","Streamline","Bite","Bite","Bite","Bite","Bite","Multi-Cast"],"special_seed":17716,"relics":["Cracked Core","Bronze Scales","Boot","Regal Pillow","Dodecahedron","Calling Bell","Meat on the Bone","Ginger","Calipers"],"potions_floor_usage":[16,16,16],"damage_taken":[{"damage":0,"enemies":"Small Slimes","floor":1,"turns":3},{"damage":0,"enemies":"Cultist","floor":3,"turns":3},{"damage":5,"enemies":"Jaw Worm","floor":4,"turns":2},{"damage":18,"enemies":"Lagavulin","floor":6,"turns":5},{"damage":3,"enemies":"Exordium Wildlife","floor":8,"turns":3},{"damage":28,"enemies":"Gremlin Nob","floor":10,"turns":4},{"damage":7,"enemies":"3 Louse","floor":14,"turns":2},{"damage":25,"enemies":"The Guardian","floor":16,"turns":6},{"damage":7,"enemies":"Spheric Guardian","floor":18,"turns":3},{"damage":30,"enemies":"2 Thieves","floor":19,"turns":3},{"damage":35,"enemies":"Centurion and Healer","floor":22,"turns":5},{"damage":80,"enemies":"Gremlin Leader","floor":24,"turns":6}],"seed_played":"5763041976589954760","potions_obtained":[{"floor":3,"key":"Dexterity Potion"},{"floor":8,"key":"AttackPotion"},{"floor":10,"key":"Poison Potion"},{"floor":19,"key":"SmokeBomb"}],"is_trial":false,"path_per_floor":["M","?","M","M","$","E","R","M","T","E","$","R","T","M","R","B",null,"M","M","?","T","M","R"],"character_chosen":"DEFECT","items_purchased":["Beam Cell","Blizzard"],"campfire_rested":3,"item_purchase_floors":[5,11],"current_hp_per_floor":[75,75,75,70,70,52,52,49,49,21,21,58,58,51,75,50,75,68,40,40,40,27,64,0],"gold":251,"neow_bonus":"THREE_CARDS","is_prod":false,"is_daily":false,"chose_seed":false,"campfire_upgraded":1,"win_rate":0.0,"timestamp":1530736990,"path_taken":["M","?","M","?","$","E","R","M","T","E","$","R","?","M","R","BOSS","M","M","?","?","M","R","E"],"build_version":"2018-06-28","purchased_purges":1,"victory":false,"max_hp_per_floor":[75,75,75,75,75,75,75,75,75,75,75,75,75,75,75,75,75,75,75,75,75,75,75,75],"card_choices":[{"not_picked":["Melter","Storm"],"picked":"Cold Snap","floor":0},{"not_picked":["Auto Shields","Chill"],"picked":"Hologram","floor":1},{"not_picked":["Leap","Hologram"],"picked":"Steam","floor":3},{"not_picked":["Genetic Algorithm","Cold Snap"],"picked":"Beam Cell","floor":4},{"not_picked":["Leap","Coolheaded"],"picked":"Hello World","floor":6},{"not_picked":["Skim","Hologram"],"picked":"Sweeping Beam","floor":8},{"not_picked":["Force Field","Hologram"],"picked":"Cold Snap","floor":10},{"not_picked":["Darkness","Chaos"],"picked":"Ball Lightning","floor":14},{"not_picked":["Amplify","Multi-Cast"],"picked":"Electrodynamics","floor":16},{"not_picked":["Gash","Coolheaded+1"],"picked":"Steam","floor":18},{"not_picked":["Hologram","Double Energy+1"],"picked":"Streamline","floor":19},{"not_picked":["Coolheaded","Ball Lightning"],"picked":"Multi-Cast","floor":22}],"player_experience":15294,"relics_obtained":[{"floor":6,"key":"Bronze Scales"},{"floor":9,"key":"Boot"},{"floor":10,"key":"Regal Pillow"},{"floor":13,"key":"Dodecahedron"},{"floor":17,"key":"Blood Vial"},{"floor":17,"key":"Meat on the Bone"},{"floor":17,"key":"Ginger"},{"floor":21,"key":"Calipers"}],"event_choices":[{"event_name":"Purifier","player_choice":"One Purge","floor":2,"damage_taken":0},{"event_name":"Vampires","player_choice":"Became a vampire (Vial)","floor":20,"damage_taken":0}],"boss_relics":[{"not_picked":["Eternal Feather","Ectoplasm"],"picked":"Calling Bell"}],"items_purged_floors":[5],"is_endless":false,"potions_floor_spawned":[3,8,10,19],"killed_by":"Gremlin Leader","ascension_level":0}