{"gold_per_floor":[112,1,1,20,33,33,48,48,99,112,112,187,187,211,211,335,335,354,354,89,105,105,105,129,129,129,129,148,164,39,55,55,175,175,198,217,232,1231,350,350,350,350,350,419,419,419,131,162,162,162],"floor_reached":50,"playtime":2236,"items_purged":["Defend_R","Defend_R","Decay","Normality"],"score":590,"play_id":"bb63d238-7c95-410b-b4ab-af6d762d36bf","local_time":"20180705171344","is_ascension_mode":false,"campfire_choices":[{"data":"Cleave","floor":6,"key":"SMITH"},{"floor":11,"key":"REST"},{"data":"Bludgeon","floor":15,"key":"SMITH"},{"data":"Immolate","floor":23,"key":"SMITH"},{"data":"Double Tap","floor":25,"key":"SMITH"},{"data":"Cleave","floor":27,"key":"SMITH"},{"floor":32,"key":"REST"},{"floor":40,"key":"REST"},{"floor":42,"key":"REST"},{"data":"Mind Blast","floor":46,"key":"SMITH"},{"floor":49,"key":"REST"}],"neow_cost":"NONE","seed_source_timestamp":1263085907020365,"circlet_count":0,"master_deck":["Strike_R","Strike_R","Strike_R","Strike_R","Strike_R","Flex","Hemokinesis","Cleave+1","Cleave+1","Bludgeon+1","Battle Trance","Bloodletting","Double Tap+1","Rampage+1","Reaper+1","Wild Strike","Immolate+1","Mind Blast+1","Flex","Limit Break+1","Infernal Blade+1","Reaper","Warcry+1","Normality","Writhe","Warcry+1"],"relics":["Burning Blood","Strawberry","Golden Idol","Bag of Marbles","Bronze Scales","Nloth\u0027s Gift","Toxic Egg 2","Runic Dome","Paper Frog","Shuriken","Meat on the Bone","Centennial Puzzle","Torii","Ginger","Dream Catcher"],"potions_floor_usage":[31,33,33,41,48,48,48],"damage_taken":[{"damage":8,"enemies":"Small Slimes","floor":1,"turns":3},{"damage":11,"enemies":"Jaw Worm","floor":4,"turns":2},{"damage":9,"enemies":"2 Louse","floor":5,"turns":2},{"damage":7,"enemies":"Gremlin Gang","floor":7,"turns":3},{"damage":11,"enemies":"Lots of Slimes","floor":10,"turns":3},{"damage":2,"enemies":"Large Slime","floor":14,"turns":3},{"damage":18,"enemies":"Slime Boss","floor":16,"turns":6},{"damage":35,"enemies":"2 Thieves","floor":18,"turns":3},{"damage":13,"enemies":"3 Byrds","floor":21,"turns":3},{"damage":23,"enemies":"3 Cultists","floor":24,"turns":4},{"damage":8,"enemies":"Snecko","floor":28,"turns":3},{"damage":42,"enemies":"Chosen and Byrds","floor":29,"turns":4},{"damage":27,"enemies":"Centurion and Healer","floor":31,"turns":4},{"damage":45,"enemies":"Collector","floor":33,"turns":6},{"damage":3,"enemies":"Orb Walker","floor":35,"turns":1},{"damage":18,"enemies":"3 Shapes","floor":36,"turns":2},{"damage":63,"enemies":"Maw","floor":37,"turns":7},{"damage":0,"enemies":"2 Orb Walkers","floor":41,"turns":1},{"damage":37,"floor":44,"turns":3},{"damage":86,"enemies":"Giant Head","floor":48,"turns":7},{"damage":73,"enemies":"Time Eater","floor":50,"turns":3}],"seed_played":"-5191794230789348578","potions_obtained":[{"floor":5,"key":"BloodPotion"},{"floor":7,"key":"Energy Potion"},{"floor":14,"key":"Swift Potion"},{"floor":29,"key":"AttackPotion"},{"floor":33,"key":"Energy Potion"},{"floor":35,"key":"PowerPotion"},{"floor":37,"key":"SmokeBomb"},{"floor":44,"key":"SkillPotion"},{"floor":48,"key":"Dexterity Potion"}],"is_trial":false,"path_per_floor":["M","$","?","M","M","R","M","?","T","M","R","?","?","M","R","B",null,"M","?","$","M","?","R","M","R","T","R","M","M","$","M","R","B",null,"M","M","M","?","$","R","E","R","T","?","?","R","$","E","R"],"character_chosen":"IRONCLAD","items_purchased":["Hemokinesis","Immolate","Mind Blast","Paper Frog","Shuriken","Meat on the Bone","Ginger"],"campfire_rested":5,"item_purchase_floors":[2,20,20,39,39,39,47],"current_hp_per_floor":[85,85,64,59,56,56,55,55,55,50,76,65,65,69,69,57,87,64,64,64,63,63,63,70,70,70,70,68,42,42,29,55,21,87,87,75,30,30,30,56,37,63,63,59,81,81,81,19,45,0],"gold":162,"neow_bonus":"RANDOM_COMMON_RELIC","is_prod":false,"is_daily":false,"chose_seed":false,"campfire_upgraded":6,"win_rate":0.0,"timestamp":1530825224,"path_taken":["M","$","?","M","?","R","?","?","T","M","R","?","?","M","R","BOSS","M","?","$","M","?","R","?","R","T","R","M","M","?","M","R","BOSS","M","?","M","?","$","R","E","R","T","?","?","R","$","E","R","BOSS"],"build_version":"2018-06-28","purchased_purges":4,"victory":false,"max_hp_per_floor":[87,87,87,87,87,87,87,87,87,87,87,87,87,87,87,87,87,87,87,87,87,87,87,87,87,87,87,87,87,87,87,87,87,87,87,87,87,87,87,87,87,87,87,87,87,87,87,87,87,87],"card_choices":[{"not_picked":["True Grit","Clash"],"picked":"Flex","floor":1},{"not_picked":["Clothesline","True Grit","Dropkick"],"picked":"SKIP","floor":4},{"not_picked":["Clash","Body Slam"],"picked":"Cleave","floor":5},{"not_picked":["Uppercut","Blood for Blood"],"picked":"Cleave","floor":7},{"not_picked":["Inflame","Headbutt"],"picked":"Battle Trance","floor":10},{"not_picked":["Power Through","Dark Embrace"],"picked":"Bloodletting","floor":14},{"not_picked":["Berserk","Dark Embrace"],"picked":"Double Tap","floor":16},{"not_picked":["Havoc","Sword Boomerang+1"],"picked":"Wild Strike","floor":18},{"not_picked":["Wild Strike","Reckless Charge"],"picked":"Flex","floor":21},{"not_picked":["Warcry","Headbutt","Pommel Strike"],"picked":"SKIP","floor":24},{"not_picked":["Carnage","Wild Strike","Armaments+1"],"picked":"SKIP","floor":28},{"not_picked":["Wild Strike","Clash"],"picked":"Limit Break+1","floor":29},{"not_picked":["Headbutt+1","Impervious+1"],"picked":"Infernal Blade+1","floor":31},{"not_picked":["Dark Embrace","Demon Form"],"picked":"Reaper","floor":33},{"not_picked":["Havoc+1","Disarm+1","Armaments+1"],"picked":"SKIP","floor":35},{"not_picked":["Pummel","Thunderclap+1"],"picked":"Warcry+1","floor":36},{"not_picked":["Havoc+1","Dropkick","Burning Pact+1"],"picked":"SKIP","floor":37},{"not_picked":["Barricade","Sword Boomerang+1"],"picked":"Warcry+1","floor":48}],"player_experience":56457,"relics_obtained":[{"floor":9,"key":"Bag of Marbles"},{"floor":26,"key":"Toxic Egg 2"},{"floor":43,"key":"Centennial Puzzle"},{"floor":44,"key":"Torii"},{"floor":48,"key":"Dream Catcher"}],"event_choices":[{"event_name":"Golden Idol","player_choice":"Take Damage","floor":3,"damage_taken":0},{"event_name":"Living Wall","player_choice":"Change","floor":8,"damage_taken":0},{"event_name":"World of Goop","player_choice":"Gather Gold","floor":12,"damage_taken":0},{"event_name":"Big Fish","player_choice":"Box","floor":13,"damage_taken":0},{"event_name":"N\u0027loth","player_choice":"Traded a Astrolabe","floor":19,"damage_taken":0},{"event_name":"Ghosts","player_choice":"Ignored","floor":22,"damage_taken":0},{"event_name":"MindBloom","player_choice":"Gold","floor":38,"damage_taken":0},{"event_name":"Mysterious Sphere","player_choice":"Fight","floor":44,"damage_taken":0},{"event_name":"Winding Halls","player_choice":"Writhe","floor":45,"damage_taken":0}],"boss_relics":[{"not_picked":["Runic Pyramid","Ectoplasm"],"picked":"Astrolabe"},{"not_picked":["Fusion Hammer","Orrery"],"picked":"Runic Dome"}],"items_purged_floors":[2,20,30,39],"is_endless":false,"potions_floor_spawned":[5,7,14,21,29,33,35,37,44,48],"killed_by":"Time Eater","ascension_level":0}