{"gold_per_floor":[112,131,141,141,216,216,242,242,242,242,93,93,118,128,128,224,224,237,177,195,195,211,211,211,211,236,236,262,12,12,12,12,108,108,118,80,180,180,198,198,231,231,231,38,38,38,38,57,57,57],"floor_reached":51,"playtime":2721,"items_purged":["Strike_B","Strike_B+1"],"score":997,"play_id":"e9bea824-430f-44a9-b439-eed98893de08","local_time":"20190331153653","is_ascension_mode":true,"campfire_choices":[{"data":"Go for the Eyes","floor":6,"key":"SMITH"},{"data":"Zap","floor":8,"key":"SMITH"},{"floor":10,"key":"REST"},{"floor":12,"key":"REST"},{"data":"Genetic Algorithm","floor":15,"key":"SMITH"},{"floor":23,"key":"REST"},{"data":"Dualcast","floor":25,"key":"SMITH"},{"floor":27,"key":"REST"},{"floor":32,"key":"REST"},{"floor":40,"key":"REST"},{"floor":45,"key":"REST"},{"floor":49,"key":"REST"}],"neow_cost":"NONE","seed_source_timestamp":12955540307900,"circlet_count":0,"master_deck":["Defend_B+1","Defend_B+1","Defend_B+1","Defend_B+1","Zap+1","Dualcast+1","Go for the Eyes+1","Ball Lightning+1","Leap","Genetic Algorithm+1","Conserve Battery","Electrodynamics","Doom and Gloom+1","Glacier+1","Ball Lightning+1","Core Surge","Buffer","Capacitor","Ball Lightning+1"],"relics":["Cracked Core","Bag of Marbles","Question Card","Ice Cream","Snecko Eye","Whetstone","Letter Opener","Juzu Bracelet","MutagenicStrength","Fusion Hammer","Gambling Chip","Sundial","Potion Belt"],"potions_floor_usage":[7,16,22,41,50,50,50,50],"damage_taken":[{"damage":1,"enemies":"Small Slimes","floor":1,"turns":4},{"damage":1,"enemies":"Cultist","floor":2,"turns":3},{"damage":4,"enemies":"Jaw Worm","floor":3,"turns":3},{"damage":25,"enemies":"3 Sentries","floor":7,"turns":7},{"damage":10,"enemies":"Gremlin Nob","floor":13,"turns":4},{"damage":0,"enemies":"2 Fungi Beasts","floor":14,"turns":3},{"damage":68,"enemies":"Slime Boss","floor":16,"turns":14},{"damage":17,"enemies":"Spheric Guardian","floor":18,"turns":4},{"damage":9,"enemies":"Shell Parasite","floor":20,"turns":6},{"damage":17,"enemies":"Colosseum Slavers","floor":21,"turns":3},{"damage":1,"enemies":"Sentry and Sphere","floor":22,"turns":3},{"damage":0,"enemies":"Gremlin Leader","floor":28,"turns":5},{"damage":48,"enemies":"Champ","floor":33,"turns":13},{"damage":0,"enemies":"Orb Walker","floor":35,"turns":3},{"damage":0,"enemies":"3 Shapes","floor":39,"turns":3},{"damage":13,"enemies":"Reptomancer","floor":41,"turns":6},{"damage":2,"enemies":"Spire Growth","floor":48,"turns":5},{"damage":46,"enemies":"Donu and Deca","floor":50,"turns":11}],"seed_played":"5885924687583119786","potions_obtained":[{"floor":2,"key":"SteroidPotion"},{"floor":7,"key":"FairyPotion"},{"floor":14,"key":"Dexterity Potion"},{"floor":20,"key":"Energy Potion"},{"floor":33,"key":"Weak Potion"},{"floor":39,"key":"Strength Potion"},{"floor":41,"key":"Weak Potion"}],"is_trial":false,"path_per_floor":["?","?","?","M","?","?","?","?","?","?","$"],"character_chosen":"DEFECT","items_purchased":["Leap","Fire Potion","Juzu Bracelet","Capacitor","Potion Belt","SpeedPotion"],"campfire_rested":8,"item_purchase_floors":[11,11,29,36,44,44],"current_hp_per_floor":[74,73,69,62,54,54,29,29,29,53,53,77,67,67,67,8,64,47,47,38,21,20,44,44,44,44,68,68,68,68,68,82,34,70,70,70,70,70,70,78,65,65,65,65,78,78,78,76,78,32],"gold":57,"neow_bonus":"TEN_PERCENT_HP_BONUS","is_prod":false,"is_daily":false,"chose_seed":false,"campfire_upgraded":4,"win_rate":0,"timestamp":1554061013,"path_taken":["M","M","M","?","?","R","E","R","T","R","$","R","E","M","R","BOSS","M","?","?","?","M","R","?","R","T","R","E","$","?","$","R","BOSS","M","$","?","?","M","R","E","?","T","$","R","?","$","M","R","BOSS"],"build_version":"2019-01-23","purchased_purges":2,"victory":true,"max_hp_per_floor":[82,82,82,82,82,82,82,82,82,82,82,82,82,82,82,82,82,82,82,82,82,82,82,82,82,82,82,82,82,82,82,82,82,82,82,82,82,78,78,78,78,78,78,78,78,78,78,78,78,78],"card_choices":[{"not_picked":["Sweeping Beam","Force Field"],"picked":"Go for the Eyes","floor":1},{"not_picked":["Barrage","Lockon","Stack"],"picked":"SKIP","floor":2},{"not_picked":["Cold Snap","Hologram"],"picked":"Ball Lightning","floor":3},{"not_picked":["Rebound","Steam Power","Heatsinks"],"picked":"SKIP","floor":7},{"not_picked":["Steam","Gash","Self Repair"],"picked":"Genetic Algorithm","floor":13},{"not_picked":["Darkness","Recycle","Doom and Gloom"],"picked":"Conserve Battery","floor":14},{"not_picked":["Seek","Buffer","Rainbow"],"picked":"Electrodynamics","floor":16},{"not_picked":["FTL","Auto Shields","Rebound+1"],"picked":"Doom and Gloom+1","floor":18},{"not_picked":["Ball Lightning","Double Energy","Go for the Eyes"],"picked":"Glacier+1","floor":20},{"not_picked":["Rebound","Skim","Chaos"],"picked":"Ball Lightning+1","floor":22},{"not_picked":["Hologram","Machine Learning","Beam Cell"],"picked":"Core Surge","floor":28},{"not_picked":["Fission","Electrodynamics","Seek"],"picked":"Buffer","floor":33},{"not_picked":["Sweeping Beam+1","Conserve Battery","Streamline+1","Self Repair"],"picked":"SKIP","floor":35},{"not_picked":["Genetic Algorithm","Turbo","Barrage"],"picked":"Ball Lightning+1","floor":39},{"not_picked":["Leap+1","Skim+1","Static Discharge","Turbo"],"picked":"SKIP","floor":41},{"not_picked":["Electrodynamics","Steam","Turbo+1","Hello World"],"picked":"SKIP","floor":48}],"player_experience":381619,"relics_obtained":[{"floor":7,"key":"Bag of Marbles"},{"floor":9,"key":"Question Card"},{"floor":13,"key":"Ice Cream"},{"floor":26,"key":"Whetstone"},{"floor":28,"key":"Letter Opener"},{"floor":41,"key":"Gambling Chip"},{"floor":43,"key":"Sundial"}],"event_choices":[{"cards_removed":["Strike_B"],"damage_healed":0,"gold_gain":0,"player_choice":"Card Removal","damage_taken":7,"max_hp_gain":0,"max_hp_loss":0,"event_name":"Golden Wing","floor":4,"gold_loss":0},{"damage_healed":0,"gold_gain":75,"player_choice":"Touch","damage_taken":8,"max_hp_gain":0,"max_hp_loss":0,"event_name":"FaceTrader","floor":5,"gold_loss":0},{"cards_removed":["Strike_B"],"damage_healed":0,"gold_gain":0,"player_choice":"Single Remove","damage_taken":0,"max_hp_gain":0,"max_hp_loss":0,"event_name":"Designer","floor":19,"gold_loss":60},{"damage_healed":0,"gold_gain":0,"player_choice":"Fight","damage_taken":0,"max_hp_gain":0,"max_hp_loss":0,"event_name":"Colosseum","floor":21,"gold_loss":0},{"damage_healed":0,"gold_gain":0,"player_choice":"Fled From Nobs","damage_taken":0,"max_hp_gain":0,"max_hp_loss":0,"event_name":"Colosseum","floor":21,"gold_loss":0},{"damage_healed":0,"gold_gain":0,"player_choice":"Simplicity","damage_taken":0,"max_hp_gain":0,"max_hp_loss":0,"event_name":"Back to Basics","floor":24,"gold_loss":0,"cards_upgraded":["Strike_B","Defend_B","Defend_B","Defend_B","Defend_B"]},{"damage_healed":0,"gold_gain":0,"player_choice":"Inject Mutagens","damage_taken":0,"relics_obtained":["MutagenicStrength"],"max_hp_gain":0,"max_hp_loss":0,"event_name":"Drug Dealer","floor":30,"gold_loss":0},{"damage_healed":0,"gold_gain":100,"player_choice":"Pray","damage_taken":0,"max_hp_gain":0,"max_hp_loss":0,"event_name":"Golden Shrine","floor":37,"gold_loss":0},{"damage_healed":0,"gold_gain":0,"player_choice":"Max HP","damage_taken":0,"max_hp_gain":0,"max_hp_loss":4,"event_name":"Winding Halls","floor":38,"gold_loss":0},{"damage_healed":0,"gold_gain":0,"player_choice":"Ignored","damage_taken":0,"max_hp_gain":0,"max_hp_loss":0,"event_name":"Tomb of Lord Red Mask","floor":42,"gold_loss":0}],"is_beta":false,"boss_relics":[{"not_picked":["Black Star","Velvet Choker"],"picked":"Snecko Eye"},{"not_picked":["Tiny House","Philosopher\u0027s Stone"],"picked":"Fusion Hammer"}],"items_purged_floors":[11,29],"is_endless":false,"potions_floor_spawned":[2,7,14,20,21,33,39,41],"ascension_level":9}