{"gold_per_floor":[112,112,112,187,28,28,72,72,119,139,165,179,179,198,198,323,323,338,356,376,124,124,124,0,0,78,78,89,89,108,128,128,128],"floor_reached":33,"playtime":1272,"items_purged":["Defend_B","Defend_B"],"score":244,"play_id":"f970f818-8e6e-470c-b01d-c01c03cfdf2e","local_time":"20180801102513","is_ascension_mode":false,"campfire_choices":[{"data":"Streamline","floor":6,"key":"SMITH"},{"floor":8,"key":"REST"},{"floor":15,"key":"REST"},{"floor":23,"key":"REST"},{"floor":25,"key":"REST"},{"data":"Go for the Eyes","floor":29,"key":"SMITH"},{"floor":32,"key":"REST"}],"neow_cost":"NONE","seed_source_timestamp":1822085956763068,"circlet_count":0,"master_deck":["Strike_B+1","Strike_B","Strike_B","Strike_B+1","Defend_B","Defend_B","Zap","Dualcast","Go for the Eyes+1","Streamline+1","Steam Power+1"],"relics":["Cracked Core","Bloody Idol","Spirit Poop","Dodecahedron","Potion Belt","Blood Vial","Busted Crown","Whetstone","Bottled Flame"],"potions_floor_usage":[7,28],"damage_taken":[{"damage":7,"enemies":"2 Louse","floor":1,"turns":2},{"damage":31,"enemies":"Lagavulin","floor":7,"turns":4},{"damage":11,"enemies":"Jaw Worm","floor":10,"turns":2},{"damage":0,"enemies":"Cultist","floor":12,"turns":3},{"damage":7,"enemies":"Looter","floor":14,"turns":2},{"damage":46,"enemies":"Slime Boss","floor":16,"turns":9},{"damage":22,"enemies":"2 Thieves","floor":18,"turns":3},{"damage":25,"enemies":"3 Byrds","floor":19,"turns":5},{"damage":16,"enemies":"Cultist and Chosen","floor":20,"turns":6},{"damage":32,"enemies":"Centurion and Healer","floor":28,"turns":7},{"damage":18,"enemies":"Snecko","floor":30,"turns":5},{"damage":35,"enemies":"Slaver and Parasite","floor":31,"turns":5},{"damage":37,"enemies":"Automaton","floor":33,"turns":4}],"seed_played":"6351837639481891296","potions_obtained":[{"floor":1,"key":"AttackPotion"},{"floor":7,"key":"SpeedPotion"},{"floor":16,"key":"SpeedPotion"},{"floor":18,"key":"LiquidBronze"},{"floor":19,"key":"SteroidPotion"},{"floor":20,"key":"Fire Potion"},{"floor":30,"key":"LiquidBronze"}],"is_trial":false,"path_per_floor":["M","?","?","?","$","R","E","R","T","M","T","M","?","M","R","B",null,"M","M","M","$","?","R","?","R","T","?","M","R","M","M","R"],"character_chosen":"DEFECT","items_purchased":["Streamline","Steam Power","Whetstone"],"campfire_rested":5,"item_purchase_floors":[5,5,21],"current_hp_per_floor":[68,68,68,57,57,57,26,48,48,37,37,39,39,34,56,12,75,53,30,16,16,16,38,38,60,65,75,48,48,37,9,31,0],"gold":128,"neow_bonus":"THREE_CARDS","is_prod":false,"is_daily":false,"chose_seed":false,"campfire_upgraded":2,"win_rate":0,"timestamp":1533133513,"path_taken":["M","?","?","?","?","R","E","R","T","?","?","M","?","M","R","BOSS","M","M","M","$","?","R","?","R","T","?","?","R","M","M","R","BOSS"],"build_version":"2018-07-26","purchased_purges":2,"victory":false,"max_hp_per_floor":[75,75,75,75,75,75,75,75,75,75,75,75,75,75,75,75,75,75,75,75,75,75,75,75,75,75,75,75,75,75,75,75,75],"card_choices":[{"not_picked":["Hologram","Hello World"],"picked":"Go for the Eyes","floor":0},{"not_picked":["Compile Driver","Stack","Glacier"],"picked":"SKIP","floor":1},{"not_picked":["Rebound","Doom and Gloom","Compile Driver"],"picked":"SKIP","floor":7},{"not_picked":["Coolheaded","Stack","Rebound"],"picked":"SKIP","floor":10},{"not_picked":["Thunder Strike","Beam Cell","Undo"],"picked":"SKIP","floor":12},{"not_picked":["White Noise","Self Repair","BootSequence"],"picked":"SKIP","floor":14},{"not_picked":["Fusion"],"picked":"SKIP","floor":18},{"not_picked":["Rebound"],"picked":"SKIP","floor":19},{"not_picked":["Barrage"],"picked":"SKIP","floor":20},{"not_picked":["Compile Driver"],"picked":"SKIP","floor":28},{"not_picked":["Tempest+1"],"picked":"SKIP","floor":30},{"not_picked":["Gash"],"picked":"SKIP","floor":31}],"player_experience":301263,"relics_obtained":[{"floor":7,"key":"Dodecahedron"},{"floor":9,"key":"Potion Belt"},{"floor":11,"key":"Blood Vial"},{"floor":26,"key":"Bottled Flame"}],"event_choices":[{"event_name":"Golden Idol","player_choice":"Take Wound","floor":2,"damage_taken":0},{"event_name":"Bonfire Elementals","player_choice":"CURSE","floor":3,"damage_taken":0},{"event_name":"World of Goop","player_choice":"Gather Gold","floor":4,"damage_taken":0},{"event_name":"Living Wall","player_choice":"Grow","floor":13,"damage_taken":0},{"event_name":"Forgotten Altar","player_choice":"Gave Idol","floor":22,"damage_taken":0},{"event_name":"Masked Bandits","player_choice":"Paid Bandits 124 gold","floor":24,"damage_taken":0},{"event_name":"The Library","player_choice":"Heal","floor":27,"damage_taken":0}],"is_beta":false,"boss_relics":[{"not_picked":["Cursed Key","White Beast Statue"],"picked":"Busted Crown"}],"items_purged_floors":[5,21],"is_endless":false,"potions_floor_spawned":[1,7,16,18,19,20,30],"killed_by":"Automaton","ascension_level":0}