{"gold_per_floor":[112,112,122,47,65,65,98,58,139,139,89,121,221,238,238,238],"floor_reached":16,"playtime":389,"items_purged":["Defend_B"],"score":119,"play_id":"13f9b8da-f20d-4596-93fe-dbb72f7c87e5","local_time":"20180923214643","is_ascension_mode":true,"campfire_choices":[{"data":"Gash","floor":6,"key":"SMITH"},{"floor":10,"key":"REST"},{"floor":15,"key":"REST"}],"neow_cost":"TEN_PERCENT_HP_LOSS","seed_source_timestamp":211269794800331,"circlet_count":0,"master_deck":["Strike_B","Strike_B","Strike_B","Strike_B","Defend_B","Defend_B","Defend_B","Dualcast","Beam Cell","Gash+1","Gash","Beam Cell"],"relics":["Cracked Core","Incense Burner","PreservedInsect","Gremlin Horn","Ice Cream"],"potions_floor_usage":[12,12,14,16],"damage_taken":[{"damage":16,"enemies":"Small Slimes","floor":1,"turns":3},{"damage":4,"enemies":"Jaw Worm","floor":3,"turns":4},{"damage":0,"enemies":"Cultist","floor":5,"turns":2},{"damage":32,"enemies":"3 Sentries","floor":7,"turns":9},{"damage":19,"enemies":"Lagavulin","floor":12,"turns":4},{"damage":0,"enemies":"Large Slime","floor":14,"turns":4},{"damage":38,"enemies":"The Guardian","floor":16,"turns":7}],"seed_played":"-6728157206810982935","potions_obtained":[{"floor":8,"key":"Explosive Potion"},{"floor":8,"key":"FocusPotion"},{"floor":8,"key":"EssenceOfSteel"},{"floor":12,"key":"SneckoOil"},{"floor":14,"key":"LiquidBronze"}],"is_trial":false,"path_per_floor":["M","?","M","$","M","R","E","?","T","R","?","E","?","M","R"],"character_chosen":"DEFECT","items_purchased":[],"campfire_rested":2,"item_purchase_floors":[],"current_hp_per_floor":[52,52,48,48,48,48,16,16,16,36,36,17,17,17,37,0],"gold":238,"neow_bonus":"ONE_RARE_RELIC","is_prod":false,"is_daily":false,"chose_seed":false,"campfire_upgraded":1,"win_rate":0,"timestamp":1537753603,"path_taken":["M","?","M","$","M","R","E","?","T","R","?","E","?","M","R","BOSS"],"build_version":"2018-09-20","purchased_purges":1,"victory":false,"max_hp_per_floor":[68,68,68,68,68,68,68,68,68,68,68,68,68,68,68,68],"card_choices":[{"not_picked":["Stack","Hologram","Steam"],"picked":"SKIP","floor":1},{"not_picked":["Coolheaded","Rebound"],"picked":"Beam Cell","floor":3},{"not_picked":["Rebound","BootSequence"],"picked":"Gash","floor":5},{"not_picked":["Ball Lightning","Redo","Core Surge"],"picked":"SKIP","floor":7},{"not_picked":["Loop","Hyperbeam"],"picked":"Gash","floor":12},{"not_picked":["Conserve Battery","Cold Snap"],"picked":"Beam Cell","floor":14}],"player_experience":388595,"relics_obtained":[{"floor":7,"key":"PreservedInsect"},{"floor":9,"key":"Gremlin Horn"},{"floor":12,"key":"Ice Cream"}],"event_choices":[{"event_name":"Living Wall","player_choice":"Forget","floor":2,"damage_taken":0},{"event_name":"The Woman in Blue","player_choice":"Bought 3 Potions","floor":8,"damage_taken":0},{"event_name":"World of Goop","player_choice":"Left","floor":11,"damage_taken":0},{"event_name":"Wheel of Change","player_choice":"Gold","floor":13,"damage_taken":0}],"is_beta":false,"boss_relics":[],"items_purged_floors":[4],"is_endless":false,"potions_floor_spawned":[12,14],"killed_by":"The Guardian","ascension_level":2}