{"gold_per_floor":[116,127,143,318,335,335,370,370,370,384,384],"floor_reached":11,"playtime":445,"items_purged":[],"score":79,"play_id":"a47b93ca-bc0d-4a57-be1a-066dd52013ed","local_time":"20190326093925","is_ascension_mode":true,"campfire_choices":[{"data":"Neutralize","floor":6,"key":"SMITH"},{"data":"Noxious Fumes","floor":8,"key":"SMITH"}],"neow_cost":"NONE","seed_source_timestamp":7987936811797055,"circlet_count":0,"master_deck":["Defend_G","Defend_G","Defend_G","Defend_G","Defend_G","Strike_G","Strike_G","Strike_G","Strike_G","Strike_G","Survivor","Neutralize+1","Catalyst","Well Laid Plans","Dagger Spray","Doubt","Noxious Fumes+1","Flying Knee"],"relics":["Ring of the Snake","Blood Vial","Girya","Bottled Tornado"],"potions_floor_usage":[7],"damage_taken":[{"damage":2,"enemies":"Jaw Worm","floor":1,"turns":5},{"damage":0,"enemies":"Small Slimes","floor":2,"turns":4},{"damage":4,"enemies":"2 Louse","floor":3,"turns":3},{"damage":5,"enemies":"2 Fungi Beasts","floor":5,"turns":4},{"damage":27,"enemies":"3 Sentries","floor":7,"turns":10},{"damage":7,"enemies":"3 Louse","floor":10,"turns":2},{"damage":41,"enemies":"Lagavulin Event","floor":11,"turns":6}],"seed_played":"-5560352671524967537","potions_obtained":[{"floor":1,"key":"GhostInAJar"},{"floor":10,"key":"Strength Potion"}],"is_trial":false,"path_per_floor":["M","M","M","?","M","R","E","R","T","M","?"],"character_chosen":"THE_SILENT","items_purchased":[],"campfire_rested":0,"item_purchase_floors":[],"current_hp_per_floor":[68,70,66,66,63,63,38,38,38,33,0],"gold":384,"neow_bonus":"RANDOM_COMMON_RELIC","is_prod":false,"is_daily":false,"chose_seed":false,"campfire_upgraded":2,"win_rate":0,"timestamp":1553607565,"path_taken":["M","M","M","?","M","R","E","R","T","M","?"],"build_version":"2019-01-23","purchased_purges":0,"victory":false,"max_hp_per_floor":[70,70,70,70,70,70,70,70,70,70,70],"card_choices":[{"not_picked":["Backstab","Acrobatics"],"picked":"Catalyst","floor":1},{"not_picked":["Choke","Sucker Punch"],"picked":"Well Laid Plans","floor":2},{"not_picked":["Deflect","PiercingWail"],"picked":"Dagger Spray","floor":3},{"not_picked":["Dagger Spray","Terror","Predator"],"picked":"SKIP","floor":5},{"not_picked":["Bane","Flying Knee"],"picked":"Noxious Fumes","floor":7},{"not_picked":["Predator","Expertise"],"picked":"Flying Knee","floor":10}],"player_experience":533821,"relics_obtained":[{"floor":7,"key":"Girya"},{"floor":9,"key":"Bottled Tornado"}],"event_choices":[{"damage_healed":0,"gold_gain":175,"player_choice":"AGREE","damage_taken":0,"max_hp_gain":0,"max_hp_loss":0,"event_name":"Liars Game","floor":4,"gold_loss":0,"cards_obtained":["Doubt"]},{"damage_healed":0,"gold_gain":0,"player_choice":"Searched \u00271\u0027 times","damage_taken":0,"max_hp_gain":0,"max_hp_loss":0,"event_name":"Dead Adventurer","floor":11,"gold_loss":0}],"is_beta":false,"boss_relics":[],"items_purged_floors":[],"is_endless":false,"potions_floor_spawned":[1,10],"killed_by":"Lagavulin Event","ascension_level":1}