{"gold_per_floor":[369,544,564,577,591,622,182,182,182,182,182,2,16,32,32,132,132,152,152,27,37,57,57,84,84,84,84,98,98,111,145,145,145],"floor_reached":33,"playtime":2316,"items_purged":["Strike_G","Doubt","Writhe"],"score":301,"play_id":"f07ca847-e5b3-4839-b86e-1af3624dc8a0","local_time":"20190327183908","is_ascension_mode":true,"campfire_choices":[{"floor":8,"key":"REST"},{"data":"Noxious Fumes","floor":11,"key":"SMITH"},{"data":"Skewer","floor":15,"key":"SMITH"},{"data":"Crippling Poison","floor":23,"key":"SMITH"},{"floor":25,"key":"REST"},{"data":"A Thousand Cuts","floor":27,"key":"SMITH"},{"floor":29,"key":"REST"},{"floor":32,"key":"REST"}],"neow_cost":"PERCENT_DAMAGE","seed_source_timestamp":8104853687841472,"circlet_count":0,"master_deck":["Defend_G","Defend_G","Defend_G","Defend_G","Defend_G","Strike_G","Strike_G","Strike_G","Strike_G","Survivor","Neutralize","Well Laid Plans","Dodge and Roll","Bouncing Flask","Quick Slash","Backflip","Crippling Poison+1","Noxious Fumes+1","Skewer+1","Flying Knee","Footwork","A Thousand Cuts+1","Dagger Spray","Catalyst","PiercingWail","Envenom"],"relics":["Ring of the Snake","Centennial Puzzle","Bottled Tornado","Art of War","Snecko Eye","Question Card","Blue Candle","Prayer Wheel","Mummified Hand"],"potions_floor_usage":[6,6,18,21,24,31,33],"damage_taken":[{"damage":1,"enemies":"Cultist","floor":1,"turns":4},{"damage":0,"enemies":"2 Louse","floor":3,"turns":3},{"damage":5,"enemies":"Small Slimes","floor":4,"turns":6},{"damage":23,"enemies":"Exordium Wildlife","floor":5,"turns":9},{"damage":6,"enemies":"Gremlin Nob","floor":6,"turns":4},{"damage":6,"enemies":"Red Slaver","floor":13,"turns":3},{"damage":0,"enemies":"3 Louse","floor":14,"turns":3},{"damage":20,"enemies":"The Guardian","floor":16,"turns":9},{"damage":2,"enemies":"Chosen","floor":18,"turns":5},{"damage":0,"enemies":"Spheric Guardian","floor":21,"turns":3},{"damage":19,"enemies":"Snake Plant","floor":22,"turns":5},{"damage":28,"enemies":"Book of Stabbing","floor":24,"turns":6},{"damage":19,"enemies":"Shelled Parasite and Fungi","floor":28,"turns":5},{"damage":5,"enemies":"3 Cultists","floor":30,"turns":4},{"damage":24,"enemies":"Slavers","floor":31,"turns":4},{"damage":51,"enemies":"Automaton","floor":33,"turns":6}],"seed_played":"-6123589237529139497","potions_obtained":[{"floor":1,"key":"Fire Potion"},{"floor":4,"key":"SkillPotion"},{"floor":6,"key":"SteroidPotion"},{"floor":13,"key":"SkillPotion"},{"floor":16,"key":"EssenceOfSteel"},{"floor":18,"key":"Fruit Juice"},{"floor":21,"key":"AttackPotion"},{"floor":30,"key":"LiquidBronze"}],"is_trial":false,"path_per_floor":["M","?","M","M","M","E","$","R","T","?","R","$","M","M","R","B",null,"M","?","$","M","M","R","E","R","T","R","M","R","M","E","R","B"],"character_chosen":"THE_SILENT","items_purchased":["Crippling Poison","Noxious Fumes","Bottled Tornado","Skewer"],"campfire_rested":4,"item_purchase_floors":[7,7,7,12],"current_hp_per_floor":[48,48,48,43,20,14,14,35,35,58,58,58,52,52,52,32,70,68,68,68,73,54,54,26,48,48,48,29,51,46,22,44,0],"gold":145,"neow_bonus":"TWO_FIFTY_GOLD","is_prod":false,"is_daily":false,"chose_seed":false,"campfire_upgraded":4,"win_rate":0,"timestamp":1553726348,"path_taken":["M","?","M","M","M","E","$","R","T","?","R","$","M","M","R","BOSS","M","?","$","M","M","R","E","R","T","R","M","R","M","E","R","BOSS"],"build_version":"2019-01-23","purchased_purges":3,"victory":false,"max_hp_per_floor":[70,70,70,70,70,70,70,70,70,70,70,70,70,70,70,70,70,70,70,70,75,75,75,75,75,75,75,75,75,75,75,75,75],"card_choices":[{"not_picked":["Eviscerate","Acrobatics"],"picked":"Well Laid Plans","floor":1},{"not_picked":["Prepared","Catalyst"],"picked":"Dodge and Roll","floor":3},{"not_picked":["Acrobatics","Underhanded Strike"],"picked":"Bouncing Flask","floor":4},{"not_picked":["Night Terror","Deflect"],"picked":"Quick Slash","floor":5},{"not_picked":["Bane","Prepared"],"picked":"Backflip","floor":6},{"not_picked":["Terror","Riddle With Holes"],"picked":"Flying Knee","floor":13},{"not_picked":["PiercingWail","Deflect"],"picked":"Footwork","floor":14},{"not_picked":["Tools of the Trade","Adrenaline"],"picked":"A Thousand Cuts","floor":16},{"not_picked":["Bane","Dodge and Roll+1"],"picked":"Dagger Spray","floor":18},{"not_picked":["Noxious Fumes","Tactician","Blade Dance","Quick Slash"],"picked":"SKIP","floor":21},{"not_picked":["Backstab","Dagger Throw","Prepared+1","Sucker Punch"],"picked":"SKIP","floor":22},{"not_picked":["Cloak And Dagger","Dodge and Roll+1","Bane","Dagger Throw+1"],"picked":"SKIP","floor":24},{"not_picked":["Outmaneuver","Predator","Reflex"],"picked":"Catalyst","floor":28},{"not_picked":["Phantasmal Killer","Acrobatics","Outmaneuver","Deflect"],"picked":"SKIP","floor":28},{"not_picked":["Acrobatics","Deflect","Endless Agony+1"],"picked":"PiercingWail","floor":30},{"not_picked":["Underhanded Strike+1","Slice+1","Flying Knee+1"],"picked":"Envenom","floor":30},{"not_picked":["Poisoned Stab","Outmaneuver","Backflip","Infinite Blades+1"],"picked":"SKIP","floor":31}],"player_experience":550133,"relics_obtained":[{"floor":6,"key":"Centennial Puzzle"},{"floor":9,"key":"Art of War"},{"floor":24,"key":"Blue Candle"},{"floor":26,"key":"Prayer Wheel"},{"floor":31,"key":"Mummified Hand"}],"event_choices":[{"damage_healed":0,"gold_gain":175,"player_choice":"AGREE","damage_taken":0,"max_hp_gain":0,"max_hp_loss":0,"event_name":"Liars Game","floor":2,"gold_loss":0,"cards_obtained":["Doubt"]},{"damage_healed":23,"gold_gain":0,"player_choice":"Banana","damage_taken":0,"max_hp_gain":0,"max_hp_loss":0,"event_name":"Big Fish","floor":10,"gold_loss":0},{"damage_healed":0,"gold_gain":0,"player_choice":"Opened","damage_taken":0,"relics_obtained":["Question Card"],"max_hp_gain":0,"max_hp_loss":0,"event_name":"The Mausoleum","floor":19,"gold_loss":0,"cards_obtained":["Writhe"]}],"is_beta":false,"boss_relics":[{"not_picked":["WristBlade","Black Star"],"picked":"Snecko Eye"}],"items_purged_floors":[7,12,20],"is_endless":false,"potions_floor_spawned":[1,4,6,13,16,18,21,30],"killed_by":"Automaton","ascension_level":1}