{"gold_per_floor":[110,185,72,88,108,108,183,200,200,200,215,115,132,142,142,242,242,261,186,96,110,124,124,124],"floor_reached":24,"playtime":749,"items_purged":["Defend_B","Defend_B"],"score":264,"play_id":"8ad817bf-f902-4638-8969-4832ba3c3854","local_time":"20190324175233","is_ascension_mode":true,"campfire_choices":[{"data":"Streamline","floor":6,"key":"SMITH"},{"data":"Auto Shields","floor":10,"key":"SMITH"},{"floor":15,"key":"REST"},{"floor":23,"key":"REST"}],"neow_cost":"NONE","seed_source_timestamp":7844416832703317,"circlet_count":0,"master_deck":["Strike_B","Strike_B+1","Zap+1","Dualcast","Streamline+1","Auto Shields+1","Steam Power","BootSequence","Hologram","Reprogram"],"relics":["Cracked Core","Cables","Empty Cage"],"potions_floor_usage":[4,11,21],"damage_taken":[{"damage":0,"enemies":"2 Louse","floor":1,"turns":1},{"damage":3,"enemies":"Small Slimes","floor":4,"turns":2},{"damage":1,"enemies":"Cultist","floor":5,"turns":3},{"damage":0,"enemies":"Large Slime","floor":8,"turns":4},{"damage":0,"enemies":"Looter","floor":11,"turns":2},{"damage":0,"enemies":"Red Slaver","floor":13,"turns":2},{"damage":14,"enemies":"Large Slime","floor":14,"turns":4},{"damage":0,"enemies":"Slime Boss","floor":16,"turns":7},{"damage":22,"enemies":"2 Thieves","floor":18,"turns":4},{"damage":2,"enemies":"Chosen","floor":21,"turns":3},{"damage":49,"enemies":"Snecko","floor":22,"turns":5},{"damage":40,"enemies":"Gremlin Leader","floor":24,"turns":4}],"seed_played":"-7691112700572535699","potions_obtained":[{"floor":1,"key":"Poison Potion"},{"floor":5,"key":"Block Potion"},{"floor":18,"key":"Regen Potion"},{"floor":21,"key":"Dexterity Potion"}],"is_trial":false,"path_per_floor":["M","?","$","M","M","R","?","M","T","R","M","$","M","M","R","B",null,"M","?","?","M","M","R","E"],"character_chosen":"DEFECT","items_purchased":["Auto Shields"],"campfire_rested":2,"item_purchase_floors":[3],"current_hp_per_floor":[75,64,64,61,60,60,53,53,53,53,53,53,53,39,61,61,75,53,53,53,60,11,33,0],"gold":124,"neow_bonus":"UPGRADE_CARD","is_prod":false,"is_daily":false,"chose_seed":false,"campfire_upgraded":2,"win_rate":0,"timestamp":1553464353,"path_taken":["M","?","$","M","M","R","?","M","T","R","M","$","?","M","R","BOSS","M","?","?","?","M","R","E"],"build_version":"2019-01-23","purchased_purges":2,"victory":false,"max_hp_per_floor":[75,75,75,75,75,75,75,75,75,75,75,75,75,75,75,75,75,75,75,75,75,75,75,75],"card_choices":[{"not_picked":["Consume","Cold Snap"],"picked":"Streamline","floor":1},{"not_picked":["White Noise","Turbo","Redo"],"picked":"SKIP","floor":4},{"not_picked":["Barrage","Doom and Gloom","Turbo"],"picked":"SKIP","floor":5},{"not_picked":["Doom and Gloom","Compile Driver","Redo"],"picked":"SKIP","floor":8},{"not_picked":["Scrape","Coolheaded"],"picked":"Steam Power","floor":11},{"not_picked":["Undo","White Noise"],"picked":"BootSequence","floor":13},{"not_picked":["Genetic Algorithm","Self Repair"],"picked":"Hologram","floor":14},{"not_picked":["Heatsinks","Tempest","Gash"],"picked":"SKIP","floor":18},{"not_picked":["Recycle+1","Gash"],"picked":"Reprogram","floor":21},{"not_picked":["Ball Lightning","Hello World+1","Cold Snap"],"picked":"SKIP","floor":22}],"player_experience":466602,"relics_obtained":[{"floor":9,"key":"Cables"}],"event_choices":[{"damage_healed":0,"gold_gain":75,"player_choice":"Gather Gold","damage_taken":11,"max_hp_gain":0,"max_hp_loss":0,"event_name":"World of Goop","floor":2,"gold_loss":0},{"damage_healed":0,"gold_gain":75,"player_choice":"Touch","damage_taken":7,"max_hp_gain":0,"max_hp_loss":0,"event_name":"FaceTrader","floor":7,"gold_loss":0},{"cards_removed":["Strike_B"],"damage_healed":0,"gold_gain":0,"player_choice":"Gave Gold","damage_taken":0,"max_hp_gain":0,"max_hp_loss":0,"event_name":"Beggar","floor":19,"gold_loss":75},{"cards_removed":["Strike_B"],"damage_healed":0,"gold_gain":0,"player_choice":"Upgrade and Remove","damage_taken":0,"max_hp_gain":0,"max_hp_loss":0,"event_name":"Designer","floor":20,"gold_loss":90,"cards_upgraded":["Strike_B"]}],"is_beta":false,"boss_relics":[{"not_picked":["White Beast Statue","Coffee Dripper"],"picked":"Empty Cage"}],"items_purged_floors":[3,12],"is_endless":false,"potions_floor_spawned":[1,5,18,21],"killed_by":"Gremlin Leader","ascension_level":2}