{"gold_per_floor":[117,133,146,157,157,157,170,184,238,258,258,272,288,302,302,302],"floor_reached":16,"playtime":1746,"items_purged":[],"score":100,"play_id":"0b598496-c117-4cfc-bde8-0d63740bd521","local_time":"20190202100104","is_ascension_mode":false,"campfire_choices":[{"data":"Catalyst","floor":6,"key":"SMITH"},{"floor":15,"key":"REST"}],"neow_cost":"NONE","seed_source_timestamp":137543488297226,"circlet_count":0,"master_deck":["Defend_G","Defend_G","Defend_G","Defend_G","Defend_G+1","Strike_G","Strike_G","Strike_G+1","Strike_G","Strike_G","Survivor","Neutralize+1","Bane+1","Poisoned Stab","Catalyst+1","Bullet Time","Footwork","Catalyst","Footwork","Parasite","Outmaneuver"],"relics":["Ring of the Snake","Whetstone"],"potions_floor_usage":[8,16,16],"damage_taken":[{"damage":0,"enemies":"Jaw Worm","floor":1,"turns":5},{"damage":0,"enemies":"Small Slimes","floor":2,"turns":3},{"damage":0,"enemies":"Cultist","floor":3,"turns":3},{"damage":0,"enemies":"2 Fungi Beasts","floor":4,"turns":4},{"damage":0,"enemies":"Blue Slaver","floor":7,"turns":4},{"damage":0,"enemies":"3 Louse","floor":8,"turns":4},{"damage":9,"enemies":"Exordium Wildlife","floor":10,"turns":5},{"damage":32,"enemies":"Gremlin Gang","floor":12,"turns":8},{"damage":2,"enemies":"2 Fungi Beasts","floor":13,"turns":4},{"damage":3,"enemies":"Blue Slaver","floor":14,"turns":4},{"damage":50,"enemies":"Hexaghost","floor":16,"turns":11}],"seed_played":"8696721919700292398","potions_obtained":[{"floor":3,"key":"Block Potion"},{"floor":4,"key":"SteroidPotion"},{"floor":7,"key":"SkillPotion"},{"floor":8,"key":"Weak Potion"},{"floor":13,"key":"EssenceOfSteel"},{"floor":14,"key":"Fire Potion"}],"is_trial":false,"path_per_floor":["?","?"],"character_chosen":"THE_SILENT","items_purchased":[],"campfire_rested":1,"item_purchase_floors":[],"current_hp_per_floor":[70,70,70,70,56,56,56,56,56,47,64,32,30,27,48,0],"gold":302,"neow_bonus":"THREE_CARDS","is_prod":false,"is_daily":false,"chose_seed":false,"campfire_upgraded":1,"win_rate":0.0,"timestamp":1549112464,"path_taken":["M","M","M","M","?","R","M","M","T","M","?","M","M","M","R","BOSS"],"build_version":"2019-01-23","purchased_purges":0,"victory":false,"max_hp_per_floor":[70,70,70,70,70,70,70,70,70,70,70,70,70,70,70,70],"card_choices":[{"not_picked":["Choke","Outmaneuver"],"picked":"Bane","floor":0},{"not_picked":["Dagger Throw","Heel Hook"],"picked":"Poisoned Stab","floor":1},{"not_picked":["Outmaneuver","Predator"],"picked":"Catalyst","floor":2},{"not_picked":["Flying Knee","Skewer"],"picked":"Bullet Time","floor":3},{"not_picked":["Slice","Dagger Spray"],"picked":"Footwork","floor":4},{"not_picked":["PiercingWail","Dash","Calculated Gamble"],"picked":"SKIP","floor":7},{"not_picked":["Eviscerate","Predator"],"picked":"Catalyst","floor":8},{"not_picked":["Masterful Stab","Cloak And Dagger"],"picked":"Footwork","floor":10},{"not_picked":["Flechettes","Dagger Throw"],"picked":"Outmaneuver","floor":12},{"not_picked":["Endless Agony","Reflex","Cloak And Dagger"],"picked":"SKIP","floor":13},{"not_picked":["Quick Slash","Cloak And Dagger","Sucker Punch"],"picked":"SKIP","floor":14}],"player_experience":82862,"relics_obtained":[{"floor":9,"key":"Whetstone"}],"event_choices":[{"damage_healed":0,"gold_gain":0,"player_choice":"Entered Light","damage_taken":14,"max_hp_gain":0,"max_hp_loss":0,"event_name":"Shining Light","floor":5,"gold_loss":0,"cards_upgraded":["Strike_G","Defend_G"]},{"damage_healed":17,"gold_gain":0,"player_choice":"Healed and dodged fight","damage_taken":0,"max_hp_gain":0,"max_hp_loss":0,"event_name":"Mushrooms","floor":11,"gold_loss":0,"cards_obtained":["Parasite"]}],"is_beta":false,"boss_relics":[],"items_purged_floors":[],"is_endless":false,"potions_floor_spawned":[3,4,7,8,13,14],"killed_by":"Hexaghost","ascension_level":0}