{"gold_per_floor":[117,130,20,20,36,68,86,86,86,112,132,132,132,149,149,254,254,254,254,254,254,254,254,254,254,254,254,254,254,254,254,254,254,254,254,254,254,254,173,173,173,173,173,173,173,173,173,173,173,173],"floor_reached":50,"playtime":5337,"items_purged":[],"score":594,"play_id":"25bd5a61-7058-43df-9e82-1685c68bd420","local_time":"20190330052248","is_ascension_mode":false,"campfire_choices":[{"floor":8,"key":"REST"},{"data":"Noxious Fumes","floor":13,"key":"SMITH"},{"data":"Footwork","floor":15,"key":"SMITH"},{"data":"Malaise","floor":25,"key":"SMITH"},{"data":"Night Terror","floor":29,"key":"SMITH"},{"data":"Caltrops","floor":32,"key":"SMITH"},{"floor":42,"key":"REST"},{"data":"Bullet Time","floor":44,"key":"SMITH"},{"data":"Flechettes","floor":46,"key":"PURGE"},{"floor":49,"key":"RECALL"}],"neow_cost":"NONE","seed_source_timestamp":356258860568612,"circlet_count":0,"master_deck":["Defend_G+1","Defend_G+1","Defend_G+1","Defend_G+1","Defend_G+1","Survivor","Neutralize+1","Bullet Time+1","Flying Knee","All Out Attack","Noxious Fumes+1","Acrobatics","PiercingWail","Dagger Throw","Footwork+1","Cloak And Dagger","Malaise+1","Glass Knife","After Image","Bite","Bite","Bite","Bite","Bite","Infinite Blades+1","Night Terror+1","Caltrops+1","Malaise","Footwork+1","Panache","Chrysalis","Footwork","Setup+1","Calculated Gamble"],"relics":["Ring of the Snake","Anchor","Bottled Tornado","WingedGreaves","Ectoplasm","Mercury Hourglass","Boot","Bag of Preparation","Sozu","Bottled Lightning","Meat on the Bone","Peace Pipe","Tingsha"],"potions_floor_usage":[6,10,10,14,24,33,50],"damage_taken":[{"damage":0,"enemies":"2 Louse","floor":1,"turns":3},{"damage":1,"enemies":"Cultist","floor":2,"turns":4},{"damage":1,"enemies":"Jaw Worm","floor":5,"turns":3},{"damage":28,"enemies":"Gremlin Nob","floor":6,"turns":4},{"damage":5,"enemies":"Looter","floor":7,"turns":4},{"damage":10,"enemies":"3 Sentries","floor":10,"turns":5},{"damage":4,"enemies":"2 Fungi Beasts","floor":11,"turns":3},{"damage":0,"enemies":"Exordium Wildlife","floor":14,"turns":3},{"damage":42,"enemies":"Slime Boss","floor":16,"turns":12},{"damage":6,"enemies":"Spheric Guardian","floor":18,"turns":7},{"damage":17,"enemies":"Slavers","floor":23,"turns":6},{"damage":0,"enemies":"Book of Stabbing","floor":24,"turns":5},{"damage":0,"enemies":"Shell Parasite","floor":28,"turns":4},{"damage":4,"enemies":"Sentry and Sphere","floor":31,"turns":7},{"damage":10,"enemies":"Collector","floor":33,"turns":10},{"damage":0,"enemies":"3 Darklings","floor":35,"turns":4},{"damage":6,"enemies":"Orb Walker","floor":37,"turns":4},{"damage":43,"enemies":"Giant Head","floor":40,"turns":10},{"damage":14,"enemies":"Sphere and 2 Shapes","floor":41,"turns":7},{"damage":14,"enemies":"Reptomancer","floor":45,"turns":7},{"damage":0,"enemies":"Mind Bloom Boss Battle","floor":48,"turns":10},{"damage":77,"enemies":"Awakened One","floor":50,"turns":4}],"seed_played":"4114934938762318543","potions_obtained":[{"floor":2,"key":"SteroidPotion"},{"floor":6,"key":"AttackPotion"},{"floor":7,"key":"Ancient Potion"},{"floor":11,"key":"Regen Potion"},{"floor":23,"key":"LiquidBronze"},{"floor":24,"key":"Dexterity Potion"},{"floor":28,"key":"Poison Potion"},{"floor":31,"key":"EssenceOfSteel"}],"is_trial":false,"path_per_floor":["?","M","T","M","?","?","?","T","M","?","?","?","?"],"character_chosen":"THE_SILENT","items_purchased":["All Out Attack","Noxious Fumes","Footwork"],"campfire_rested":2,"item_purchase_floors":[3,3,39],"current_hp_per_floor":[70,69,69,69,68,40,37,58,58,50,48,48,48,62,62,22,70,64,64,64,64,64,61,70,70,70,70,70,70,57,61,61,65,75,75,75,73,63,63,34,34,56,56,56,58,58,58,71,71,0],"gold":173,"neow_bonus":"ONE_RANDOM_RARE_CARD","is_prod":false,"is_daily":false,"chose_seed":false,"campfire_upgraded":6,"win_rate":0,"timestamp":1553934168,"path_taken":["M","M","$","?","?","E","M","R","T","E","M","?","R","?","R","BOSS","M","?","$","?","?","E","E","R","T","?","?","R","?","M","R","BOSS","M","$","M","?","$","E","M","R","T","R","E","R","?","?","R","BOSS"],"build_version":"2019-01-23","purchased_purges":0,"victory":false,"max_hp_per_floor":[70,70,70,70,70,70,70,70,70,70,70,70,70,70,70,70,70,70,70,70,70,70,70,70,70,70,70,70,70,75,75,75,75,75,75,75,75,75,75,75,75,75,75,75,75,75,71,71,71,71],"card_choices":[{"not_picked":["Poisoned Stab","Outmaneuver","Bane"],"picked":"SKIP","floor":1},{"not_picked":["Bane","Infinite Blades"],"picked":"Flying Knee","floor":2},{"not_picked":["Slice","Flying Knee","Prepared"],"picked":"SKIP","floor":5},{"not_picked":["Infinite Blades","Escape Plan"],"picked":"Acrobatics","floor":6},{"not_picked":["Slice","Riddle With Holes"],"picked":"PiercingWail","floor":7},{"not_picked":["Envenom","Terror"],"picked":"Dagger Throw","floor":10},{"not_picked":["Bane","Predator"],"picked":"Footwork","floor":11},{"not_picked":["Crippling Poison","Bane"],"picked":"Cloak And Dagger","floor":14},{"not_picked":["Glass Knife","Tools of the Trade"],"picked":"Malaise","floor":16},{"not_picked":["Accuracy+1","All Out Attack"],"picked":"Flechettes","floor":18},{"not_picked":["Slice","Masterful Stab+1"],"picked":"Infinite Blades+1","floor":23},{"not_picked":["Prepared","Outmaneuver+1"],"picked":"Night Terror","floor":24},{"not_picked":["Dagger Throw","Underhanded Strike","Acrobatics"],"picked":"SKIP","floor":28},{"not_picked":["Quick Slash","Poisoned Stab"],"picked":"Caltrops","floor":31},{"not_picked":["Grand Finale","Storm of Steel"],"picked":"Malaise","floor":33},{"not_picked":["Outmaneuver+1","PiercingWail","Sucker Punch"],"picked":"SKIP","floor":35},{"not_picked":["Distraction+1","Backstab"],"picked":"Footwork+1","floor":37},{"not_picked":["Thinking Ahead","Discovery"],"picked":"Panache","floor":38},{"not_picked":["Blind","Master of Strategy"],"picked":"Chrysalis","floor":38},{"not_picked":["Quick Slash","Dagger Spray","Riddle With Holes+1"],"picked":"SKIP","floor":40},{"not_picked":["Dagger Spray+1","Deflect","Backstab+1"],"picked":"SKIP","floor":41},{"not_picked":["Accuracy","Doppelganger"],"picked":"Setup+1","floor":45},{"not_picked":["Slice","Underhanded Strike"],"picked":"Calculated Gamble","floor":48}],"player_experience":504231,"relics_obtained":[{"floor":6,"key":"Blood Vial"},{"floor":9,"key":"Anchor"},{"floor":10,"key":"Bottled Tornado"},{"floor":12,"key":"WingedGreaves"},{"floor":23,"key":"Mercury Hourglass"},{"floor":24,"key":"Boot"},{"floor":27,"key":"Bag of Preparation"},{"floor":40,"key":"Bottled Lightning"},{"floor":43,"key":"Meat on the Bone"},{"floor":45,"key":"Peace Pipe"},{"floor":48,"key":"Tingsha"}],"event_choices":[{"damage_healed":0,"gold_gain":0,"player_choice":"Upgraded","damage_taken":0,"max_hp_gain":0,"max_hp_loss":0,"event_name":"Upgrade Shrine","floor":4,"gold_loss":0,"cards_upgraded":["Neutralize"]},{"damage_healed":0,"gold_gain":0,"player_choice":"Simplicity","damage_taken":0,"max_hp_gain":0,"max_hp_loss":0,"event_name":"Back to Basics","floor":19,"gold_loss":0,"cards_upgraded":["Defend_G","Defend_G","Defend_G","Defend_G","Defend_G","Strike_G","Strike_G","Strike_G","Strike_G","Strike_G"]},{"damage_healed":0,"gold_gain":0,"cards_transformed":["Strike_G","Strike_G"],"player_choice":"Became Test Subject","damage_taken":0,"max_hp_gain":0,"max_hp_loss":0,"event_name":"Drug Dealer","floor":21,"gold_loss":0,"cards_obtained":["Glass Knife","After Image"]},{"damage_healed":0,"gold_gain":0,"player_choice":"Became a vampire (Vial)","damage_taken":0,"max_hp_gain":0,"max_hp_loss":0,"event_name":"Vampires","floor":22,"relics_lost":["Blood Vial"],"gold_loss":0,"cards_obtained":["Bite","Bite","Bite","Bite","Bite"]},{"damage_healed":0,"gold_gain":0,"player_choice":"Shed Blood","damage_taken":18,"max_hp_gain":5,"max_hp_loss":0,"event_name":"Forgotten Altar","floor":30,"gold_loss":0},{"damage_healed":0,"gold_gain":0,"player_choice":"Memory 3","damage_taken":10,"max_hp_gain":0,"max_hp_loss":0,"event_name":"SensoryStone","floor":38,"gold_loss":0},{"damage_healed":0,"gold_gain":0,"player_choice":"Max HP","damage_taken":0,"max_hp_gain":0,"max_hp_loss":4,"event_name":"Winding Halls","floor":47,"gold_loss":0},{"damage_healed":0,"gold_gain":0,"player_choice":"Fight","damage_taken":0,"max_hp_gain":0,"max_hp_loss":0,"event_name":"MindBloom","floor":48,"gold_loss":0}],"is_beta":false,"boss_relics":[{"not_picked":["Lizard Tail","Coffee Dripper"],"picked":"Ectoplasm"},{"not_picked":["Orrery","Calling Bell"],"picked":"Sozu"}],"items_purged_floors":[],"is_endless":false,"potions_floor_spawned":[2,6,7,11,23,24,28,31,35,45],"killed_by":"Awakened One","ascension_level":0}