{"gold_per_floor":[112,33,33,48,48,83,83,103,155,155,40,52,70,96,96,198,198,218,208,221,221,240,240],"floor_reached":23,"playtime":1273,"items_purged":["Strike_G"],"score":218,"play_id":"28d24935-0216-4efa-b252-55c188f11eec","local_time":"20190312160253","is_ascension_mode":false,"campfire_choices":[{"data":"Dagger Spray","floor":7,"key":"SMITH"},{"data":"Neutralize","floor":10,"key":"SMITH"},{"data":"Leg Sweep","floor":15,"key":"SMITH"}],"neow_cost":"NONE","seed_source_timestamp":13917920782200,"circlet_count":0,"master_deck":["Defend_G","Defend_G","Defend_G","Defend_G","Defend_G","Strike_G","Strike_G","Survivor","Neutralize+1","Dagger Spray+1","Accuracy","Noxious Fumes","Caltrops","Leg Sweep+1","Burst","Backstab","Blind","Dagger Throw","Blade Dance+1"],"relics":["Ring of the Snake","NeowsBlessing","Vajra","Darkstone Periapt","Odd Mushroom","Empty Cage"],"potions_floor_usage":[16,16,16],"damage_taken":[{"damage":0,"enemies":"Jaw Worm","floor":1,"turns":1},{"damage":0,"enemies":"Cultist","floor":4,"turns":1},{"damage":0,"enemies":"Lagavulin","floor":6,"turns":1},{"damage":0,"enemies":"2 Louse","floor":8,"turns":3},{"damage":0,"enemies":"Gremlin Gang","floor":12,"turns":3},{"damage":2,"enemies":"Looter","floor":13,"turns":4},{"damage":9,"enemies":"The Mushroom Lair","floor":14,"turns":4},{"damage":45,"enemies":"Slime Boss","floor":16,"turns":11},{"damage":12,"enemies":"Spheric Guardian","floor":18,"turns":8},{"damage":4,"enemies":"2 Thieves","floor":19,"turns":5},{"damage":19,"enemies":"Cultist and Chosen","floor":20,"turns":10},{"damage":27,"enemies":"Snake Plant","floor":22,"turns":7},{"damage":13,"enemies":"Centurion and Healer","floor":23,"turns":2}],"seed_played":"3453834390685747567","potions_obtained":[{"floor":6,"key":"Energy Potion"},{"floor":8,"key":"Poison Potion"},{"floor":14,"key":"SteroidPotion"},{"floor":20,"key":"Strength Potion"}],"is_trial":false,"path_per_floor":["?","M","?","?","M"],"character_chosen":"THE_SILENT","items_purchased":["Caltrops"],"campfire_rested":0,"item_purchase_floors":[11],"current_hp_per_floor":[70,70,70,70,70,70,70,70,70,70,70,70,68,59,59,14,70,58,54,35,35,8,0],"gold":240,"neow_bonus":"THREE_ENEMY_KILL","is_prod":false,"is_daily":false,"chose_seed":false,"campfire_upgraded":3,"win_rate":0,"timestamp":1552420973,"path_taken":["M","?","$","M","$","E","R","M","T","R","$","M","?","?","R","BOSS","M","M","M","?","?","M"],"build_version":"2019-01-23","purchased_purges":1,"victory":false,"max_hp_per_floor":[70,70,70,70,70,70,70,70,70,70,70,70,70,70,70,70,70,70,70,70,70,70,70],"card_choices":[{"not_picked":["Prepared","Outmaneuver"],"picked":"Dagger Spray","floor":1},{"not_picked":["Riddle With Holes","Cloak And Dagger"],"picked":"Accuracy","floor":4},{"not_picked":["Glass Knife","Bane"],"picked":"Noxious Fumes","floor":6},{"not_picked":["Deadly Poison","Flying Knee","Dagger Throw"],"picked":"SKIP","floor":8},{"not_picked":["Riddle With Holes","Quick Slash","Dodge and Roll"],"picked":"SKIP","floor":12},{"not_picked":["Bouncing Flask","Poisoned Stab","Dagger Throw"],"picked":"SKIP","floor":13},{"not_picked":["Concentrate","Skewer"],"picked":"Leg Sweep","floor":14},{"not_picked":["After Image","Night Terror"],"picked":"Burst","floor":16},{"not_picked":["Bane","Reflex"],"picked":"Backstab","floor":18},{"not_picked":["Endless Agony","Blade Dance","Leg Sweep"],"picked":"SKIP","floor":19},{"not_picked":["Outmaneuver","Finisher","Blade Dance"],"picked":"SKIP","floor":20},{"not_picked":["Infinite Blades","Deflect"],"picked":"Blade Dance+1","floor":22}],"player_experience":169793,"relics_obtained":[{"floor":6,"key":"Darkstone Periapt"},{"floor":14,"key":"Odd Mushroom"}],"event_choices":[{"damage_healed":0,"gold_gain":0,"player_choice":"Paid Gold","damage_taken":0,"relics_obtained":["Vajra"],"max_hp_gain":0,"max_hp_loss":0,"event_name":"WeMeetAgain","floor":2,"gold_loss":79},{"damage_healed":0,"gold_gain":0,"player_choice":"Fought Mushrooms","damage_taken":0,"max_hp_gain":0,"max_hp_loss":0,"event_name":"Mushrooms","floor":14,"gold_loss":0},{"damage_healed":0,"gold_gain":0,"player_choice":"2 cards matched","damage_taken":0,"max_hp_gain":0,"max_hp_loss":0,"event_name":"Match and Keep!","floor":21,"gold_loss":0,"cards_obtained":["Blind","Dagger Throw"]}],"is_beta":false,"boss_relics":[{"not_picked":["Runic Pyramid","White Beast Statue"],"picked":"Empty Cage"}],"items_purged_floors":[11],"is_endless":false,"potions_floor_spawned":[6,8,14,20],"killed_by":"Centurion and Healer","ascension_level":0}