{"gold_per_floor":[114,189,69,89,99,127,137,312,342,130,141,141,157,167,167,167],"floor_reached":16,"playtime":340,"items_purged":["Defend_R"],"score":104,"play_id":"811f8831-dddc-4d35-be2c-125587e6d980","local_time":"20180711234328","is_ascension_mode":false,"campfire_choices":[{"data":"Whirlwind","floor":12,"key":"SMITH"},{"data":"Whirlwind","floor":15,"key":"SMITH"}],"neow_cost":"NONE","seed_source_timestamp":56480882626302,"circlet_count":0,"master_deck":["Strike_R","Strike_R","Strike_R","Strike_R","Strike_R","Defend_R","Defend_R","Defend_R","Bash","Whirlwind+1","Inflame","Sword Boomerang","Doubt","Whirlwind+1","Inflame","Seeing Red"],"relics":["Burning Blood","Boot","Happy Flower","Tiny Chest"],"potions_floor_usage":[6,11,16],"damage_taken":[{"damage":7,"enemies":"Small Slimes","floor":1,"turns":4},{"damage":6,"enemies":"Cultist","floor":4,"turns":3},{"damage":0,"enemies":"2 Louse","floor":5,"turns":3},{"damage":24,"enemies":"3 Sentries","floor":6,"turns":4},{"damage":6,"enemies":"Exordium Thugs","floor":7,"turns":4},{"damage":10,"enemies":"Gremlin Gang","floor":11,"turns":2},{"damage":0,"enemies":"3 Louse","floor":13,"turns":1},{"damage":5,"enemies":"Exordium Wildlife","floor":14,"turns":2},{"damage":60,"enemies":"The Guardian","floor":16,"turns":9}],"seed_played":"8509840393380349429","potions_obtained":[{"floor":1,"key":"PowerPotion"},{"floor":5,"key":"Energy Potion"},{"floor":6,"key":"Ancient Potion"},{"floor":13,"key":"Energy Potion"}],"is_trial":false,"path_per_floor":["M","?","$","M","M","E","M","?","T","$","M","R","M","M","R"],"character_chosen":"IRONCLAD","items_purchased":["Whirlwind","Inflame","Whirlwind","Inflame"],"campfire_rested":0,"item_purchase_floors":[3,3,10,10],"current_hp_per_floor":[79,68,68,68,74,56,56,56,56,56,52,52,58,59,59,0],"gold":167,"neow_bonus":"RANDOM_COMMON_RELIC","is_prod":false,"is_daily":false,"chose_seed":false,"campfire_upgraded":2,"win_rate":0,"timestamp":1531367008,"path_taken":["M","?","$","?","M","E","M","?","T","$","M","R","M","?","R","BOSS"],"build_version":"2018-07-05","purchased_purges":1,"victory":false,"max_hp_per_floor":[80,80,80,80,80,80,80,80,80,80,80,80,80,80,80,80],"card_choices":[{"not_picked":["Metallicize","Ghostly Armor","Headbutt"],"picked":"SKIP","floor":1},{"not_picked":["Intimidate","Rage","Anger"],"picked":"SKIP","floor":4},{"not_picked":["Twin Strike","Wild Strike"],"picked":"Sword Boomerang","floor":5},{"not_picked":["Sentinel","Shockwave","Pommel Strike"],"picked":"SKIP","floor":6},{"not_picked":["Perfected Strike","Rampage","Clothesline"],"picked":"SKIP","floor":7},{"not_picked":["Iron Wave","Pommel Strike"],"picked":"Seeing Red","floor":11},{"not_picked":["Shrug It Off","Armaments","Clothesline"],"picked":"SKIP","floor":13},{"not_picked":["True Grit","Body Slam","Clothesline"],"picked":"SKIP","floor":14}],"player_experience":231711,"relics_obtained":[{"floor":6,"key":"Happy Flower"},{"floor":9,"key":"Tiny Chest"}],"event_choices":[{"event_name":"World of Goop","player_choice":"Gather Gold","floor":2,"damage_taken":0},{"event_name":"Liars Game","player_choice":"agreed","floor":8,"damage_taken":0}],"boss_relics":[],"items_purged_floors":[10],"is_endless":false,"potions_floor_spawned":[1,5,6,13],"killed_by":"The Guardian","ascension_level":0}