{"gold_per_floor":[111,286,306,306,306,306,333,333,333,9,27,27,39,51,51,51],"floor_reached":16,"playtime":727,"items_purged":["Defend_R"],"score":100,"play_id":"11861260-ef6e-41ca-8d82-dcf52ad8ed37","local_time":"20180706090941","is_ascension_mode":false,"campfire_choices":[{"floor":6,"key":"REST"},{"floor":8,"key":"REST"},{"data":"Strike_R","floor":12,"key":"SMITH"},{"data":"Sword Boomerang","floor":15,"key":"SMITH"}],"neow_cost":"FIFTY_PERCENT_DAMAGE","seed_source_timestamp":1321953357093888,"circlet_count":0,"master_deck":["Strike_R+1","Strike_R","Strike_R+1","Strike_R","Strike_R","Defend_R","Bash+1","Doubt","Sword Boomerang+1"],"relics":["Burning Blood","Pear","Self Forming Clay","Mercury Hourglass"],"potions_floor_usage":[7,16],"damage_taken":[{"damage":8,"enemies":"Small Slimes","floor":1,"turns":3},{"damage":6,"enemies":"Cultist","floor":3,"turns":3},{"damage":20,"enemies":"Gremlin Nob","floor":7,"turns":4},{"damage":0,"enemies":"2 Louse","floor":11,"turns":2},{"damage":12,"enemies":"Blue Slaver","floor":13,"turns":2},{"damage":10,"enemies":"Looter","floor":14,"turns":2},{"damage":59,"enemies":"The Guardian","floor":16,"turns":7}],"seed_played":"-499441836994786456","potions_obtained":[{"floor":3,"key":"EssenceOfSteel"},{"floor":13,"key":"Fire Potion"}],"is_trial":false,"path_per_floor":["M","?","M","?","?","R","E","R","T","$","M","R","M","M","R"],"character_chosen":"IRONCLAD","items_purchased":["Mercury Hourglass"],"campfire_rested":2,"item_purchase_floors":[10],"current_hp_per_floor":[38,38,38,22,14,38,34,61,61,61,67,67,61,57,57,0],"gold":51,"neow_bonus":"REMOVE_TWO","is_prod":false,"is_daily":false,"chose_seed":false,"campfire_upgraded":2,"win_rate":0,"timestamp":1530882581,"path_taken":["M","?","?","?","?","R","E","R","T","$","M","R","M","M","R","BOSS"],"build_version":"2018-07-05","purchased_purges":1,"victory":false,"max_hp_per_floor":[80,80,80,80,80,80,90,90,90,90,90,90,90,90,90,90],"card_choices":[{"not_picked":["Heavy Blade","Iron Wave","Pommel Strike"],"picked":"SKIP","floor":1},{"not_picked":["Uppercut","Intimidate","Disarm"],"picked":"SKIP","floor":3},{"not_picked":["Clothesline","Dual Wield","Havoc"],"picked":"SKIP","floor":7},{"not_picked":["Flame Barrier","Iron Wave","Heavy Blade"],"picked":"SKIP","floor":11},{"not_picked":["Feel No Pain","Infernal Blade"],"picked":"Sword Boomerang","floor":13},{"not_picked":["Heavy Blade","Twin Strike","Dropkick"],"picked":"SKIP","floor":14}],"player_experience":77125,"relics_obtained":[{"floor":7,"key":"Pear"},{"floor":9,"key":"Self Forming Clay"}],"event_choices":[{"event_name":"Liars Game","player_choice":"agreed","floor":2,"damage_taken":0},{"event_name":"Shining Light","player_choice":"Entered Light","floor":4,"damage_taken":0},{"event_name":"Wheel of Change","player_choice":"Damage","floor":5,"damage_taken":0}],"boss_relics":[],"items_purged_floors":[10],"is_endless":false,"potions_floor_spawned":[3,13],"killed_by":"The Guardian","ascension_level":0}