{"gold_per_floor":[118,128,303,318,198,198,211,238,238,238,254,254,273,304,304,403,403,416,416,31,31,103,103,113,145,145,163,174,190,104,116,116,220,220,239,254,254,58,58,58,70,84,109,121,167,191,165,176,176,176],"floor_reached":51,"playtime":2726,"items_purged":["Doubt"],"score":972,"play_id":"51a7b45e-5e33-453a-99ca-e963313621da","local_time":"20190331012218","is_ascension_mode":true,"campfire_choices":[{"data":"Electrodynamics","floor":6.0,"key":"SMITH"},{"data":"Zap","floor":10.0,"key":"SMITH"},{"floor":15.0,"key":"REST"},{"data":"Apotheosis","floor":23.0,"key":"SMITH"},{"data":"Defragment","floor":32.0,"key":"SMITH"},{"data":"Defragment","floor":40.0,"key":"SMITH"},{"floor":44.0,"key":"REST"},{"floor":49,"key":"REST"}],"neow_cost":"NONE","seed_source_timestamp":50914025854797,"circlet_count":0,"master_deck":["Strike_B+1","Strike_B+1","Strike_B+1","Defend_B+1","Defend_B+1","Defend_B+1","Defend_B+1","Zap+1","Dualcast","Electrodynamics+1","Coolheaded","Conserve Battery","Go for the Eyes","Cold Snap","Auto Shields","Chill","Defragment+1","Blizzard+1","Core Surge+1","Core Surge+1","Redo+1","Glacier","Apotheosis+1","Glacier","Self Repair","Flash of Steel+1","Ball Lightning+1","Seek","FTL+1","Ball Lightning+1","Defragment+1","Cold Snap+1","The Bomb","Beam Cell+1","Redo+1","Chaos+1","Capacitor"],"special_seed":0,"relics":["Cracked Core","Molten Egg 2","Question Card","War Paint","Shuriken","Sozu","Regal Pillow","Singing Bowl","Red Mask","Blue Candle","Orrery","MawBank","Sundial"],"potions_floor_usage":[45],"damage_taken":[{"damage":0.0,"enemies":"Cultist","floor":1.0,"turns":4.0},{"damage":3.0,"enemies":"Small Slimes","floor":2.0,"turns":3.0},{"damage":0.0,"enemies":"2 Louse","floor":4.0,"turns":2.0},{"damage":14.0,"enemies":"Lots of Slimes","floor":7.0,"turns":3.0},{"damage":10.0,"enemies":"3 Sentries","floor":8.0,"turns":3.0},{"damage":0.0,"enemies":"Large Slime","floor":11.0,"turns":4.0},{"damage":0.0,"enemies":"3 Louse","floor":13.0,"turns":1.0},{"damage":19.0,"enemies":"Gremlin Nob","floor":14.0,"turns":4.0},{"damage":4.0,"enemies":"The Guardian","floor":16.0,"turns":12.0},{"damage":8.0,"enemies":"Shell Parasite","floor":18.0,"turns":6.0},{"damage":0.0,"enemies":"3 Byrds","floor":24.0,"turns":4.0},{"damage":10.0,"enemies":"Masked Bandits","floor":25.0,"turns":4.0},{"damage":1.0,"enemies":"Snecko","floor":27.0,"turns":4.0},{"damage":4.0,"enemies":"3 Cultists","floor":28.0,"turns":6.0},{"damage":2.0,"enemies":"Shelled Parasite and Fungi","floor":29.0,"turns":6.0},{"damage":5.0,"enemies":"Centurion and Healer","floor":31.0,"turns":7.0},{"damage":50.0,"enemies":"Automaton","floor":33.0,"turns":10.0},{"damage":0.0,"enemies":"Orb Walker","floor":35.0,"turns":3.0},{"damage":19.0,"enemies":"3 Darklings","floor":36.0,"turns":4.0},{"damage":0.0,"enemies":"Sphere and 2 Shapes","floor":41.0,"turns":4.0},{"damage":34.0,"enemies":"Transient","floor":42.0,"turns":5.0},{"damage":34,"enemies":"Giant Head","floor":45,"turns":8},{"damage":15,"enemies":"Spire Growth","floor":46,"turns":4},{"damage":3,"enemies":"Sphere and 2 Shapes","floor":48,"turns":6},{"damage":51,"enemies":"Time Eater","floor":50,"turns":11}],"seed_played":"-8237911453249269543","potions_obtained":[{"floor":1.0,"key":"Dexterity Potion"},{"floor":2.0,"key":"EssenceOfSteel"},{"floor":13.0,"key":"FearPotion"},{"floor":16.0,"key":"SteroidPotion"}],"is_trial":false,"path_per_floor":["M","M","?","M","$","R","M","E","T","R","M","?","M","E","R","B",null,"M","?","$","?","T","R","M","?","T","M","M","M","$","M","R","B",null,"M","M","?","$","?","R","M","M","T","R","E","M","$","M","R","B",null],"character_chosen":"DEFECT","items_purchased":["Cold Snap","Glacier","Apotheosis","Regal Pillow","Flash of Steel+1","The Bomb","Capacitor"],"campfire_rested":3,"item_purchase_floors":[5,20,20,20,30,38,47],"current_hp_per_floor":[68,65,65,65,65,65,51,41,41,41,41,41,41,22,44,40,66,58,58,58,58,58,58,60,50,50,51,47,54,54,56,56,13,68,77,67,67,67,67,67,77,53,53,89,67,62,62,68,93,42],"gold":176,"neow_bonus":"ONE_RANDOM_RARE_CARD","is_prod":false,"is_daily":false,"chose_seed":false,"campfire_upgraded":5,"win_rate":0,"timestamp":1554013338,"path_taken":["M","?","?","M","$","R","M","E","T","R","M","?","?","E","R","BOSS","M","?","$","?","?","R","M","?","T","M","M","M","$","M","R","BOSS","M","M","?","?","?","R","M","M","T","R","E","M","$","M","R","BOSS"],"build_version":"2019-01-23","purchased_purges":1,"victory":true,"max_hp_per_floor":[75,75,75,75,75,75,75,75,75,75,75,75,75,75,75,75,75,75,75,75,75,75,75,77,77,77,79,79,81,81,81,81,81,85,87,89,89,89,89,89,89,89,89,89,91,91,91,93,93,93],"card_choices":[{"not_picked":["Force Field","Barrage"],"picked":"Coolheaded","floor":1.0},{"not_picked":["Beam Cell","Storm"],"picked":"Conserve Battery","floor":2.0},{"not_picked":["Beam Cell","Rebound"],"picked":"Go for the Eyes","floor":4.0},{"not_picked":["Rebound","BootSequence"],"picked":"Auto Shields","floor":7.0},{"not_picked":["Heatsinks","Chaos"],"picked":"Chill","floor":8.0},{"not_picked":["Doom and Gloom+1","Barrage+1","Streamline+1"],"picked":"Defragment","floor":11.0},{"not_picked":["Stack","Sweeping Beam+1","Tempest"],"picked":"Blizzard+1","floor":13.0},{"not_picked":["Beam Cell+1","Ball Lightning+1","FTL+1"],"picked":"Core Surge+1","floor":14.0},{"not_picked":["Electrodynamics","Creative AI","Reboot"],"picked":"Core Surge+1","floor":16.0},{"not_picked":["Sweeping Beam+1","Gash+1","Heatsinks"],"picked":"Redo+1","floor":18.0},{"not_picked":["Leap+1","Stack","Conserve Battery+1","Go for the Eyes+1"],"picked":"Singing Bowl","floor":24.0},{"not_picked":["Coolheaded+1","Rebound+1","Go for the Eyes+1"],"picked":"Glacier","floor":25.0},{"not_picked":["Hologram+1","Storm","Heatsinks","Rebound+1"],"picked":"Singing Bowl","floor":27.0},{"not_picked":["Conserve Battery","Steam","Amplify"],"picked":"Self Repair","floor":28.0},{"not_picked":["Aggregate","Go for the Eyes+1","Barrage+1","Gash+1"],"picked":"Singing Bowl","floor":29.0},{"not_picked":["Hologram","Gash+1","Turbo"],"picked":"Ball Lightning+1","floor":31.0},{"not_picked":["Fission","Thunder Strike+1","Rainbow"],"picked":"Seek","floor":33.0},{"not_picked":["Self Repair+1","Turbo","Cold Snap+1"],"picked":"FTL+1","floor":34.0},{"not_picked":["Steam+1","Go for the Eyes+1","Cold Snap+1"],"picked":"Ball Lightning+1","floor":34.0},{"not_picked":["Coolheaded","Rip and Tear+1","Genetic Algorithm+1","Self Repair"],"picked":"Singing Bowl","floor":34.0},{"not_picked":["Hologram","Steam+1","Stack","Go for the Eyes+1"],"picked":"Singing Bowl","floor":34.0},{"not_picked":["Conserve Battery+1","Scrape+1","BootSequence"],"picked":"Defragment","floor":34.0},{"not_picked":["Chaos","Rebound+1","Leap","Stack"],"picked":"Singing Bowl","floor":35.0},{"not_picked":["Fusion+1","Leap+1","Rebound+1","Compile Driver+1"],"picked":"Singing Bowl","floor":36.0},{"not_picked":["Tempest","Sweeping Beam+1","Cold Snap+1"],"picked":"Beam Cell+1","floor":41.0},{"not_picked":["Coolheaded+1","Meteor Strike+1","Sweeping Beam+1"],"picked":"Redo+1","floor":42.0},{"not_picked":["Streamline+1","Force Field+1","Turbo","Sweeping Beam+1"],"picked":"Singing Bowl","floor":45},{"not_picked":["Go for the Eyes+1","Chill","Doom and Gloom+1"],"picked":"Chaos+1","floor":46},{"not_picked":["Coolheaded","Glacier+1","Genetic Algorithm","Sweeping Beam+1"],"picked":"Singing Bowl","floor":48}],"player_experience":588780,"relics_obtained":[{"floor":8.0,"key":"Molten Egg 2"},{"floor":9.0,"key":"Question Card"},{"floor":12.0,"key":"War Paint"},{"floor":14.0,"key":"Shuriken"},{"floor":22.0,"key":"Singing Bowl"},{"floor":25.0,"key":"Red Mask"},{"floor":26.0,"key":"Blue Candle"},{"floor":43.0,"key":"MawBank"},{"floor":45,"key":"Sundial"}],"event_choices":[{"damage_healed":0.0,"max_hp_gain":0.0,"max_hp_loss":0.0,"gold_gain":175.0,"event_name":"Liars Game","player_choice":"AGREE","floor":3.0,"gold_loss":0.0,"damage_taken":0.0,"cards_obtained":["Doubt"]},{"damage_healed":0.0,"max_hp_gain":0.0,"max_hp_loss":0.0,"gold_gain":0.0,"event_name":"Wheel of Change","player_choice":"Relic","floor":12.0,"gold_loss":0.0,"damage_taken":0.0},{"damage_healed":0.0,"max_hp_gain":0.0,"max_hp_loss":0.0,"gold_gain":0.0,"event_name":"Ghosts","player_choice":"Ignored","floor":19.0,"gold_loss":0.0,"damage_taken":0.0},{"damage_healed":0.0,"max_hp_gain":0.0,"max_hp_loss":0.0,"gold_gain":0.0,"event_name":"Back to Basics","player_choice":"Simplicity","floor":21.0,"gold_loss":0.0,"damage_taken":0.0,"cards_upgraded":["Strike_B","Strike_B","Strike_B","Strike_B","Defend_B","Defend_B"]},{"damage_healed":0.0,"max_hp_gain":0.0,"max_hp_loss":0.0,"gold_gain":0.0,"event_name":"Masked Bandits","player_choice":"Fought Bandits","floor":25.0,"gold_loss":0.0,"damage_taken":0.0},{"damage_healed":0.0,"max_hp_gain":0.0,"max_hp_loss":0.0,"gold_gain":0.0,"cards_transformed":["Strike_B"],"event_name":"Transmorgrifier","player_choice":"Transformed","floor":37.0,"gold_loss":0.0,"damage_taken":0.0,"cards_obtained":["Cold Snap"]},{"damage_healed":0.0,"max_hp_gain":0.0,"max_hp_loss":0.0,"gold_gain":0.0,"event_name":"Mysterious Sphere","player_choice":"Ignored","floor":39.0,"gold_loss":0.0,"damage_taken":0.0}],"is_beta":false,"boss_relics":[{"not_picked":["Calling Bell","Busted Crown"],"picked":"Sozu"},{"not_picked":["Snecko Eye","Pandora\u0027s Box"],"picked":"Orrery"}],"items_purged_floors":[5],"is_endless":false,"potions_floor_spawned":[1,2,13,16,24,28,33,36,46],"ascension_level":8}