{"gold_per_floor":[360,323,342,357,10,40,53,63,90,90,100,110,139,154,154,226,226,237,251,9,22,36,36,65,65,89,89,106,106,106],"floor_reached":30,"playtime":1789,"items_purged":["Clumsy"],"score":479,"play_id":"732d7bfd-b426-4b8d-ad70-20f728540b77","local_time":"20190331131620","is_ascension_mode":true,"campfire_choices":[{"floor":15,"key":"REST"},{"data":"Disarm","floor":23,"key":"SMITH"},{"floor":25,"key":"REST"},{"floor":29,"key":"REST"}],"neow_cost":"CURSE","seed_source_timestamp":5462234774000,"circlet_count":0,"master_deck":["AscendersBane","Strike_R","Strike_R","Strike_R+1","Strike_R","Strike_R","Defend_R","Defend_R","Defend_R","Defend_R","Bash","Carnage","Anger+1","Headbutt","Clothesline+1","Sword Boomerang+1","Uppercut+1","Flame Barrier","Limit Break","Body Slam+1","Bludgeon+1","Battle Trance","Disarm+1","Spot Weakness"],"relics":["Burning Blood","Membership Card","Molten Egg 2","Matryoshka","Whetstone","Boot","Happy Flower","Runic Dome","ClockworkSouvenir","Potion Belt","Anchor","Omamori"],"potions_floor_usage":[13,16,24,24],"damage_taken":[{"damage":5,"enemies":"Small Slimes","floor":1,"turns":5},{"damage":0,"enemies":"Cultist","floor":3,"turns":2},{"damage":2,"enemies":"2 Louse","floor":4,"turns":3},{"damage":25,"enemies":"Lagavulin","floor":6,"turns":6},{"damage":18,"enemies":"Large Slime","floor":7,"turns":4},{"damage":4,"enemies":"Exordium Wildlife","floor":8,"turns":4},{"damage":0,"enemies":"2 Fungi Beasts","floor":11,"turns":2},{"damage":12,"enemies":"Large Slime","floor":12,"turns":5},{"damage":25,"enemies":"3 Sentries","floor":13,"turns":6},{"damage":13,"enemies":"Red Slaver","floor":14,"turns":4},{"damage":35,"enemies":"Hexaghost","floor":16,"turns":8},{"damage":8,"enemies":"Chosen","floor":18,"turns":3},{"damage":6,"enemies":"Spheric Guardian","floor":19,"turns":3},{"damage":21,"enemies":"Snake Plant","floor":21,"turns":3},{"damage":8,"enemies":"Cultist and Chosen","floor":22,"turns":5},{"damage":31,"enemies":"Slavers","floor":24,"turns":6},{"damage":20,"enemies":"3 Cultists","floor":28,"turns":4},{"damage":49,"enemies":"Gremlin Leader","floor":30,"turns":8}],"seed_played":"-1242489786081158124","potions_obtained":[{"floor":3,"key":"Weak Potion"},{"floor":6,"key":"SteroidPotion"},{"floor":8,"key":"FearPotion"},{"floor":10,"key":"Fire Potion"},{"floor":16,"key":"Dexterity Potion"},{"floor":18,"key":"SkillPotion"}],"is_trial":false,"path_per_floor":["?","M","?"],"character_chosen":"IRONCLAD","items_purchased":["Carnage","Membership Card","Molten Egg 2","Bludgeon+1","ClockworkSouvenir"],"campfire_rested":3,"item_purchase_floors":[2,5,5,20,20],"current_hp_per_floor":[69,69,75,75,75,56,44,46,46,46,52,46,27,20,42,13,60,58,58,58,43,41,41,16,38,38,38,24,46,0],"gold":106,"neow_bonus":"TWO_FIFTY_GOLD","is_prod":false,"is_daily":false,"chose_seed":false,"campfire_upgraded":1,"win_rate":0,"timestamp":1554052580,"path_taken":["M","$","M","M","$","E","M","M","T","?","M","M","E","?","R","BOSS","M","M","$","M","M","R","E","R","T","?","M","R","E"],"build_version":"2019-01-23","purchased_purges":1,"victory":false,"max_hp_per_floor":[75,75,75,75,75,75,75,75,75,75,75,75,75,75,75,75,75,75,75,75,75,75,75,75,75,75,75,75,75,75],"card_choices":[{"not_picked":["Pommel Strike","Bloodletting","Cleave"],"picked":"SKIP","floor":1},{"not_picked":["True Grit","Armaments"],"picked":"Anger","floor":3},{"not_picked":["Pummel","Reckless Charge"],"picked":"Headbutt","floor":4},{"not_picked":["Combust","Feel No Pain","Anger+1"],"picked":"SKIP","floor":6},{"not_picked":["Sword Boomerang+1","Seeing Red","Clash+1"],"picked":"SKIP","floor":7},{"not_picked":["Armaments","Thunderclap+1"],"picked":"Clothesline+1","floor":8},{"not_picked":["Power Through","Exhume","True Grit"],"picked":"SKIP","floor":11},{"not_picked":["Anger+1","Clothesline+1"],"picked":"Sword Boomerang+1","floor":12},{"not_picked":["Infernal Blade","Flex"],"picked":"Uppercut+1","floor":13},{"not_picked":["Anger+1","Perfected Strike+1"],"picked":"Flame Barrier","floor":14},{"not_picked":["Dark Embrace","Reaper+1"],"picked":"Limit Break","floor":16},{"not_picked":["Sever Soul+1","Bloodletting+1"],"picked":"Body Slam+1","floor":18},{"not_picked":["Power Through","Body Slam+1","Clothesline+1"],"picked":"SKIP","floor":19},{"not_picked":["Evolve","Wild Strike+1"],"picked":"Battle Trance","floor":21},{"not_picked":["Rampage+1","Wild Strike+1"],"picked":"Disarm","floor":22},{"not_picked":["Reckless Charge+1","Whirlwind+1"],"picked":"Spot Weakness","floor":24},{"not_picked":["Thunderclap+1","Armaments","Metallicize"],"picked":"SKIP","floor":28}],"player_experience":375163,"relics_obtained":[{"floor":6,"key":"Matryoshka"},{"floor":9,"key":"Whetstone"},{"floor":9,"key":"Boot"},{"floor":13,"key":"Happy Flower"},{"floor":24,"key":"Potion Belt"},{"floor":26,"key":"Anchor"},{"floor":26,"key":"Omamori"}],"event_choices":[{"damage_healed":0,"gold_gain":0,"player_choice":"Got Potions","damage_taken":0,"max_hp_gain":0,"max_hp_loss":0,"event_name":"Lab","floor":10,"gold_loss":0},{"damage_healed":0,"gold_gain":0,"player_choice":"Ignored","damage_taken":0,"max_hp_gain":0,"max_hp_loss":0,"event_name":"Ghosts","floor":27,"gold_loss":0}],"is_beta":false,"boss_relics":[{"not_picked":["Runic Pyramid","Black Star"],"picked":"Runic Dome"}],"items_purged_floors":[20],"is_endless":false,"potions_floor_spawned":[3,6,8,16,18,21,22],"killed_by":"Gremlin Leader","ascension_level":16}