{"gold_per_floor":[111,111,36,46,66,66,80,33,82,37,49,66,112,124,136,148],"floor_reached":16,"playtime":292,"items_purged":["Regret"],"score":92,"play_id":"b4c51736-19b3-40c4-a642-dc50a7affee7","local_time":"20180805232549","is_ascension_mode":false,"campfire_choices":[{"data":"Twin Strike","floor":6,"key":"SMITH"},{"data":"Sword Boomerang","floor":15,"key":"SMITH"}],"neow_cost":"","seed_source_timestamp":2215511809053246,"circlet_count":0,"master_deck":["Strike_R","Strike_R","Strike_R","Strike_R","Strike_R","Defend_R","Defend_R","Defend_R","Defend_R","Bash","Twin Strike+1","Shrug It Off","Flex","Sword Boomerang+1"],"relics":["Burning Blood","Bag of Marbles","Dream Catcher","MawBank"],"potions_floor_usage":[7,16],"damage_taken":[{"damage":11,"enemies":"Jaw Worm","floor":1,"turns":2},{"damage":0,"enemies":"Small Slimes","floor":4,"turns":2},{"damage":1,"enemies":"Cultist","floor":5,"turns":3},{"damage":0,"enemies":"Exordium Thugs","floor":7,"turns":3},{"damage":20,"enemies":"Lots of Slimes","floor":11,"turns":3},{"damage":12,"enemies":"Blue Slaver","floor":12,"turns":2},{"damage":65,"enemies":"The Guardian","floor":16,"turns":8}],"seed_played":"9203028944358918003","potions_obtained":[{"floor":4,"key":"Energy Potion"},{"floor":11,"key":"Explosive Potion"}],"is_trial":false,"path_per_floor":["M","?","$","M","M","R","M","$","T","$","M","M","T","$","R"],"character_chosen":"IRONCLAD","items_purchased":["Flex","Sword Boomerang"],"campfire_rested":0,"item_purchase_floors":[8,10],"current_hp_per_floor":[75,75,75,80,80,80,80,80,80,80,66,60,60,60,60,0],"gold":148,"neow_bonus":"","is_prod":false,"is_daily":false,"chose_seed":false,"campfire_upgraded":2,"win_rate":0,"timestamp":1533525949,"path_taken":["M","?","$","M","M","R","M","?","T","$","?","M","?","$","R","BOSS"],"build_version":"2018-08-02","purchased_purges":1,"victory":false,"max_hp_per_floor":[80,80,80,80,80,80,80,80,80,80,80,80,80,80,80,80],"card_choices":[{"not_picked":["Bloodletting","Clothesline"],"picked":"Twin Strike","floor":1},{"not_picked":["True Grit","Cleave"],"picked":"Shrug It Off","floor":4},{"not_picked":["Anger","Metallicize","Dropkick"],"picked":"SKIP","floor":5},{"not_picked":["Evolve","Body Slam","Clash"],"picked":"SKIP","floor":7},{"not_picked":["Perfected Strike","Body Slam","Heavy Blade"],"picked":"SKIP","floor":11},{"not_picked":["Bloodletting","Armaments","Corruption"],"picked":"SKIP","floor":12}],"player_experience":339407,"relics_obtained":[{"floor":9,"key":"Dream Catcher"},{"floor":13,"key":"MawBank"}],"event_choices":[{"event_name":"Big Fish","player_choice":"Box","floor":2,"damage_taken":0}],"is_beta":false,"boss_relics":[],"items_purged_floors":[3],"is_endless":false,"potions_floor_spawned":[4,11],"killed_by":"The Guardian","ascension_level":0}