{"gold_per_floor":[114,133,94,107,107,107,142,142,214,228,267,367,390,408,408,529,529,544,210,235,27,48,88,106,106,183,183,196,196,196,214,214,345,345,360,116,134,155,223,223],"floor_reached":40,"playtime":3651,"items_purged":["Injury","Strike_G"],"score":420,"play_id":"c739e8d9-9274-4215-84de-c2d411feb36b","local_time":"20190325003753","is_ascension_mode":false,"campfire_choices":[{"data":"Neutralize","floor":6,"key":"SMITH"},{"data":"Glass Knife","floor":8,"key":"SMITH"},{"data":"Catalyst","floor":15,"key":"SMITH"},{"floor":25,"key":"REST"},{"data":"Noxious Fumes","floor":27,"key":"SMITH"},{"data":"Caltrops","floor":29,"key":"SMITH"},{"floor":32,"key":"REST"}],"neow_cost":"NONE","seed_source_timestamp":278205936487518,"circlet_count":0,"master_deck":["Defend_G","Defend_G","Defend_G","Defend_G","Defend_G","Strike_G","Strike_G","Strike_G","Strike_G","Survivor","Neutralize+1","Glass Knife+1","Dagger Spray","Noxious Fumes+1","Caltrops+1","Leg Sweep","Dash","Flying Knee","Catalyst+1","Concentrate+1","Dash","Blur","Bane+1","Footwork+1"],"relics":["Ring of the Snake","Golden Idol","Omamori","Matryoshka","Snake Skull","Cursed Key","Kunai","TwistedFunnel","Gambling Chip","Lantern","Shuriken","Busted Crown","Bag of Preparation","Girya"],"potions_floor_usage":[7,11,16,16,20,28,33,39,39],"damage_taken":[{"damage":0,"enemies":"Small Slimes","floor":1,"turns":3},{"damage":0,"enemies":"2 Louse","floor":2,"turns":2},{"damage":0,"enemies":"Cultist","floor":4,"turns":3},{"damage":20,"enemies":"Gremlin Nob","floor":7,"turns":4},{"damage":0,"enemies":"Lots of Slimes","floor":10,"turns":4},{"damage":3,"enemies":"Lagavulin","floor":11,"turns":8},{"damage":0,"enemies":"3 Louse","floor":13,"turns":2},{"damage":0,"enemies":"Looter","floor":14,"turns":4},{"damage":11,"enemies":"Slime Boss","floor":16,"turns":9},{"damage":19,"enemies":"Spheric Guardian","floor":18,"turns":5},{"damage":2,"enemies":"Shell Parasite","floor":20,"turns":5},{"damage":0,"enemies":"Cultist and Chosen","floor":22,"turns":4},{"damage":18,"enemies":"Slavers","floor":23,"turns":4},{"damage":2,"enemies":"Snake Plant","floor":24,"turns":5},{"damage":0,"enemies":"Sentry and Sphere","floor":28,"turns":5},{"damage":5,"enemies":"Centurion and Healer","floor":31,"turns":5},{"damage":44,"enemies":"Collector","floor":33,"turns":7},{"damage":5,"enemies":"Orb Walker","floor":35,"turns":3},{"damage":0,"enemies":"3 Shapes","floor":37,"turns":3},{"damage":13,"enemies":"Spire Growth","floor":38,"turns":6},{"damage":24,"enemies":"2 Orb Walkers","floor":39,"turns":6},{"damage":30,"enemies":"Giant Head","floor":40,"turns":9}],"seed_played":"7494763055872557546","potions_obtained":[{"floor":2,"key":"SkillPotion"},{"floor":7,"key":"GamblersBrew"},{"floor":11,"key":"Block Potion"},{"floor":14,"key":"SpeedPotion"},{"floor":16,"key":"SteroidPotion"},{"floor":18,"key":"GamblersBrew"},{"floor":24,"key":"SkillPotion"},{"floor":33,"key":"Fire Potion"},{"floor":37,"key":"GhostInAJar"}],"is_trial":false,"path_per_floor":["?","?","$","M","?","?"],"character_chosen":"THE_SILENT","items_purchased":["Caltrops","Kunai","TwistedFunnel","Bag of Preparation"],"campfire_rested":2,"item_purchase_floors":[3,19,21,36],"current_hp_per_floor":[70,70,70,70,70,70,50,50,50,50,47,47,47,47,47,36,70,51,51,49,49,49,31,29,50,50,50,50,50,50,45,66,22,70,65,65,65,52,28,0],"gold":223,"neow_bonus":"ONE_RANDOM_RARE_CARD","is_prod":false,"is_daily":false,"chose_seed":false,"campfire_upgraded":5,"win_rate":0,"timestamp":1553485073,"path_taken":["M","M","$","M","?","R","E","R","T","M","E","?","M","M","R","BOSS","M","?","M","$","?","E","M","R","T","R","M","R","?","M","R","BOSS","M","$","M","M","?","E"],"build_version":"2019-01-23","purchased_purges":2,"victory":false,"max_hp_per_floor":[70,70,70,70,70,70,70,70,70,70,70,70,70,70,70,70,70,70,70,70,70,70,70,70,70,70,70,70,70,70,70,70,70,70,70,70,70,70,70,70],"card_choices":[{"not_picked":["Tactician","Deadly Poison"],"picked":"Dagger Spray","floor":1},{"not_picked":["Expertise","Riddle With Holes"],"picked":"Noxious Fumes","floor":2},{"not_picked":["Backflip","Deadly Poison"],"picked":"Leg Sweep","floor":4},{"not_picked":["Doppelganger","Expertise"],"picked":"Dash","floor":7},{"not_picked":["Quick Slash","Noxious Fumes"],"picked":"Flying Knee","floor":10},{"not_picked":["Blur","Cloak And Dagger"],"picked":"Catalyst","floor":11},{"not_picked":["Backstab","Outmaneuver","Underhanded Strike"],"picked":"SKIP","floor":13},{"not_picked":["Reflex","Sucker Punch","Crippling Poison"],"picked":"SKIP","floor":14},{"not_picked":["Deflect","Outmaneuver"],"picked":"Concentrate+1","floor":18},{"not_picked":["Tactician","Prepared","Riddle With Holes+1"],"picked":"SKIP","floor":20},{"not_picked":["Leg Sweep","Setup"],"picked":"Dash","floor":22},{"not_picked":["Cloak And Dagger","Masterful Stab+1","Slice"],"picked":"SKIP","floor":23},{"not_picked":["Acrobatics","Dodge and Roll","Calculated Gamble+1"],"picked":"SKIP","floor":24},{"not_picked":["Underhanded Strike","Acrobatics","Deadly Poison"],"picked":"SKIP","floor":28},{"not_picked":["Concentrate","Predator","Setup"],"picked":"SKIP","floor":31},{"not_picked":["Concentrate","Predator","Setup"],"picked":"SKIP","floor":31},{"not_picked":["Quick Slash+1"],"picked":"SKIP","floor":35},{"not_picked":[],"picked":"Bane+1","floor":37},{"not_picked":["Dagger Throw+1"],"picked":"SKIP","floor":38},{"not_picked":[],"picked":"Footwork+1","floor":39}],"player_experience":431215,"relics_obtained":[{"floor":7,"key":"Omamori"},{"floor":9,"key":"Matryoshka"},{"floor":11,"key":"Snake Skull"},{"floor":23,"key":"Gambling Chip"},{"floor":26,"key":"Lantern"},{"floor":26,"key":"Shuriken"},{"floor":39,"key":"Girya"}],"event_choices":[{"damage_healed":0,"gold_gain":0,"player_choice":"Take Wound","damage_taken":0,"relics_obtained":["Golden Idol"],"max_hp_gain":0,"max_hp_loss":0,"event_name":"Golden Idol","floor":5,"gold_loss":0,"cards_obtained":["Injury"]},{"damage_healed":0,"gold_gain":100,"player_choice":"Pray","damage_taken":0,"max_hp_gain":0,"max_hp_loss":0,"event_name":"Golden Shrine","floor":12,"gold_loss":0},{"damage_healed":0,"gold_gain":0,"player_choice":"Read","damage_taken":0,"max_hp_gain":0,"max_hp_loss":0,"event_name":"The Library","floor":30,"gold_loss":0,"cards_obtained":["Blur"]},{"damage_healed":0,"gold_gain":0,"player_choice":"Fight","damage_taken":0,"max_hp_gain":0,"max_hp_loss":0,"event_name":"Mysterious Sphere","floor":39,"gold_loss":0}],"is_beta":false,"boss_relics":[{"not_picked":["Ring of the Serpent","Astrolabe"],"picked":"Cursed Key"},{"not_picked":["Runic Dome","Orrery"],"picked":"Busted Crown"}],"items_purged_floors":[19,36],"is_endless":false,"potions_floor_spawned":[2,7,11,14,16,18,24,33,37],"killed_by":"Giant Head","ascension_level":0}