{"gold_per_floor":[113,113,61,74,85,85,104,114,163,163,179,194,194,209,209,209],"floor_reached":16,"playtime":1192,"items_purged":[],"score":106,"play_id":"6941ab79-197d-4573-844d-459d6ffd5d0a","local_time":"20180926170655","is_ascension_mode":true,"campfire_choices":[{"data":"Flex","floor":6,"key":"SMITH"},{"data":"Strike_R","floor":10,"key":"SMITH"},{"data":"Pommel Strike","floor":13,"key":"SMITH"},{"data":"Shrug It Off","floor":15,"key":"SMITH"}],"neow_cost":"","seed_source_timestamp":452882151991590,"circlet_count":0,"master_deck":["Strike_R+1","Strike_R","Strike_R","Strike_R","Strike_R","Defend_R","Defend_R","Defend_R","Defend_R","Bash+1","Shrug It Off+1","Flex+1","Pommel Strike+1"],"relics":["Burning Blood","Orichalcum"],"potions_floor_usage":[11,16,16,16],"damage_taken":[{"damage":12,"enemies":"Jaw Worm","floor":1,"turns":3},{"damage":0,"enemies":"Cultist","floor":4,"turns":3},{"damage":12,"enemies":"Small Slimes","floor":5,"turns":3},{"damage":31,"enemies":"Gremlin Gang","floor":7,"turns":5},{"damage":6,"enemies":"Exordium Thugs","floor":8,"turns":3},{"damage":6,"enemies":"Red Slaver","floor":11,"turns":2},{"damage":9,"enemies":"Blue Slaver","floor":12,"turns":4},{"damage":8,"enemies":"Looter","floor":14,"turns":3},{"damage":51,"enemies":"The Guardian","floor":16,"turns":8}],"seed_played":"-8236915102148937830","potions_obtained":[{"floor":1,"key":"Block Potion"},{"floor":4,"key":"SkillPotion"},{"floor":7,"key":"Energy Potion"},{"floor":14,"key":"Fruit Juice"}],"is_trial":false,"path_per_floor":["M","?","$","M","M","R","M","M","T","R","M","M","R","M","R"],"character_chosen":"IRONCLAD","items_purchased":["Shrug It Off"],"campfire_rested":0,"item_purchase_floors":[3],"current_hp_per_floor":[74,74,74,80,74,74,49,49,49,49,49,46,46,44,44,0],"gold":209,"neow_bonus":"","is_prod":false,"is_daily":false,"chose_seed":false,"campfire_upgraded":4,"win_rate":0,"timestamp":1537996015,"path_taken":["M","?","$","M","M","R","M","?","T","R","M","M","R","M","R","BOSS"],"build_version":"2018-09-20","purchased_purges":0,"victory":false,"max_hp_per_floor":[80,80,80,80,80,80,80,80,80,80,80,80,80,80,80,85],"card_choices":[{"not_picked":["Combust","Heavy Blade","Clash"],"picked":"SKIP","floor":1},{"not_picked":["Shrug It Off","Perfected Strike"],"picked":"Flex","floor":4},{"not_picked":["Metallicize","Heavy Blade","Clash"],"picked":"SKIP","floor":5},{"not_picked":["Wild Strike","Metallicize","Limit Break"],"picked":"SKIP","floor":7},{"not_picked":["Clothesline","Rage","Infernal Blade"],"picked":"SKIP","floor":8},{"not_picked":["Rupture","Shockwave","Heavy Blade"],"picked":"SKIP","floor":11},{"not_picked":["Cleave","Body Slam"],"picked":"Pommel Strike","floor":12},{"not_picked":["Sever Soul","Reaper","Metallicize"],"picked":"SKIP","floor":14}],"player_experience":430013,"relics_obtained":[{"floor":9,"key":"Orichalcum"}],"event_choices":[{"event_name":"Upgrade Shrine","player_choice":"Upgraded","floor":2,"damage_taken":0}],"is_beta":false,"boss_relics":[],"items_purged_floors":[],"is_endless":false,"potions_floor_spawned":[1,4,7,14],"killed_by":"The Guardian","ascension_level":2}