{"gold_per_floor":[114,114,124,4,4,4,30,30,85,98,129,129,140,160,160,261,261,278,289,142,142,67,67,67,67],"floor_reached":25,"playtime":574,"items_purged":["Defend_R","Strike_R"],"score":230,"play_id":"724373de-b063-4d5b-be63-56bb3814892f","local_time":"20180924140014","is_ascension_mode":true,"campfire_choices":[{"data":"Twin Strike","floor":6,"key":"SMITH"},{"data":"Strike_R","floor":8,"key":"SMITH"},{"floor":12,"key":"REST"},{"floor":15,"key":"REST"},{"floor":23,"key":"REST"}],"neow_cost":"NONE","seed_source_timestamp":269497054428429,"circlet_count":0,"master_deck":["Strike_R+1","Strike_R","Strike_R","Strike_R","Defend_R","Defend_R","Demon Form","Twin Strike+1","Pommel Strike","Thunderclap","Shrug It Off","Shrug It Off"],"relics":["Burning Blood","Art of War","Omamori","Calipers","Black Star","Enchiridion"],"potions_floor_usage":[3,7,16,18,19],"damage_taken":[{"damage":15,"enemies":"2 Louse","floor":1,"turns":2},{"damage":11,"enemies":"Cultist","floor":3,"turns":4},{"damage":27,"enemies":"3 Sentries","floor":7,"turns":5},{"damage":12,"enemies":"Small Slimes","floor":10,"turns":2},{"damage":19,"enemies":"Gremlin Nob","floor":11,"turns":4},{"damage":15,"enemies":"2 Fungi Beasts","floor":13,"turns":3},{"damage":14,"enemies":"Exordium Thugs","floor":14,"turns":4},{"damage":29,"enemies":"Hexaghost","floor":16,"turns":6},{"damage":42,"enemies":"Shell Parasite","floor":18,"turns":5},{"damage":25,"enemies":"2 Thieves","floor":19,"turns":3},{"damage":40,"enemies":"Snake Plant","floor":25,"turns":2}],"seed_played":"-1466503332252184996","potions_obtained":[{"floor":2,"key":"BloodPotion"},{"floor":2,"key":"GamblersBrew"},{"floor":2,"key":"Dexterity Potion"},{"floor":3,"key":"Fire Potion"},{"floor":11,"key":"SteroidPotion"},{"floor":13,"key":"Weak Potion"},{"floor":16,"key":"Block Potion"},{"floor":19,"key":"SpeedPotion"}],"is_trial":false,"path_per_floor":["M","?","M","$","?","R","E","R","T","M","E","R","M","M","R","B",null,"M","M","$","?","?","R","?"],"character_chosen":"IRONCLAD","items_purchased":["Pommel Strike","Shrug It Off"],"campfire_rested":3,"item_purchase_floors":[4,20],"current_hp_per_floor":[71,71,74,74,67,67,46,46,46,40,27,51,42,34,58,35,80,44,25,25,25,25,49,33,0],"gold":67,"neow_bonus":"ONE_RANDOM_RARE_CARD","is_prod":false,"is_daily":false,"chose_seed":false,"campfire_upgraded":2,"win_rate":0,"timestamp":1537812014,"path_taken":["M","?","?","$","?","R","E","R","T","M","E","R","M","M","R","BOSS","M","M","$","?","?","R","?","M"],"build_version":"2018-09-20","purchased_purges":2,"victory":false,"max_hp_per_floor":[80,80,80,80,80,80,80,80,80,80,80,80,80,80,80,80,80,80,80,80,80,80,80,80,80],"card_choices":[{"not_picked":["Warcry","Pummel","Uppercut"],"picked":"SKIP","floor":1},{"not_picked":["Clash","True Grit"],"picked":"Twin Strike","floor":3},{"not_picked":["Disarm","Body Slam","Clothesline"],"picked":"SKIP","floor":7},{"not_picked":["Headbutt","Uppercut","Twin Strike"],"picked":"SKIP","floor":10},{"not_picked":["Fire Breathing","Sword Boomerang"],"picked":"Thunderclap","floor":11},{"not_picked":["Thunderclap","True Grit","Armaments"],"picked":"SKIP","floor":13},{"not_picked":["True Grit","Warcry","Seeing Red"],"picked":"SKIP","floor":14},{"not_picked":["Warcry+1","Wild Strike"],"picked":"Shrug It Off","floor":18},{"not_picked":["Pommel Strike","Rage+1","Entrench"],"picked":"SKIP","floor":19}],"player_experience":401282,"relics_obtained":[{"floor":7,"key":"Art of War"},{"floor":9,"key":"Omamori"},{"floor":11,"key":"Calipers"},{"floor":24,"key":"Enchiridion"}],"event_choices":[{"event_name":"The Lab","player_choice":"Got Potions","floor":2,"damage_taken":0},{"event_name":"Golden Wing","player_choice":"Card Removal","floor":5,"damage_taken":0},{"event_name":"Ghosts","player_choice":"Ignored","floor":21,"damage_taken":0},{"event_name":"Beggar","player_choice":"Gave Gold","floor":22,"damage_taken":0},{"event_name":"Cursed Tome","player_choice":"Obtained Book","floor":24,"damage_taken":0}],"is_beta":false,"boss_relics":[{"not_picked":["Pandora\u0027s Box","Runic Pyramid"],"picked":"Black Star"}],"items_purged_floors":[4,20],"is_endless":false,"potions_floor_spawned":[3,11,13,16,19],"killed_by":"Snake Plant","ascension_level":2}