{"gold_per_floor":[111,130,146,146,158,158,184,149,173,173,204,47,57,73,73,171,171,181,201,218,218,43,43],"floor_reached":23,"playtime":1757,"items_purged":[],"score":223,"play_id":"7fbe8a42-d12b-4f65-8fb0-83f1c73257f2","local_time":"20190329012722","is_ascension_mode":true,"campfire_choices":[{"data":"Inflame","floor":6,"key":"SMITH"},{"data":"Corruption","floor":10,"key":"SMITH"},{"data":"Twin Strike","floor":15,"key":"SMITH"}],"neow_cost":"NONE","seed_source_timestamp":259311618948535,"circlet_count":0,"master_deck":["Strike_R","Strike_R","Strike_R","Strike_R","Strike_R","Defend_R","Defend_R","Defend_R+1","Defend_R+1","Bash+1","Combust+1","Shrug It Off","Inflame+1","Corruption+1","Carnage","Twin Strike+1","Barricade","Uppercut","Metallicize+1","Pommel Strike"],"relics":["Burning Blood","Happy Flower","Strawberry","Centennial Puzzle","Vajra","Philosopher\u0027s Stone","War Paint"],"potions_floor_usage":[7,7,16,19],"damage_taken":[{"damage":7,"enemies":"Jaw Worm","floor":1,"turns":3},{"damage":10,"enemies":"2 Louse","floor":2,"turns":3},{"damage":17,"enemies":"Small Slimes","floor":3,"turns":4},{"damage":6,"enemies":"Blue Slaver","floor":5,"turns":5},{"damage":28,"enemies":"Gremlin Nob","floor":7,"turns":4},{"damage":26,"enemies":"3 Sentries","floor":11,"turns":7},{"damage":1,"enemies":"Looter","floor":13,"turns":3},{"damage":13,"enemies":"Exordium Thugs","floor":14,"turns":5},{"damage":9,"enemies":"Hexaghost","floor":16,"turns":6},{"damage":28,"enemies":"Shell Parasite","floor":18,"turns":5},{"damage":11,"enemies":"2 Thieves","floor":19,"turns":3},{"damage":43,"enemies":"Shelled Parasite and Fungi","floor":20,"turns":7},{"damage":49,"enemies":"Book of Stabbing","floor":23,"turns":5}],"seed_played":"4735962382029373332","potions_obtained":[{"floor":1,"key":"Swift Potion"},{"floor":2,"key":"Poison Potion"},{"floor":3,"key":"SkillPotion"},{"floor":16,"key":"FairyPotion"},{"floor":18,"key":"SkillPotion"},{"floor":20,"key":"FairyPotion"}],"is_trial":false,"path_per_floor":["?","?","M","?"],"character_chosen":"IRONCLAD","items_purchased":["Vajra","War Paint","Pommel Strike"],"campfire_rested":0,"item_purchase_floors":[12,22,22],"current_hp_per_floor":[79,75,64,64,64,64,42,62,69,69,49,49,54,47,47,44,87,65,60,23,23,23,0],"gold":43,"neow_bonus":"UPGRADE_CARD","is_prod":false,"is_daily":false,"chose_seed":false,"campfire_upgraded":3,"win_rate":0,"timestamp":1553833642,"path_taken":["M","M","M","?","M","R","E","?","T","R","E","$","?","M","R","BOSS","M","M","M","?","$","E"],"build_version":"2019-01-23","purchased_purges":0,"victory":false,"max_hp_per_floor":[80,80,80,80,80,80,80,80,87,87,87,87,87,87,87,87,87,87,87,87,87,87,87],"card_choices":[{"not_picked":["Sentinel","Twin Strike"],"picked":"Combust","floor":1},{"not_picked":["Second Wind","Havoc","True Grit"],"picked":"SKIP","floor":2},{"not_picked":["Body Slam","Barricade"],"picked":"Shrug It Off","floor":3},{"not_picked":["Sword Boomerang","Iron Wave"],"picked":"Inflame","floor":5},{"not_picked":["Entrench","Havoc"],"picked":"Corruption","floor":7},{"not_picked":["Reckless Charge","Entrench","Sentinel"],"picked":"SKIP","floor":11},{"not_picked":["Clothesline","Headbutt"],"picked":"Carnage","floor":13},{"not_picked":["Perfected Strike","Sword Boomerang"],"picked":"Twin Strike","floor":14},{"not_picked":["Bludgeon","Impervious"],"picked":"Barricade","floor":16},{"not_picked":["Thunderclap","True Grit+1"],"picked":"Uppercut","floor":18},{"not_picked":["Sever Soul","Shrug It Off"],"picked":"Metallicize+1","floor":19},{"not_picked":["Pummel","Searing Blow","Anger"],"picked":"SKIP","floor":20}],"player_experience":480406,"relics_obtained":[{"floor":7,"key":"Happy Flower"},{"floor":9,"key":"Strawberry"},{"floor":11,"key":"Centennial Puzzle"}],"event_choices":[{"damage_healed":0,"gold_gain":0,"player_choice":"Grow","damage_taken":0,"max_hp_gain":0,"max_hp_loss":0,"event_name":"Living Wall","floor":4,"gold_loss":0,"cards_upgraded":["Combust"]},{"damage_healed":20,"gold_gain":0,"player_choice":"Healed","damage_taken":0,"max_hp_gain":0,"max_hp_loss":0,"event_name":"The Cleric","floor":8,"gold_loss":35},{"damage_healed":0,"gold_gain":0,"player_choice":"Ignored","damage_taken":0,"max_hp_gain":0,"max_hp_loss":0,"event_name":"Vampires","floor":21,"gold_loss":0}],"is_beta":false,"boss_relics":[{"not_picked":["Coffee Dripper","Fusion Hammer"],"picked":"Philosopher\u0027s Stone"}],"items_purged_floors":[],"is_endless":false,"potions_floor_spawned":[1,2,3,16,18,20],"killed_by":"Book of Stabbing","ascension_level":2}