{"gold_per_floor":[118,23,34,53,53,88,88,7,89,89,103,121,121],"floor_reached":13,"playtime":893,"items_purged":[],"score":85,"play_id":"ff8f0dba-cd2a-4591-9d1f-aaae9159b992","local_time":"20190228100445","is_ascension_mode":false,"campfire_choices":[{"data":"Juggernaut","floor":10,"key":"SMITH"}],"neow_cost":"NONE","seed_source_timestamp":38972002466928,"circlet_count":0,"master_deck":["Strike_R","Strike_R","Strike_R","Strike_R","Strike_R","Defend_R","Defend_R","Defend_R","Defend_R","Bash","Body Slam+1","Enlightenment","Juggernaut+1","Headbutt"],"relics":["Burning Blood","Pear","Gambling Chip","Dodecahedron"],"potions_floor_usage":[4,6,6],"damage_taken":[{"damage":9,"enemies":"Jaw Worm","floor":1,"turns":5},{"damage":2,"enemies":"2 Louse","floor":3,"turns":3},{"damage":1,"enemies":"Cultist","floor":4,"turns":3},{"damage":20,"enemies":"Gremlin Nob","floor":6,"turns":4},{"damage":9,"enemies":"Blue Slaver","floor":11,"turns":3},{"damage":15,"enemies":"3 Louse","floor":12,"turns":3},{"damage":65,"enemies":"3 Sentries","floor":13,"turns":12}],"seed_played":"6379903593625482968","potions_obtained":[{"floor":1,"key":"Explosive Potion"},{"floor":3,"key":"Explosive Potion"},{"floor":4,"key":"Explosive Potion"}],"is_trial":false,"path_per_floor":["?","T","?","M"],"character_chosen":"IRONCLAD","items_purchased":["Enlightenment"],"campfire_rested":0,"item_purchase_floors":[2],"current_hp_per_floor":[77,77,80,80,80,76,76,76,76,76,73,64,0],"gold":121,"neow_bonus":"THREE_CARDS","is_prod":false,"is_daily":false,"chose_seed":false,"campfire_upgraded":1,"win_rate":0,"timestamp":1551359085,"path_taken":["M","$","M","M","?","E","?","?","T","R","M","?","E"],"build_version":"2019-01-23","purchased_purges":0,"victory":false,"max_hp_per_floor":[80,80,80,80,80,90,90,90,90,90,90,90,90],"card_choices":[{"not_picked":["Pummel","Sword Boomerang"],"picked":"Body Slam","floor":0},{"not_picked":["Second Wind","Shockwave","Flex"],"picked":"SKIP","floor":1},{"not_picked":["Sever Soul","Perfected Strike","Havoc"],"picked":"SKIP","floor":3},{"not_picked":["Fire Breathing","Seeing Red","Havoc"],"picked":"SKIP","floor":4},{"not_picked":["Armaments","Combust"],"picked":"Juggernaut","floor":6},{"not_picked":["Heavy Blade","Anger","Flex"],"picked":"SKIP","floor":11},{"not_picked":["Second Wind","Dual Wield"],"picked":"Headbutt","floor":12}],"player_experience":239408,"relics_obtained":[{"floor":6,"key":"Pear"},{"floor":9,"key":"Dodecahedron"}],"event_choices":[{"damage_healed":0,"gold_gain":0,"player_choice":"Grow","damage_taken":0,"max_hp_gain":0,"max_hp_loss":0,"event_name":"Living Wall","floor":5,"gold_loss":0,"cards_upgraded":["Body Slam"]},{"damage_healed":0,"gold_gain":0,"player_choice":"Paid Gold","damage_taken":0,"relics_obtained":["Gambling Chip"],"max_hp_gain":0,"max_hp_loss":0,"event_name":"WeMeetAgain","floor":8,"gold_loss":81}],"is_beta":false,"boss_relics":[],"items_purged_floors":[],"is_endless":false,"potions_floor_spawned":[1,3,4],"killed_by":"3 Sentries","ascension_level":0}