{"gold_per_floor":[113,124,144,319,47,78,78,93,93,111,11,40,50,65,65,166,166,179,195,18,34,34,34,54,72,142,142,160,160,160,160,160,160],"floor_reached":33,"playtime":1894,"items_purged":["Doubt","Defend_G","Defend_G"],"score":263,"play_id":"864e3524-389a-4278-9497-f7f708a59cc1","local_time":"20180716101330","is_ascension_mode":false,"campfire_choices":[{"data":"Neutralize","floor":7,"key":"SMITH"},{"floor":15,"key":"REST"},{"floor":23,"key":"REST"},{"data":"Dash","floor":27,"key":"SMITH"},{"data":"Die Die Die","floor":29,"key":"SMITH"},{"data":"Sucker Punch","floor":32,"key":"SMITH"}],"neow_cost":"NONE","seed_source_timestamp":438335524494869,"circlet_count":0,"master_deck":["Defend_G","Defend_G","Defend_G","Strike_G","Strike_G","Strike_G","Strike_G","Strike_G","Survivor","Neutralize+1","Sucker Punch+1","Dash+1","Die Die Die+1","Terror","Dagger Spray"],"relics":["Velvet Choker","Sling","Question Card","Mercury Hourglass","Singing Bowl","Busted Crown","Ornamental Fan","Orichalcum"],"potions_floor_usage":[6,14,33,33],"damage_taken":[{"damage":0,"enemies":"Cultist","floor":1,"turns":4},{"damage":0,"enemies":"2 Louse","floor":2,"turns":3},{"damage":0,"enemies":"Small Slimes","floor":3,"turns":5},{"damage":12,"enemies":"Gremlin Nob","floor":6,"turns":5},{"damage":2,"enemies":"Red Slaver","floor":8,"turns":4},{"damage":0,"enemies":"Lots of Slimes","floor":10,"turns":3},{"damage":9,"enemies":"3 Sentries","floor":12,"turns":5},{"damage":6,"enemies":"Large Slime","floor":13,"turns":5},{"damage":0,"enemies":"Blue Slaver","floor":14,"turns":2},{"damage":29,"enemies":"The Guardian","floor":16,"turns":10},{"damage":1,"enemies":"2 Thieves","floor":18,"turns":4},{"damage":17,"enemies":"Spheric Guardian","floor":19,"turns":4},{"damage":5,"enemies":"Centurion and Healer","floor":21,"turns":7},{"damage":7,"enemies":"Cultist and Chosen","floor":24,"turns":5},{"damage":9,"enemies":"Snecko","floor":25,"turns":4},{"damage":0,"enemies":"Centurion and Healer","floor":28,"turns":7},{"damage":14,"enemies":"Snake Plant","floor":31,"turns":3},{"damage":63,"enemies":"Champ","floor":33,"turns":6}],"seed_played":"-2643161696968479849","potions_obtained":[{"floor":2,"key":"EssenceOfSteel"},{"floor":6,"key":"Swift Potion"},{"floor":10,"key":"Weak Potion"},{"floor":13,"key":"Poison Potion"},{"floor":16,"key":"Poison Potion"}],"is_trial":false,"path_per_floor":["M","M","M","?","$","E","R","M","T","M","$","E","M","M","R","B",null,"M","M","$","M","?","R","M","M","T","R","M","R","T","M","R"],"character_chosen":"THE_SILENT","items_purchased":["Sling","Strength Potion"],"campfire_rested":2,"item_purchase_floors":[5,20],"current_hp_per_floor":[70,70,70,70,70,58,58,56,56,56,56,47,43,43,64,37,74,73,58,58,55,55,78,73,66,66,66,68,68,68,54,54,0],"gold":160,"neow_bonus":"BOSS_RELIC","is_prod":false,"is_daily":false,"chose_seed":false,"campfire_upgraded":4,"win_rate":0,"timestamp":1531750410,"path_taken":["M","M","M","?","$","E","R","M","T","?","$","E","M","M","R","BOSS","M","?","$","M","?","R","M","M","T","R","M","R","?","M","R","BOSS"],"build_version":"2018-07-12","purchased_purges":3,"victory":false,"max_hp_per_floor":[70,70,70,70,70,70,70,70,70,70,70,70,72,72,72,74,74,74,76,76,78,78,78,80,82,82,82,84,84,84,84,84,84],"card_choices":[{"not_picked":["Slice","Flying Knee","Dagger Throw"],"picked":"SKIP","floor":1},{"not_picked":["Noxious Fumes","Caltrops","Setup"],"picked":"SKIP","floor":2},{"not_picked":["Well Laid Plans","Flechettes","Flying Knee"],"picked":"SKIP","floor":3},{"not_picked":["Prepared","Outmaneuver","Well Laid Plans"],"picked":"SKIP","floor":6},{"not_picked":["Caltrops","Dodge and Roll","PiercingWail"],"picked":"Sucker Punch","floor":8},{"not_picked":["Well Laid Plans","Distraction","Bane"],"picked":"Dash","floor":10},{"not_picked":["Crippling Poison","Sucker Punch","Accuracy"],"picked":"Die Die Die","floor":12},{"not_picked":["Deflect","Deadly Poison","Dodge and Roll","Quick Slash"],"picked":"Singing Bowl","floor":13},{"not_picked":["Calculated Gamble","Prepared","Dagger Spray"],"picked":"Terror","floor":14},{"not_picked":["Storm of Steel","Night Terror","A Thousand Cuts","Bullet Time"],"picked":"Singing Bowl","floor":16},{"not_picked":["Catalyst"],"picked":"Dagger Spray","floor":18},{"not_picked":["Acrobatics","Noxious Fumes+1"],"picked":"Singing Bowl","floor":19},{"not_picked":["Blade Dance","Poisoned Stab"],"picked":"Singing Bowl","floor":21},{"not_picked":["Sucker Punch","Slice"],"picked":"Singing Bowl","floor":24},{"not_picked":["Quick Slash","All Out Attack+1"],"picked":"Singing Bowl","floor":25},{"not_picked":["Prepared","Slice"],"picked":"Singing Bowl","floor":28},{"not_picked":["Deflect","Sucker Punch"],"picked":"SKIP","floor":31}],"player_experience":255230,"relics_obtained":[{"floor":6,"key":"Question Card"},{"floor":9,"key":"Mercury Hourglass"},{"floor":12,"key":"Singing Bowl"},{"floor":26,"key":"Ornamental Fan"},{"floor":30,"key":"Orichalcum"}],"event_choices":[{"event_name":"Liars Game","player_choice":"agreed","floor":4,"damage_taken":0},{"event_name":"The Mausoleum","player_choice":"No","floor":22,"damage_taken":0}],"boss_relics":[{"not_picked":["Ectoplasm","Tiny House"],"picked":"Busted Crown"}],"items_purged_floors":[5,11,20],"is_endless":false,"potions_floor_spawned":[2,6,10,13,16,21,24,28],"killed_by":"Champ","ascension_level":0}