{"gold_per_floor":[109,79,97,97,97,97,22,36,105,122,136,136,136,146,146,146],"floor_reached":16,"playtime":359,"items_purged":["Normality"],"score":92,"play_id":"d1d7461a-851a-483c-ad43-a89f3db36d32","local_time":"20180706010758","is_ascension_mode":false,"campfire_choices":[{"data":"Thunderclap","floor":6,"key":"SMITH"},{"data":"Flex","floor":12,"key":"SMITH"},{"floor":15,"key":"REST"}],"neow_cost":"","seed_source_timestamp":1293416156209104,"circlet_count":0,"master_deck":["Strike_R","Strike_R","Strike_R","Strike_R","Strike_R","Defend_R","Defend_R","Defend_R","Defend_R","Bash","Thunderclap+1","Regret","Flex+1","Thunderclap"],"relics":["Burning Blood","Bronze Scales","Ice Cream","Smiling Mask","Omamori"],"potions_floor_usage":[3,11,11,16],"damage_taken":[{"damage":11,"enemies":"Jaw Worm","floor":1,"turns":2},{"damage":6,"enemies":"Cultist","floor":3,"turns":3},{"damage":14,"enemies":"Small Slimes","floor":8,"turns":3},{"damage":24,"enemies":"Exordium Thugs","floor":10,"turns":4},{"damage":6,"enemies":"Large Slime","floor":11,"turns":5},{"damage":13,"enemies":"Lots of Slimes","floor":14,"turns":2},{"damage":62,"enemies":"Hexaghost","floor":16,"turns":7}],"seed_played":"7118027143851517240","potions_obtained":[{"floor":1,"key":"SneckoOil"},{"floor":2,"key":"SpeedPotion"},{"floor":2,"key":"Fruit Juice"},{"floor":3,"key":"EssenceOfSteel"},{"floor":10,"key":"EssenceOfSteel"}],"is_trial":false,"path_per_floor":["M","?","M","?","?","R","$","M","T","M","M","R","?","M","R"],"character_chosen":"IRONCLAD","items_purchased":[],"campfire_rested":1,"item_purchase_floors":[],"current_hp_per_floor":[75,75,80,80,80,80,80,72,72,54,54,54,42,35,60,0],"gold":146,"neow_bonus":"","is_prod":false,"is_daily":false,"chose_seed":false,"campfire_upgraded":2,"win_rate":0.0,"timestamp":1530853678,"path_taken":["M","?","?","?","?","R","$","M","T","M","M","R","?","?","R","BOSS"],"build_version":"2018-06-28","purchased_purges":1,"victory":false,"max_hp_per_floor":[80,80,85,85,85,85,85,85,85,85,85,85,85,85,85,85],"card_choices":[{"not_picked":["Ghostly Armor","Perfected Strike"],"picked":"Thunderclap","floor":1},{"not_picked":["Twin Strike","Clash","Infernal Blade"],"picked":"SKIP","floor":3},{"not_picked":["Combust","Pommel Strike"],"picked":"Flex","floor":8},{"not_picked":["Clash","Anger","Entrench"],"picked":"SKIP","floor":10},{"not_picked":["Metallicize","Sentinel"],"picked":"Thunderclap","floor":11},{"not_picked":["Thunderclap","Reaper","Flame Barrier"],"picked":"SKIP","floor":14}],"player_experience":71826,"relics_obtained":[{"floor":9,"key":"Smiling Mask"}],"event_choices":[{"event_name":"The Woman in Blue","player_choice":"Bought 2 Potions","floor":2,"damage_taken":0},{"event_name":"Accursed Blacksmith","player_choice":"Rummage","floor":4,"damage_taken":0},{"event_name":"Big Fish","player_choice":"Box","floor":5,"damage_taken":0},{"event_name":"Scrap Ooze","player_choice":"success","floor":13,"damage_taken":12}],"boss_relics":[],"items_purged_floors":[7],"is_endless":false,"potions_floor_spawned":[1,3,10],"killed_by":"Hexaghost","ascension_level":0}