{"gold_per_floor":[215,215,290,90,105,105,405,423,473,487,487,508,523,537,537,537],"floor_reached":16,"playtime":274,"items_purged":["Zap"],"score":103,"play_id":"78f9106a-36df-42f4-b2d4-23ac8e4dcc12","local_time":"20180923215126","is_ascension_mode":true,"campfire_choices":[{"data":"Streamline","floor":6,"key":"SMITH"},{"data":"Defend_B","floor":11,"key":"SMITH"},{"floor":15,"key":"REST"}],"neow_cost":"NONE","seed_source_timestamp":211667137921315,"circlet_count":0,"master_deck":["Strike_B","Strike_B","Strike_B","Strike_B","Defend_B+1","Defend_B","Defend_B","Defend_B","Dualcast","Streamline+1","Gash","Gash"],"relics":["Cracked Core","Golden Idol","Old Coin","Lantern"],"potions_floor_usage":[12,14,16,16],"damage_taken":[{"damage":7,"enemies":"Jaw Worm","floor":1,"turns":3},{"damage":7,"enemies":"Small Slimes","floor":5,"turns":2},{"damage":6,"enemies":"Cultist","floor":8,"turns":3},{"damage":11,"enemies":"Looter","floor":10,"turns":2},{"damage":0,"enemies":"2 Fungi Beasts","floor":12,"turns":1},{"damage":5,"enemies":"Blue Slaver","floor":13,"turns":2},{"damage":0,"enemies":"Large Slime","floor":14,"turns":3},{"damage":49,"enemies":"Hexaghost","floor":16,"turns":9}],"seed_played":"6151048560278292583","potions_obtained":[{"floor":5,"key":"Weak Potion"},{"floor":12,"key":"PowerPotion"}],"is_trial":false,"path_per_floor":["M","?","?","$","M","R","T","M","T","M","R","M","M","M","R"],"character_chosen":"DEFECT","items_purchased":["Streamline","AttackPotion","SkillPotion"],"campfire_rested":1,"item_purchase_floors":[4,4,4],"current_hp_per_floor":[68,68,57,57,50,50,50,44,44,33,33,33,28,28,48,0],"gold":537,"neow_bonus":"HUNDRED_GOLD","is_prod":false,"is_daily":false,"chose_seed":false,"campfire_upgraded":2,"win_rate":0,"timestamp":1537753886,"path_taken":["M","?","?","$","M","R","?","?","T","M","R","M","M","M","R","BOSS"],"build_version":"2018-09-20","purchased_purges":1,"victory":false,"max_hp_per_floor":[75,69,69,69,69,69,69,69,69,69,69,69,69,69,69,69],"card_choices":[{"not_picked":["Compile Driver","Steam","Go for the Eyes"],"picked":"SKIP","floor":1},{"not_picked":["Stack","Undo","Barrage"],"picked":"SKIP","floor":5},{"not_picked":["Rainbow","Force Field","Rebound"],"picked":"SKIP","floor":8},{"not_picked":["Ball Lightning","Auto Shields","Glacier"],"picked":"SKIP","floor":10},{"not_picked":["Tempest","Leap"],"picked":"Gash","floor":12},{"not_picked":["Cold Snap","Redo","Glacier"],"picked":"SKIP","floor":13},{"not_picked":["Beam Cell","Stack"],"picked":"Gash","floor":14}],"player_experience":388984,"relics_obtained":[{"floor":7,"key":"Old Coin"},{"floor":9,"key":"Lantern"}],"event_choices":[{"event_name":"Golden Idol","player_choice":"Lose Max HP","floor":2,"damage_taken":0},{"event_name":"World of Goop","player_choice":"Gather Gold","floor":3,"damage_taken":0}],"is_beta":false,"boss_relics":[],"items_purged_floors":[4],"is_endless":false,"potions_floor_spawned":[5,12,13],"killed_by":"Hexaghost","ascension_level":2}