{"gold_per_floor":[115,190,39,56,66,66,96,96,96,96,113,9,19,50,62,173,185,214,243,255],"floor_reached":20,"playtime":739,"items_purged":[],"score":202,"play_id":"78b5f754-2540-4974-be04-42ca53fe7542","local_time":"20190324171740","is_ascension_mode":true,"campfire_choices":[{"data":"Static Discharge","floor":6,"key":"SMITH"},{"floor":8,"key":"REST"},{"floor":10,"key":"REST"},{"data":"Static Discharge","floor":15,"key":"SMITH"}],"neow_cost":"NONE","seed_source_timestamp":7842332799080499,"circlet_count":0,"master_deck":["Strike_B","Strike_B","Strike_B","Strike_B","Defend_B","Defend_B","Defend_B","Defend_B","Zap","Dualcast","Static Discharge+1","BootSequence","Sweeping Beam","Chaos","Static Discharge+1","Ball Lightning","Cold Snap","Multi-Cast","Barrage"],"relics":["Cracked Core","Lantern","Turnip","Blue Candle","MawBank"],"potions_floor_usage":[1,1,1,5,14,16,19],"damage_taken":[{"damage":7,"enemies":"Jaw Worm","floor":1,"turns":3},{"damage":6,"enemies":"Cultist","floor":4,"turns":3},{"damage":0,"enemies":"Small Slimes","floor":5,"turns":3},{"damage":35,"enemies":"Lagavulin","floor":7,"turns":6},{"damage":0,"enemies":"3 Louse","floor":11,"turns":3},{"damage":4,"enemies":"2 Fungi Beasts","floor":13,"turns":3},{"damage":9,"enemies":"3 Sentries","floor":14,"turns":4},{"damage":38,"enemies":"The Guardian","floor":16,"turns":7},{"damage":20,"enemies":"3 Byrds","floor":18,"turns":3},{"damage":42,"enemies":"2 Thieves","floor":19,"turns":3},{"damage":14,"enemies":"Snake Plant","floor":20,"turns":2}],"seed_played":"-2573595908179557697","potions_obtained":[{"floor":0,"key":"SkillPotion"},{"floor":0,"key":"GamblersBrew"},{"floor":0,"key":"SkillPotion"},{"floor":1,"key":"SkillPotion"},{"floor":4,"key":"LiquidBronze"},{"floor":11,"key":"FocusPotion"},{"floor":16,"key":"FearPotion"},{"floor":18,"key":"LiquidBronze"}],"is_trial":false,"path_per_floor":["M","?","$","M","M","R","E","R","T","R","M","$","M","E","R","B",null,"M","M","M"],"character_chosen":"DEFECT","items_purchased":["Lantern","Static Discharge","Ball Lightning"],"campfire_rested":2,"item_purchase_floors":[3,12,12],"current_hp_per_floor":[68,57,57,51,51,51,16,38,38,60,60,60,56,47,47,9,75,55,13,0],"gold":255,"neow_bonus":"THREE_SMALL_POTIONS","is_prod":false,"is_daily":false,"chose_seed":false,"campfire_upgraded":2,"win_rate":0,"timestamp":1553462260,"path_taken":["M","?","$","M","M","R","E","R","T","R","M","?","M","E","R","BOSS","M","?","M"],"build_version":"2019-01-23","purchased_purges":0,"victory":false,"max_hp_per_floor":[75,75,75,75,75,75,75,75,75,75,75,75,75,75,75,75,75,75,75,75],"card_choices":[{"not_picked":["Barrage","Compile Driver"],"picked":"Static Discharge","floor":1},{"not_picked":["Scrape","Turbo"],"picked":"BootSequence","floor":4},{"not_picked":["Compile Driver","Rebound"],"picked":"Sweeping Beam","floor":5},{"not_picked":["Conserve Battery","Fusion","Hologram"],"picked":"SKIP","floor":7},{"not_picked":["Conserve Battery","Fusion","Hologram"],"picked":"SKIP","floor":7},{"not_picked":["Chill","Streamline"],"picked":"Chaos","floor":11},{"not_picked":["Recycle","Stack"],"picked":"Cold Snap","floor":13},{"not_picked":["Sweeping Beam","Turbo"],"picked":"Multi-Cast","floor":14},{"not_picked":["Beam Cell","Defragment"],"picked":"Barrage","floor":18},{"not_picked":["Cold Snap","Hologram+1","Beam Cell"],"picked":"SKIP","floor":19}],"player_experience":464548,"relics_obtained":[{"floor":7,"key":"Turnip"},{"floor":9,"key":"Blue Candle"},{"floor":14,"key":"MawBank"}],"event_choices":[{"damage_healed":0,"gold_gain":75,"player_choice":"Gather Gold","damage_taken":11,"max_hp_gain":0,"max_hp_loss":0,"event_name":"World of Goop","floor":2,"gold_loss":0}],"is_beta":false,"boss_relics":[{"not_picked":[]}],"items_purged_floors":[],"is_endless":false,"potions_floor_spawned":[1,4,11,16,18],"killed_by":"Snake Plant","ascension_level":2}