{"gold_per_floor":[215,225,239,254,269,269,301,301,301,154,183,183,201,213,213,315,315,325,325,341,357,374,374,374],"floor_reached":24,"playtime":1547,"items_purged":["Strike_G"],"score":265,"play_id":"de923fcd-31e0-4cdb-a84f-64d9443dc294","local_time":"20190325150130","is_ascension_mode":true,"campfire_choices":[{"data":"Dash","floor":6,"key":"SMITH"},{"data":"Footwork","floor":8,"key":"SMITH"},{"data":"Footwork","floor":12,"key":"SMITH"},{"data":"Neutralize","floor":15,"key":"SMITH"},{"data":"Caltrops","floor":23,"key":"SMITH"}],"neow_cost":"NONE","seed_source_timestamp":14528519659200,"circlet_count":0,"master_deck":["Defend_G","Defend_G","Defend_G","Defend_G","Defend_G","Strike_G","Strike_G","Strike_G","Strike_G","Survivor","Neutralize+1","Dash+1","Footwork+1","Backstab","Footwork+1","Cloak And Dagger+1","Malaise","Caltrops+1","Backflip","Leg Sweep+1"],"relics":["Ring of the Snake","Tough Bandages","Bottled Tornado","Darkstone Periapt","Cursed Key"],"potions_floor_usage":[7,11,16,16,21,24],"damage_taken":[{"damage":0,"enemies":"2 Louse","floor":1,"turns":2},{"damage":0,"enemies":"Cultist","floor":2,"turns":4},{"damage":0,"enemies":"Jaw Worm","floor":3,"turns":4},{"damage":7,"enemies":"Exordium Wildlife","floor":4,"turns":8},{"damage":0,"enemies":"Large Slime","floor":5,"turns":7},{"damage":16,"enemies":"3 Sentries","floor":7,"turns":10},{"damage":1,"enemies":"Gremlin Nob","floor":11,"turns":6},{"damage":5,"enemies":"Gremlin Gang","floor":13,"turns":7},{"damage":0,"enemies":"Exordium Thugs","floor":14,"turns":6},{"damage":30,"enemies":"Slime Boss","floor":16,"turns":26},{"damage":0,"enemies":"Chosen","floor":18,"turns":7},{"damage":0,"enemies":"3 Byrds","floor":20,"turns":7},{"damage":0,"enemies":"Snecko","floor":21,"turns":7},{"damage":5,"enemies":"Sentry and Sphere","floor":22,"turns":9},{"damage":58,"enemies":"Gremlin Leader","floor":24,"turns":8}],"seed_played":"-3984122783846654786","potions_obtained":[{"floor":1,"key":"Ancient Potion"},{"floor":2,"key":"EssenceOfSteel"},{"floor":4,"key":"EssenceOfSteel"},{"floor":5,"key":"Fire Potion"},{"floor":11,"key":"SkillPotion"},{"floor":18,"key":"Ancient Potion"},{"floor":22,"key":"LiquidBronze"}],"is_trial":false,"path_per_floor":["?","M","M"],"character_chosen":"THE_SILENT","items_purchased":["Footwork"],"campfire_rested":0,"item_purchase_floors":[10],"current_hp_per_floor":[70,70,70,63,63,63,47,47,47,47,46,46,41,41,41,11,55,55,55,55,55,50,50,0],"gold":374,"neow_bonus":"HUNDRED_GOLD","is_prod":false,"is_daily":false,"chose_seed":false,"campfire_upgraded":5,"win_rate":0,"timestamp":1553540490,"path_taken":["M","M","M","M","M","R","E","R","T","$","E","R","M","M","R","BOSS","M","?","?","M","?","R","E"],"build_version":"2019-01-23","purchased_purges":1,"victory":false,"max_hp_per_floor":[70,70,70,70,70,70,70,70,70,70,70,70,70,70,70,70,70,70,70,70,70,70,70,70],"card_choices":[{"not_picked":["Masterful Stab","Noxious Fumes"],"picked":"Dash","floor":1},{"not_picked":["Escape Plan","Heel Hook"],"picked":"Footwork","floor":2},{"not_picked":["Expertise","Deadly Poison","Distraction"],"picked":"SKIP","floor":3},{"not_picked":["Flechettes","Outmaneuver","Riddle With Holes"],"picked":"SKIP","floor":4},{"not_picked":["Sucker Punch","Poisoned Stab","Dodge and Roll"],"picked":"SKIP","floor":5},{"not_picked":["Deadly Poison","Finisher"],"picked":"Backstab","floor":7},{"not_picked":["Slice","Doppelganger"],"picked":"Cloak And Dagger","floor":11},{"not_picked":["Deflect","Dagger Throw","PiercingWail"],"picked":"SKIP","floor":13},{"not_picked":["Infinite Blades","Deadly Poison","Unload"],"picked":"SKIP","floor":14},{"not_picked":["Unload","Glass Knife"],"picked":"Malaise","floor":16},{"not_picked":["Flechettes","Leg Sweep","Quick Slash"],"picked":"SKIP","floor":18},{"not_picked":["Blur","Terror"],"picked":"Caltrops","floor":20},{"not_picked":["Poisoned Stab","Acrobatics"],"picked":"Backflip","floor":21},{"not_picked":["Expertise+1","Slice"],"picked":"Leg Sweep+1","floor":22}],"player_experience":282173,"relics_obtained":[{"floor":7,"key":"Tough Bandages"},{"floor":9,"key":"Bottled Tornado"},{"floor":11,"key":"Darkstone Periapt"}],"event_choices":[{"damage_healed":0,"gold_gain":0,"player_choice":"Upgraded","damage_taken":0,"max_hp_gain":0,"max_hp_loss":0,"event_name":"Upgrade Shrine","floor":19,"gold_loss":0,"cards_upgraded":["Cloak And Dagger"]}],"is_beta":false,"boss_relics":[{"not_picked":["Fusion Hammer","White Beast Statue"],"picked":"Cursed Key"}],"items_purged_floors":[10],"is_endless":false,"potions_floor_spawned":[1,2,4,5,11,18,22],"killed_by":"Gremlin Leader","ascension_level":5}