{"gold_per_floor":[110,110,110,125,136,136,151,151,151,151,185,185,260,14,14,110,110,120,155,167,19,34,34,34,34,61,81,97,97,111,131,131,131],"floor_reached":33,"playtime":981,"items_purged":["Writhe","Defend_R"],"score":272,"play_id":"485c8eba-a2fc-4e9b-a603-754f4e2a8a06","local_time":"20180801142330","is_ascension_mode":false,"campfire_choices":[{"data":"Offering","floor":6,"key":"SMITH"},{"data":"Sword Boomerang","floor":8,"key":"SMITH"},{"data":"Bash","floor":10,"key":"SMITH"},{"floor":12,"key":"REST"},{"data":"Flex","floor":15,"key":"SMITH"},{"floor":23,"key":"REST"},{"data":"Inflame","floor":25,"key":"SMITH"},{"data":"Sword Boomerang","floor":32,"key":"SMITH"}],"neow_cost":"NONE","seed_source_timestamp":1836673378195602,"circlet_count":0,"master_deck":["Defend_R","Defend_R","Defend_R","Bash+1","Offering+1","Sword Boomerang+1","Sword Boomerang+1","Flex+1","Inflame","Pommel Strike","Inflame+1","Shrug It Off","Bite","Bite","Bite","Bite","Bite","Clumsy","Battle Trance"],"relics":["Burning Blood","Dead Branch","Kunai","Shuriken","Cursed Key","Red Mask","Bag of Marbles"],"potions_floor_usage":[5,7],"damage_taken":[{"damage":17,"enemies":"Small Slimes","floor":1,"turns":3},{"damage":13,"enemies":"Jaw Worm","floor":4,"turns":2},{"damage":5,"enemies":"2 Louse","floor":5,"turns":3},{"damage":13,"enemies":"Red Slaver","floor":7,"turns":2},{"damage":39,"enemies":"3 Sentries","floor":11,"turns":6},{"damage":45,"enemies":"Hexaghost","floor":16,"turns":6},{"damage":5,"enemies":"Spheric Guardian","floor":18,"turns":2},{"damage":19,"floor":19,"turns":3},{"damage":24,"enemies":"2 Thieves","floor":20,"turns":3},{"damage":14,"enemies":"Cultist and Chosen","floor":22,"turns":3},{"damage":6,"enemies":"Chosen and Byrds","floor":27,"turns":3},{"damage":28,"enemies":"Snecko","floor":28,"turns":4},{"damage":10,"enemies":"Snake Plant","floor":30,"turns":3},{"damage":5,"enemies":"3 Cultists","floor":31,"turns":2},{"damage":87,"enemies":"Automaton","floor":33,"turns":6}],"seed_played":"5183916929357178255","potions_obtained":[{"floor":1,"key":"Regen Potion"},{"floor":5,"key":"Fruit Juice"},{"floor":16,"key":"Energy Potion"},{"floor":19,"key":"Weak Potion"},{"floor":22,"key":"Energy Potion"},{"floor":28,"key":"SteroidPotion"}],"is_trial":false,"path_per_floor":["M","?","?","M","M","R","M","R","T","R","E","R","?","$","R","B",null,"M","?","M","$","M","R","?","R","T","M","M","$","M","M","R"],"character_chosen":"IRONCLAD","items_purchased":["Flex","Inflame","Pommel Strike","Shrug It Off"],"campfire_rested":2,"item_purchase_floors":[14,14,14,21],"current_hp_per_floor":[69,69,69,62,72,72,70,70,70,70,37,62,51,51,51,12,85,85,72,54,54,46,71,59,59,59,59,41,41,45,54,54,0],"gold":131,"neow_bonus":"ONE_RANDOM_RARE_CARD","is_prod":false,"is_daily":false,"chose_seed":false,"campfire_upgraded":6,"win_rate":0,"timestamp":1533147810,"path_taken":["M","?","?","M","M","R","M","R","T","R","E","R","?","?","R","BOSS","M","?","M","$","M","R","?","R","T","M","M","$","M","M","R","BOSS"],"build_version":"2018-07-26","purchased_purges":2,"victory":false,"max_hp_per_floor":[80,80,80,80,80,80,85,85,85,85,85,85,85,85,85,85,85,85,85,85,85,85,85,59,59,59,59,59,59,59,59,59,59],"card_choices":[{"not_picked":["Dual Wield","Heavy Blade","Reckless Charge"],"picked":"SKIP","floor":1},{"not_picked":["Anger","Clothesline"],"picked":"Sword Boomerang","floor":4},{"not_picked":["Evolve","Clothesline","Shockwave"],"picked":"SKIP","floor":5},{"not_picked":["Rage","Sentinel","Pummel"],"picked":"SKIP","floor":7},{"not_picked":["Impervious","Sentinel"],"picked":"Sword Boomerang","floor":11},{"not_picked":["Corruption","Cleave","Havoc"],"picked":"SKIP","floor":18},{"not_picked":["Corruption","Pommel Strike"],"picked":"Inflame","floor":20},{"not_picked":["Armaments","Body Slam","Havoc"],"picked":"SKIP","floor":22},{"not_picked":["Flex","Wild Strike"],"picked":"Battle Trance","floor":27},{"not_picked":["Searing Blow+1","Feel No Pain","True Grit"],"picked":"SKIP","floor":28},{"not_picked":["Shrug It Off","Limit Break","Metallicize"],"picked":"SKIP","floor":30},{"not_picked":["Heavy Blade","Perfected Strike","Pommel Strike+1"],"picked":"SKIP","floor":31}],"player_experience":315292,"relics_obtained":[{"floor":9,"key":"Kunai"},{"floor":11,"key":"Shuriken"},{"floor":19,"key":"Red Mask"},{"floor":26,"key":"Bag of Marbles"}],"event_choices":[{"event_name":"Big Fish","player_choice":"Box","floor":2,"damage_taken":0},{"event_name":"Transmorgrifier","player_choice":"Transform","floor":3,"damage_taken":0},{"event_name":"World of Goop","player_choice":"Gather Gold","floor":13,"damage_taken":0},{"event_name":"Masked Bandits","player_choice":"Fought over 120 gold","floor":19,"damage_taken":0},{"event_name":"Vampires","player_choice":"Became a vampire","floor":24,"damage_taken":0}],"is_beta":false,"boss_relics":[{"not_picked":["Pandora\u0027s Box","Black Blood"],"picked":"Cursed Key"}],"items_purged_floors":[14,21],"is_endless":false,"potions_floor_spawned":[1,5,16,19,22,28],"killed_by":"Automaton","ascension_level":0}