{"gold_per_floor":[117,5,5,17,27,27,54,69,69,19,33,33,33,53,53,155,155,174,192,192,13,30,57,57,17,17,17,17,17],"floor_reached":29,"playtime":2295,"items_purged":["Defend_R","Defend_R"],"score":243,"play_id":"d4445ddf-08fe-4945-8a32-9881b47a44d4","local_time":"20180704130302","is_ascension_mode":false,"campfire_choices":[{"data":"Infernal Blade","floor":6,"key":"SMITH"},{"data":"Twin Strike","floor":13,"key":"SMITH"},{"floor":15,"key":"REST"},{"data":"Reaper","floor":24,"key":"SMITH"},{"data":"Pommel Strike","floor":27,"key":"SMITH"}],"neow_cost":"NONE","seed_source_timestamp":1161577083974867,"circlet_count":0,"master_deck":["Strike_R","Strike_R","Strike_R","Strike_R","Strike_R","Defend_R+1","Bash","Warcry","Infernal Blade+1","Pummel+1","Heavy Blade+1","Clothesline","Fire Breathing+1","Twin Strike+1","Pommel Strike+1","Flex+1","Reaper+1","Battle Trance","Pummel","Flex+1","Berserk+1"],"relics":["Burning Blood","Frozen Egg 2","Pear","Coffee Dripper","Dodecahedron","War Paint"],"potions_floor_usage":[7,16,16,16,29],"damage_taken":[{"damage":11,"enemies":"Jaw Worm","floor":1,"turns":2},{"damage":6,"enemies":"Cultist","floor":4,"turns":3},{"damage":10,"enemies":"2 Louse","floor":5,"turns":3},{"damage":42,"enemies":"Lagavulin","floor":7,"turns":6},{"damage":9,"enemies":"Exordium Thugs","floor":8,"turns":4},{"damage":0,"enemies":"Large Slime","floor":11,"turns":3},{"damage":10,"enemies":"Looter","floor":14,"turns":2},{"damage":26,"enemies":"Slime Boss","floor":16,"turns":7},{"damage":32,"enemies":"3 Byrds","floor":18,"turns":5},{"damage":25,"enemies":"2 Thieves","floor":19,"turns":3},{"damage":32,"enemies":"Centurion and Healer","floor":22,"turns":5},{"damage":70,"enemies":"Book of Stabbing","floor":23,"turns":5},{"damage":25,"enemies":"Slaver and Parasite","floor":29,"turns":2}],"seed_played":"5333615614033989188","potions_obtained":[{"floor":5,"key":"Block Potion"},{"floor":8,"key":"PowerPotion"},{"floor":11,"key":"LiquidBronze"},{"floor":14,"key":"Ancient Potion"},{"floor":16,"key":"Block Potion"},{"floor":22,"key":"Dexterity Potion"},{"floor":23,"key":"SteroidPotion"},{"floor":25,"key":"Energy Potion"}],"is_trial":false,"path_per_floor":["M","$","?","M","M","R","E","M","T","$","M","?","R","M","R","B",null,"M","M","?","$","M","E","R","?","T","R","$"],"character_chosen":"IRONCLAD","items_purchased":["Infernal Blade","Twin Strike","Pummel"],"campfire_rested":1,"item_purchase_floors":[2,10,21],"current_hp_per_floor":[75,75,67,73,74,74,38,43,53,53,59,41,41,37,64,44,90,72,61,90,90,72,12,12,12,12,12,12,0],"gold":17,"neow_bonus":"REMOVE_CARD","is_prod":false,"is_daily":false,"chose_seed":false,"campfire_upgraded":4,"win_rate":0.0,"timestamp":1530723782,"path_taken":["M","$","?","M","M","R","E","M","T","?","M","?","R","M","R","BOSS","M","M","?","$","M","E","R","?","T","R","$","?"],"build_version":"2018-06-28","purchased_purges":2,"victory":false,"max_hp_per_floor":[80,80,80,80,80,80,80,80,90,90,90,90,90,90,90,90,90,90,90,90,90,90,90,90,90,90,90,90,90],"card_choices":[{"not_picked":["Body Slam","Blood for Blood"],"picked":"Warcry","floor":1},{"not_picked":["Body Slam","Warcry"],"picked":"Pummel","floor":4},{"not_picked":["Clothesline","Dual Wield"],"picked":"Heavy Blade","floor":5},{"not_picked":["Burning Pact","Armaments"],"picked":"Clothesline","floor":7},{"not_picked":["Iron Wave","Warcry"],"picked":"Fire Breathing+1","floor":8},{"not_picked":["Twin Strike","Sever Soul"],"picked":"Pommel Strike","floor":11},{"not_picked":["Thunderclap","Power Through"],"picked":"Flex","floor":14},{"not_picked":["Dark Embrace+1","Limit Break"],"picked":"Reaper","floor":16},{"not_picked":["Shrug It Off","Second Wind"],"picked":"Battle Trance","floor":18},{"not_picked":["Blood for Blood","Sever Soul+1"],"picked":"Rampage+1","floor":19},{"not_picked":["Pummel","Twin Strike"],"picked":"Flex+1","floor":22},{"not_picked":["Flex+1","Entrench"],"picked":"Berserk+1","floor":23}],"player_experience":3618,"relics_obtained":[{"floor":7,"key":"Frozen Egg 2"},{"floor":9,"key":"Pear"},{"floor":23,"key":"Dodecahedron"},{"floor":26,"key":"War Paint"}],"event_choices":[{"event_name":"Wheel of Change","player_choice":"Damage","floor":3,"damage_taken":0},{"event_name":"Shining Light","player_choice":"Entered Light","floor":12,"damage_taken":0},{"event_name":"Bonfire Elementals","player_choice":"UNCOMMON","floor":20,"damage_taken":0},{"event_name":"The Woman in Blue","player_choice":"Bought 3 Potions","floor":25,"damage_taken":0}],"boss_relics":[{"not_picked":["Black Blood","Astrolabe"],"picked":"Coffee Dripper"}],"items_purged_floors":[2,21],"is_endless":false,"potions_floor_spawned":[5,8,11,14,16,22,23],"killed_by":"Slaver and Parasite","ascension_level":0}