{"gold_per_floor":[111,111,36,47,47,47,78,78,151,151,163,163,6,23,23,119,119,139,139,39,58,75,75,94,104,189,189,199,22,22,22,22,22],"floor_reached":33,"playtime":991,"items_purged":["Defend_G","Defend_G","Strike_G"],"score":257,"play_id":"33d53146-b05d-4830-ba4d-f2101a4ae6eb","local_time":"20180924151831","is_ascension_mode":true,"campfire_choices":[{"data":"All Out Attack","floor":6,"key":"SMITH"},{"data":"Flying Knee","floor":8,"key":"SMITH"},{"data":"Neutralize","floor":10,"key":"SMITH"},{"data":"Strike_G","floor":12,"key":"SMITH"},{"data":"Adrenaline","floor":15,"key":"SMITH"},{"data":"Dagger Spray","floor":23,"key":"SMITH"},{"floor":27,"key":"REST"},{"floor":32,"key":"REST"}],"neow_cost":"","seed_source_timestamp":273777447037042,"circlet_count":0,"master_deck":["Defend_G","Defend_G","Defend_G","Strike_G","Strike_G+1","Strike_G","Survivor","Neutralize+1","All Out Attack+1","Flying Knee+1","Adrenaline+1","Dagger Spray+1","Backflip","Dagger Throw"],"relics":["Ring of the Snake","Strawberry","Dodecahedron","Mummified Hand","Sozu","Tiny Chest"],"potions_floor_usage":[7,16],"damage_taken":[{"damage":7,"enemies":"Small Slimes","floor":1,"turns":4},{"damage":2,"enemies":"2 Louse","floor":4,"turns":2},{"damage":30,"enemies":"Gremlin Nob","floor":7,"turns":6},{"damage":0,"enemies":"Jaw Worm","floor":11,"turns":2},{"damage":7,"enemies":"Blue Slaver","floor":14,"turns":3},{"damage":35,"enemies":"Hexaghost","floor":16,"turns":9},{"damage":0,"enemies":"3 Byrds","floor":18,"turns":4},{"damage":0,"enemies":"Spheric Guardian","floor":21,"turns":3},{"damage":0,"enemies":"Cultist and Chosen","floor":22,"turns":6},{"damage":32,"enemies":"Snake Plant","floor":24,"turns":5},{"damage":24,"enemies":"Centurion and Healer","floor":25,"turns":4},{"damage":3,"enemies":"Chosen and Byrds","floor":28,"turns":4},{"damage":85,"enemies":"Collector","floor":33,"turns":7}],"seed_played":"-2684142238989303237","potions_obtained":[{"floor":4,"key":"Regen Potion"},{"floor":7,"key":"Block Potion"},{"floor":14,"key":"Strength Potion"}],"is_trial":false,"path_per_floor":["M","?","$","M","?","R","E","R","T","R","M","R","$","M","R","B",null,"M","?","$","M","M","R","M","M","T","R","M","$","?","$","R"],"character_chosen":"THE_SILENT","items_purchased":["Adrenaline","Dagger Throw"],"campfire_rested":2,"item_purchase_floors":[13,29],"current_hp_per_floor":[63,70,70,68,68,68,50,50,50,50,50,50,50,43,43,8,77,77,77,77,77,77,77,45,21,21,44,41,41,41,41,64,0],"gold":22,"neow_bonus":"","is_prod":false,"is_daily":false,"chose_seed":false,"campfire_upgraded":6,"win_rate":0,"timestamp":1537816711,"path_taken":["M","?","$","M","?","R","E","R","T","R","M","R","$","?","R","BOSS","M","?","?","M","M","R","M","M","T","R","?","$","?","$","R","BOSS"],"build_version":"2018-09-20","purchased_purges":3,"victory":false,"max_hp_per_floor":[70,70,70,70,77,77,77,77,77,77,77,77,77,77,77,77,77,77,77,77,77,77,77,77,77,77,77,77,77,77,77,77,77],"card_choices":[{"not_picked":["Dagger Spray","Riddle With Holes"],"picked":"All Out Attack","floor":1},{"not_picked":["Noxious Fumes","Concentrate","Expertise"],"picked":"SKIP","floor":4},{"not_picked":["Prepared","Storm of Steel"],"picked":"Flying Knee","floor":7},{"not_picked":["Slice","Bouncing Flask","Bane"],"picked":"SKIP","floor":11},{"not_picked":["Slice","Endless Agony"],"picked":"Dagger Spray","floor":14},{"not_picked":["Dagger Spray","Leg Sweep","Deadly Poison"],"picked":"SKIP","floor":18},{"not_picked":["Blur+1","Catalyst"],"picked":"Backflip","floor":21},{"not_picked":["Finisher","Flechettes+1","Accuracy"],"picked":"SKIP","floor":22},{"not_picked":["Backflip","Concentrate+1","Caltrops"],"picked":"SKIP","floor":24},{"not_picked":["Dodge and Roll","Escape Plan","Outmaneuver"],"picked":"SKIP","floor":25},{"not_picked":["Poisoned Stab","Bane","Leg Sweep"],"picked":"SKIP","floor":28}],"player_experience":405505,"relics_obtained":[{"floor":7,"key":"Dodecahedron"},{"floor":9,"key":"Mummified Hand"},{"floor":26,"key":"Tiny Chest"}],"event_choices":[{"event_name":"Big Fish","player_choice":"Banana","floor":2,"damage_taken":0},{"event_name":"Scrap Ooze","player_choice":"success","floor":5,"damage_taken":7},{"event_name":"Bonfire Elementals","player_choice":"BASIC","floor":19,"damage_taken":0},{"event_name":"WeMeetAgain","player_choice":"Attack","floor":30,"damage_taken":0}],"is_beta":false,"boss_relics":[{"not_picked":["Tiny House","Runic Pyramid"],"picked":"Sozu"}],"items_purged_floors":[3,20,29],"is_endless":false,"potions_floor_spawned":[4,7,14,18,21,28],"killed_by":"Collector","ascension_level":1}