{"gold_per_floor":[117,129,176,188,204,204,219,219,219,219,239,250,266,285,285,387,387,397,417,417,417],"floor_reached":21,"playtime":674,"items_purged":[],"score":195,"play_id":"a89e728e-d250-4bbf-a7db-2740392fb5f3","local_time":"20180924090657","is_ascension_mode":true,"campfire_choices":[{"data":"Perfected Strike","floor":6,"key":"SMITH"},{"data":"Twin Strike","floor":10,"key":"SMITH"},{"data":"Whirlwind","floor":15,"key":"SMITH"}],"neow_cost":"NONE","seed_source_timestamp":251799633531042,"circlet_count":0,"master_deck":["Strike_R","Strike_R","Strike_R","Strike_R","Strike_R","Defend_R","Defend_R","Defend_R","Defend_R","Bash","Perfected Strike+1","Twin Strike+1","Twin Strike","Whirlwind+1","Flex","Shrug It Off+1"],"relics":["Burning Blood","Centennial Puzzle","Bag of Marbles","Bottled Flame","Philosopher\u0027s Stone","Nilry\u0027s Codex"],"potions_floor_usage":[4,5,7,11,16],"damage_taken":[{"damage":6,"enemies":"Cultist","floor":1,"turns":3},{"damage":9,"enemies":"Jaw Worm","floor":2,"turns":4},{"damage":0,"enemies":"Small Slimes","floor":4,"turns":2},{"damage":10,"enemies":"2 Fungi Beasts","floor":5,"turns":3},{"damage":0,"enemies":"Looter","floor":7,"turns":2},{"damage":6,"enemies":"Lots of Slimes","floor":11,"turns":2},{"damage":0,"enemies":"Red Slaver","floor":12,"turns":1},{"damage":0,"enemies":"Blue Slaver","floor":13,"turns":1},{"damage":0,"enemies":"Large Slime","floor":14,"turns":2},{"damage":70,"enemies":"The Guardian","floor":16,"turns":8},{"damage":16,"enemies":"Chosen","floor":18,"turns":2},{"damage":36,"enemies":"3 Byrds","floor":19,"turns":3},{"damage":16,"enemies":"Cultist and Chosen","floor":21,"turns":2}],"seed_played":"5005514488802126653","potions_obtained":[{"floor":0,"key":"Swift Potion"},{"floor":0,"key":"Ancient Potion"},{"floor":0,"key":"LiquidBronze"},{"floor":1,"key":"SkillPotion"},{"floor":4,"key":"Poison Potion"},{"floor":7,"key":"Explosive Potion"},{"floor":14,"key":"Ancient Potion"},{"floor":19,"key":"LiquidBronze"}],"is_trial":false,"path_per_floor":["M","M","T","M","M","R","M","T","T","R","M","M","M","M","R","B",null,"M","M","?"],"character_chosen":"IRONCLAD","items_purchased":[],"campfire_rested":0,"item_purchase_floors":[],"current_hp_per_floor":[80,77,77,80,76,76,80,80,80,80,80,80,80,80,80,16,80,70,40,24,8],"gold":417,"neow_bonus":"THREE_SMALL_POTIONS","is_prod":false,"is_daily":false,"chose_seed":false,"campfire_upgraded":3,"win_rate":0,"timestamp":1537794417,"path_taken":["M","?","?","M","M","R","M","?","T","R","M","?","?","M","R","BOSS","M","M","?","M"],"build_version":"2018-09-20","purchased_purges":0,"victory":false,"max_hp_per_floor":[80,80,80,80,80,80,80,80,80,80,80,80,80,80,80,80,80,80,80,80,80],"card_choices":[{"not_picked":["Pommel Strike","Power Through"],"picked":"Perfected Strike","floor":1},{"not_picked":["Burning Pact","Second Wind"],"picked":"Twin Strike","floor":2},{"not_picked":["Iron Wave","Reckless Charge","Sever Soul"],"picked":"SKIP","floor":4},{"not_picked":["Fire Breathing","Thunderclap","Armaments"],"picked":"SKIP","floor":5},{"not_picked":["Feel No Pain","Headbutt"],"picked":"Twin Strike","floor":7},{"not_picked":["Armaments","Heavy Blade"],"picked":"Whirlwind","floor":11},{"not_picked":["Carnage","Shrug It Off","Wild Strike"],"picked":"SKIP","floor":12},{"not_picked":["Sword Boomerang","Immolate"],"picked":"Flex","floor":13},{"not_picked":["True Grit","Thunderclap","Blood for Blood"],"picked":"SKIP","floor":14},{"not_picked":["True Grit","Anger","Havoc"],"picked":"SKIP","floor":18},{"not_picked":["Flex","Twin Strike"],"picked":"Shrug It Off+1","floor":19}],"player_experience":399302,"relics_obtained":[{"floor":3,"key":"Centennial Puzzle"},{"floor":8,"key":"Bag of Marbles"},{"floor":9,"key":"Bottled Flame"},{"floor":20,"key":"Nilry\u0027s Codex"}],"event_choices":[{"event_name":"Cursed Tome","player_choice":"Obtained Book","floor":20,"damage_taken":0}],"is_beta":false,"boss_relics":[{"not_picked":["Runic Pyramid","Lizard Tail"],"picked":"Philosopher\u0027s Stone"}],"items_purged_floors":[],"is_endless":false,"potions_floor_spawned":[1,4,7,14,19],"killed_by":"Cultist and Chosen","ascension_level":2}