{"gold_per_floor":[15,15,90,90,90,90,123,48,48,48,48,58,5,5,5,5],"floor_reached":16,"playtime":416,"items_purged":["Defend_G"],"score":94,"play_id":"6bf25efb-cabc-4ac2-af42-dd17c3ceee28","local_time":"20180713115959","is_ascension_mode":false,"campfire_choices":[{"data":"Footwork","floor":6,"key":"SMITH"},{"floor":11,"key":"REST"},{"floor":15,"key":"REST"}],"neow_cost":"NO_GOLD","seed_source_timestamp":186996769523947,"circlet_count":0,"master_deck":["Defend_G","Defend_G","Strike_G","Strike_G","Strike_G","Survivor","Neutralize","Footwork+1","Calculated Gamble","Sucker Punch","Quick Slash"],"relics":["Ring of the Snake","Frozen Egg 2","Vajra"],"potions_floor_usage":[7,7,16],"damage_taken":[{"damage":3,"enemies":"Jaw Worm","floor":1,"turns":4},{"damage":43,"enemies":"Gremlin Nob","floor":7,"turns":7},{"damage":2,"enemies":"Small Slimes","floor":12,"turns":3},{"damage":46,"enemies":"The Guardian","floor":16,"turns":14}],"seed_played":"7407609489216545043","potions_obtained":[{"floor":4,"key":"SneckoOil"},{"floor":4,"key":"SpeedPotion"},{"floor":4,"key":"SmokeBomb"},{"floor":7,"key":"SpeedPotion"},{"floor":12,"key":"Weak Potion"}],"is_trial":false,"path_per_floor":["M","?","?","?","?","R","E","$","T","$","R","M","$","?","R"],"character_chosen":"THE_SILENT","items_purchased":["Quick Slash"],"campfire_rested":2,"item_purchase_floors":[13],"current_hp_per_floor":[67,67,56,56,56,56,13,13,13,13,34,32,32,25,46,0],"gold":5,"neow_bonus":"TRANSFORM_TWO_CARDS","is_prod":false,"is_daily":false,"chose_seed":false,"campfire_upgraded":1,"win_rate":0,"timestamp":1531497599,"path_taken":["M","?","?","?","?","R","E","$","T","$","R","M","$","?","R","BOSS"],"build_version":"2018-07-12","purchased_purges":1,"victory":false,"max_hp_per_floor":[70,70,70,70,70,70,70,70,70,70,70,70,70,70,70,70],"card_choices":[{"not_picked":["Outmaneuver","Finisher","Endless Agony"],"picked":"SKIP","floor":1},{"not_picked":["Terror","Finisher","Malaise"],"picked":"SKIP","floor":7},{"not_picked":["Crippling Poison","Cloak And Dagger"],"picked":"Sucker Punch","floor":12}],"player_experience":248029,"relics_obtained":[{"floor":7,"key":"Frozen Egg 2"},{"floor":9,"key":"Vajra"}],"event_choices":[{"event_name":"The Cleric","player_choice":"Leave","floor":2,"damage_taken":0},{"event_name":"World of Goop","player_choice":"Gather Gold","floor":3,"damage_taken":0},{"event_name":"The Lab","player_choice":"Got Potions","floor":4,"damage_taken":0},{"event_name":"Living Wall","player_choice":"Forget","floor":5,"damage_taken":0},{"event_name":"Golden Wing","player_choice":"Card Removal","floor":14,"damage_taken":0}],"boss_relics":[],"items_purged_floors":[8],"is_endless":false,"potions_floor_spawned":[7,12],"killed_by":"The Guardian","ascension_level":0}