{"gold_per_floor":[115,215,215,215,215,215,248,119,119,140,153,5,5,28,28,157,157,182,195,195,70,91,91,110,141,165,165,178,191,191,191,191,310,310,331,331,397,411,117,155,155,189,189,212,232,250,274,294,294,294],"floor_reached":50,"playtime":1563,"items_purged":["Defend_R","Strike_R","Strike_R","Strike_R"],"score":604,"play_id":"a0d81a15-5a0c-4a34-b816-e2f1ad0de63e","local_time":"20180925154912","is_ascension_mode":true,"campfire_choices":[{"data":"Offering","floor":6,"key":"SMITH"},{"data":"Bludgeon","floor":13,"key":"SMITH"},{"data":"Flex","floor":15,"key":"SMITH"},{"data":"Bludgeon","floor":23,"key":"SMITH"},{"data":"Thunderclap","floor":27,"key":"SMITH"},{"floor":32,"key":"REST"},{"floor":41,"key":"REST"},{"floor":49,"key":"REST"}],"neow_cost":"NONE","seed_source_timestamp":361443873217759,"circlet_count":0,"master_deck":["Strike_R+1","Strike_R+1","Defend_R","Bash","Offering+1","PanicButton","Thunderclap+1","Flex+1","Bludgeon+1","Shrug It Off","Bludgeon+1","Shrug It Off","Flex+1"],"relics":["Burning Blood","Whetstone","Golden Idol","Bag of Preparation","Bronze Scales","Philosopher\u0027s Stone","Sundial","Boot","Girya","Sozu","Prayer Wheel","Red Skull","Orichalcum","Bottled Flame","Frozen Egg 2"],"potions_floor_usage":[7,22,24,33,33],"damage_taken":[{"damage":20,"enemies":"Small Slimes","floor":1,"turns":3},{"damage":7,"enemies":"Lagavulin","floor":7,"turns":5},{"damage":6,"enemies":"Cultist","floor":10,"turns":1},{"damage":0,"enemies":"2 Louse","floor":11,"turns":2},{"damage":6,"enemies":"2 Fungi Beasts","floor":14,"turns":1},{"damage":55,"enemies":"Hexaghost","floor":16,"turns":6},{"damage":6,"enemies":"3 Byrds","floor":18,"turns":2},{"damage":22,"enemies":"Chosen","floor":19,"turns":2},{"damage":6,"enemies":"Sentry and Sphere","floor":22,"turns":2},{"damage":0,"enemies":"Snake Plant","floor":24,"turns":1},{"damage":6,"enemies":"Book of Stabbing","floor":25,"turns":2},{"damage":14,"enemies":"Centurion and Healer","floor":28,"turns":3},{"damage":17,"enemies":"Chosen and Byrds","floor":29,"turns":3},{"damage":62,"enemies":"Automaton","floor":33,"turns":6},{"damage":27,"enemies":"3 Shapes","floor":35,"turns":3},{"damage":6,"enemies":"Mysterious Sphere","floor":37,"turns":2},{"damage":17,"enemies":"3 Darklings","floor":38,"turns":2},{"damage":25,"enemies":"Nemesis","floor":40,"turns":3},{"damage":27,"enemies":"2 Orb Walkers","floor":42,"turns":3},{"damage":6,"enemies":"Sphere and 2 Shapes","floor":44,"turns":2},{"damage":6,"enemies":"Reptomancer","floor":45,"turns":2},{"damage":6,"enemies":"3 Darklings","floor":46,"turns":3},{"damage":6,"enemies":"Maw","floor":47,"turns":4},{"damage":11,"enemies":"Sphere and 2 Shapes","floor":48,"turns":2},{"damage":48,"enemies":"Awakened One","floor":50,"turns":3}],"seed_played":"3177381809334215978","potions_obtained":[{"floor":1,"key":"Block Potion"},{"floor":14,"key":"Explosive Potion"},{"floor":16,"key":"Fire Potion"},{"floor":22,"key":"Ancient Potion"},{"floor":24,"key":"Regen Potion"}],"is_trial":false,"path_per_floor":["M","?","?","?","?","R","E","$","T","M","M","$","R","M","R","B",null,"M","M","?","$","M","R","M","E","T","R","M","M","$","T","R","B",null,"M","?","?","M","$","E","R","E","T","M","M","M","M","M","R"],"character_chosen":"IRONCLAD","items_purchased":["Flex","Shrug It Off","Red Skull"],"campfire_rested":3,"item_purchase_floors":[8,12,39],"current_hp_per_floor":[66,66,66,66,59,59,58,58,58,58,64,64,64,64,64,15,74,74,58,58,58,58,58,64,64,64,64,56,45,45,45,67,20,74,53,53,53,42,42,23,45,24,24,24,24,24,24,19,41,0],"gold":294,"neow_bonus":"RANDOM_COMMON_RELIC","is_prod":false,"is_daily":false,"chose_seed":false,"campfire_upgraded":5,"win_rate":0,"timestamp":1537904952,"path_taken":["M","?","?","?","?","R","E","$","T","M","?","$","R","M","R","BOSS","M","M","?","$","M","R","M","E","T","R","M","M","?","?","R","BOSS","M","?","?","M","$","E","R","E","T","?","M","M","?","M","R","BOSS"],"build_version":"2018-09-20","purchased_purges":4,"victory":false,"max_hp_per_floor":[80,80,74,74,74,74,74,74,74,74,74,74,74,74,74,74,74,74,74,74,74,74,74,74,74,74,74,74,74,74,74,74,74,74,74,74,74,74,74,74,74,74,74,74,74,74,74,74,74,74],"card_choices":[{"not_picked":["Corruption","Dropkick","Iron Wave"],"picked":"SKIP","floor":1},{"not_picked":["Heavy Blade","Twin Strike"],"picked":"Thunderclap","floor":7},{"not_picked":["Infernal Blade","Corruption","Body Slam"],"picked":"SKIP","floor":10},{"not_picked":["Clothesline","Heavy Blade"],"picked":"Bludgeon","floor":11},{"not_picked":["Heavy Blade","Hemokinesis","Whirlwind"],"picked":"SKIP","floor":14},{"not_picked":["Double Tap","Offering"],"picked":"Bludgeon","floor":16},{"not_picked":["Anger","Armaments","Clothesline"],"picked":"SKIP","floor":18},{"not_picked":["Perfected Strike","Carnage","Cleave"],"picked":"SKIP","floor":19},{"not_picked":["Blood for Blood","Iron Wave+1","Twin Strike"],"picked":"SKIP","floor":22},{"not_picked":["Seeing Red","Blood for Blood","Uppercut"],"picked":"SKIP","floor":24},{"not_picked":["Cleave+1","Heavy Blade"],"picked":"Shrug It Off","floor":25},{"not_picked":["Anger","Wild Strike+1","Clash"],"picked":"SKIP","floor":28},{"not_picked":["Reaper","Sword Boomerang","Sever Soul"],"picked":"SKIP","floor":29},{"not_picked":["Shockwave","Dropkick"],"picked":"Flex+1","floor":35},{"not_picked":["Iron Wave","Havoc+1","Second Wind"],"picked":"SKIP","floor":38},{"not_picked":["Searing Blow","Ghostly Armor","Havoc+1"],"picked":"SKIP","floor":38},{"not_picked":["Wild Strike+1","Metallicize","Blood for Blood+1"],"picked":"SKIP","floor":40},{"not_picked":["True Grit+1","Dark Embrace","Infernal Blade+1"],"picked":"SKIP","floor":42},{"not_picked":["Ghostly Armor+1","Thunderclap","Cleave+1"],"picked":"SKIP","floor":44},{"not_picked":["Bloodletting","Ghostly Armor","Thunderclap+1"],"picked":"SKIP","floor":44},{"not_picked":["Infernal Blade+1","Combust+1","True Grit"],"picked":"SKIP","floor":45},{"not_picked":["Dropkick","Iron Wave+1","Heavy Blade+1"],"picked":"SKIP","floor":45},{"not_picked":["Anger+1","Brutality+1","Armaments"],"picked":"SKIP","floor":46},{"not_picked":["Spot Weakness+1","Metallicize+1","Disarm"],"picked":"SKIP","floor":46},{"not_picked":["Infernal Blade","Thunderclap+1","Headbutt"],"picked":"SKIP","floor":47},{"not_picked":["Wild Strike+1","Spot Weakness+1","Clothesline"],"picked":"SKIP","floor":47},{"not_picked":["Fire Breathing+1","Heavy Blade","Burning Pact+1"],"picked":"SKIP","floor":48},{"not_picked":["True Grit","Juggernaut+1","Armaments+1"],"picked":"SKIP","floor":48}],"player_experience":413733,"relics_obtained":[{"floor":7,"key":"Bag of Preparation"},{"floor":9,"key":"Bronze Scales"},{"floor":25,"key":"Sundial"},{"floor":26,"key":"Boot"},{"floor":31,"key":"Girya"},{"floor":37,"key":"Prayer Wheel"},{"floor":40,"key":"Orichalcum"},{"floor":42,"key":"Bottled Flame"},{"floor":43,"key":"Frozen Egg 2"}],"event_choices":[{"event_name":"Golden Shrine","player_choice":"Pray","floor":2,"damage_taken":0},{"event_name":"Golden Idol","player_choice":"Lose Max HP","floor":3,"damage_taken":0},{"event_name":"Match and Keep!","player_choice":"2 cards matched","floor":4,"damage_taken":0},{"event_name":"Golden Wing","player_choice":"Card Removal","floor":5,"damage_taken":0},{"event_name":"Vampires","player_choice":"Ignored","floor":20,"damage_taken":0},{"event_name":"Bonfire Elementals","player_choice":"BASIC","floor":36,"damage_taken":0},{"event_name":"Mysterious Sphere","player_choice":"Fight","floor":37,"damage_taken":0}],"is_beta":false,"boss_relics":[{"not_picked":["Snecko Eye","Coffee Dripper"],"picked":"Philosopher\u0027s Stone"},{"not_picked":["Astrolabe","Runic Cube"],"picked":"Sozu"}],"items_purged_floors":[8,12,21,39],"is_endless":false,"potions_floor_spawned":[1,14,16,22,24,35,42,45,47,48],"killed_by":"Awakened One","ascension_level":2}