{"gold_per_floor":[118,118,130,130,130,130,143,40,92,65,65,38,38,74,74,194,194,218,218,239,255,128,128],"floor_reached":23,"playtime":798,"items_purged":["Injury"],"score":187,"play_id":"a9305279-003e-411d-8967-82a4b16a2722","local_time":"20180802092849","is_ascension_mode":false,"campfire_choices":[{"data":"Bash","floor":6,"key":"SMITH"},{"data":"Cleave","floor":13,"key":"SMITH"},{"floor":15,"key":"REST"}],"neow_cost":"NONE","seed_source_timestamp":1905577241115622,"circlet_count":0,"master_deck":["Strike_R","Strike_R","Strike_R","Strike_R","Strike_R","Defend_R","Bash+1","Cleave+1","Shrug It Off","Armaments","Shrug It Off","Shrug It Off","Juggernaut","Pommel Strike","Armaments+1"],"relics":["Empty Cage","Matryoshka","Juzu Bracelet","Pen Nib","Golden Idol","Centennial Puzzle","Lizard Tail"],"potions_floor_usage":[14,16],"damage_taken":[{"damage":10,"enemies":"Cultist","floor":1,"turns":4},{"damage":2,"enemies":"2 Louse","floor":3,"turns":2},{"damage":0,"enemies":"Small Slimes","floor":7,"turns":3},{"damage":24,"enemies":"Gremlin Nob","floor":14,"turns":4},{"damage":45,"enemies":"Slime Boss","floor":16,"turns":9},{"damage":15,"enemies":"Chosen","floor":18,"turns":6},{"damage":30,"enemies":"3 Byrds","floor":20,"turns":6},{"damage":20,"enemies":"3 Cultists","floor":21,"turns":5},{"damage":41,"enemies":"Slavers","floor":23,"turns":2}],"seed_played":"8835341640352439445","potions_obtained":[{"floor":7,"key":"Regen Potion"},{"floor":14,"key":"Explosive Potion"}],"is_trial":false,"path_per_floor":["M","$","M","?","?","R","M","$","T","$","?","$","R","E","R","B",null,"M","?","M","M","$"],"character_chosen":"IRONCLAD","items_purchased":["Shrug It Off","Armaments","Shrug It Off","Shrug It Off","Poison Potion"],"campfire_rested":1,"item_purchase_floors":[8,8,10,12,22],"current_hp_per_floor":[70,70,68,68,61,61,61,61,61,61,61,61,61,46,70,25,80,65,49,19,40,40,0],"gold":128,"neow_bonus":"BOSS_RELIC","is_prod":false,"is_daily":false,"chose_seed":false,"campfire_upgraded":2,"win_rate":0,"timestamp":1533216529,"path_taken":["M","?","M","?","?","R","M","$","T","?","?","$","R","E","R","BOSS","M","?","M","M","$","E"],"build_version":"2018-07-26","purchased_purges":1,"victory":false,"max_hp_per_floor":[80,80,80,80,80,80,80,80,80,80,80,80,80,80,80,80,80,80,80,80,80,80,80],"card_choices":[{"not_picked":["Clothesline","Havoc","Infernal Blade"],"picked":"SKIP","floor":1},{"not_picked":["Feel No Pain","Disarm"],"picked":"Body Slam","floor":3},{"not_picked":["Combust","Infernal Blade"],"picked":"Cleave","floor":7},{"not_picked":["Fire Breathing","Perfected Strike","Dropkick"],"picked":"SKIP","floor":14},{"not_picked":["Double Tap","Berserk"],"picked":"Juggernaut","floor":16},{"not_picked":["Warcry","Second Wind","True Grit+1"],"picked":"SKIP","floor":18},{"not_picked":["Feel No Pain","Combust+1"],"picked":"Pommel Strike","floor":20},{"not_picked":["Spot Weakness","Twin Strike"],"picked":"Armaments+1","floor":21}],"player_experience":323736,"relics_obtained":[{"floor":9,"key":"Juzu Bracelet"},{"floor":9,"key":"Pen Nib"},{"floor":14,"key":"Centennial Puzzle"}],"event_choices":[{"event_name":"WeMeetAgain","player_choice":"Card","floor":4,"damage_taken":0},{"event_name":"Golden Wing","player_choice":"Card Removal","floor":5,"damage_taken":0},{"event_name":"Golden Idol","player_choice":"Take Wound","floor":11,"damage_taken":0},{"event_name":"Cursed Tome","player_choice":"Obtained Book","floor":19,"damage_taken":0}],"is_beta":false,"boss_relics":[{"not_picked":["Eternal Feather","Snecko Eye"],"picked":"Lizard Tail"}],"items_purged_floors":[22],"is_endless":false,"potions_floor_spawned":[7,14],"killed_by":"Slavers","ascension_level":0}