{"gold_per_floor":[116,132,147,167,242,242,262,274,274,274,292,292,292,72,72,167,167,181,211,211,231,255,255,290,290,345,395,274,274,300,8,8,8],"floor_reached":33,"playtime":2448,"items_purged":["Writhe"],"score":273,"play_id":"f61498a0-8549-4608-a52f-46a1e9d500b0","local_time":"20190312193650","is_ascension_mode":false,"campfire_choices":[{"data":"Combust","floor":6,"key":"SMITH"},{"data":"Madness","floor":10,"key":"SMITH"},{"data":"Blood for Blood","floor":15,"key":"SMITH"},{"floor":23,"key":"REST"},{"floor":25,"key":"REST"},{"floor":29,"key":"REST"},{"data":"Dual Wield","floor":32,"key":"SMITH"}],"neow_cost":"NONE","seed_source_timestamp":934716014671592,"circlet_count":0,"master_deck":["Strike_R","Strike_R","Strike_R","Strike_R","Strike_R","Defend_R","Defend_R","Defend_R","Defend_R","Bash","Madness+1","Combust+1","Dual Wield+1","Disarm","Blood for Blood+1","Cleave","Shockwave","Inflame","Parasite","Blood for Blood","Rage+1","Iron Wave+1","Iron Wave+1","Headbutt","Dual Wield+1","Shrug It Off"],"relics":["Burning Blood","Blood Vial","Vajra","Sozu","Tiny Chest","MutagenicStrength","Ancient Tea Set","Ornamental Fan","Art of War","Potion Belt","Bottled Lightning"],"potions_floor_usage":[4,21,33],"damage_taken":[{"damage":6,"enemies":"Jaw Worm","floor":1,"turns":4},{"damage":0,"enemies":"Small Slimes","floor":2,"turns":4},{"damage":5,"enemies":"2 Louse","floor":3,"turns":2},{"damage":11,"enemies":"Exordium Wildlife","floor":4,"turns":6},{"damage":17,"enemies":"Large Slime","floor":7,"turns":5},{"damage":10,"enemies":"Looter","floor":8,"turns":3},{"damage":9,"enemies":"Exordium Thugs","floor":11,"turns":3},{"damage":39,"enemies":"Hexaghost","floor":16,"turns":6},{"damage":18,"enemies":"Shell Parasite","floor":18,"turns":4},{"damage":41,"enemies":"2 Thieves","floor":21,"turns":4},{"damage":60,"enemies":"Gremlin Leader","floor":24,"turns":7},{"damage":13,"enemies":"Slavers","floor":30,"turns":5},{"damage":65,"enemies":"Automaton","floor":33,"turns":10}],"seed_played":"-198979615116307036","potions_obtained":[{"floor":1,"key":"Weak Potion"},{"floor":3,"key":"SkillPotion"},{"floor":4,"key":"Weak Potion"},{"floor":11,"key":"Regen Potion"}],"is_trial":false,"path_per_floor":["?","?","?","$","?","?","T","?"],"character_chosen":"IRONCLAD","items_purchased":["Blood for Blood","Vajra","Headbutt","Bottled Lightning","Shrug It Off"],"campfire_rested":3,"item_purchase_floors":[14,14,28,31,31],"current_hp_per_floor":[80,80,80,75,64,64,53,49,49,49,46,46,66,66,66,35,80,68,68,68,44,44,68,16,40,40,40,40,64,59,59,59,0],"gold":8,"neow_bonus":"RANDOM_COLORLESS","is_prod":false,"is_daily":false,"chose_seed":false,"campfire_upgraded":4,"win_rate":0,"timestamp":1552430210,"path_taken":["M","M","M","M","?","R","M","M","T","R","M","?","?","?","R","BOSS","M","?","?","M","?","R","E","R","T","?","$","R","E","$","R","BOSS"],"build_version":"2019-01-23","purchased_purges":1,"victory":false,"max_hp_per_floor":[80,80,80,80,80,80,80,80,80,80,80,80,80,80,80,80,80,80,80,80,80,80,80,80,80,80,80,80,80,80,80,80,80],"card_choices":[{"not_picked":["Sword Boomerang","Flex"],"picked":"Combust","floor":1},{"not_picked":["Sentinel","Heavy Blade"],"picked":"Dual Wield","floor":2},{"not_picked":["Sentinel","True Grit"],"picked":"Disarm","floor":3},{"not_picked":["Spot Weakness","Pummel"],"picked":"Blood for Blood","floor":4},{"not_picked":["Burning Pact","Sword Boomerang"],"picked":"Cleave","floor":7},{"not_picked":["Heavy Blade","Warcry"],"picked":"Shockwave","floor":8},{"not_picked":["Reckless Charge","Pommel Strike"],"picked":"Inflame","floor":11},{"not_picked":["Bloodletting+1","Pommel Strike"],"picked":"Rage+1","floor":18},{"not_picked":["Sentinel","Clash"],"picked":"Iron Wave+1","floor":21},{"not_picked":["Heavy Blade+1","Reckless Charge"],"picked":"Iron Wave+1","floor":24},{"not_picked":["Shrug It Off","Metallicize"],"picked":"Dual Wield+1","floor":30}],"player_experience":297247,"relics_obtained":[{"floor":22,"key":"Ancient Tea Set"},{"floor":24,"key":"Ornamental Fan"},{"floor":26,"key":"Art of War"},{"floor":30,"key":"Potion Belt"}],"event_choices":[{"damage_healed":0,"gold_gain":75,"player_choice":"Gather Gold","damage_taken":11,"max_hp_gain":0,"max_hp_loss":0,"event_name":"World of Goop","floor":5,"gold_loss":0},{"damage_healed":0,"gold_gain":0,"player_choice":"Searched \u00271\u0027 times","damage_taken":0,"relics_obtained":["Blood Vial"],"max_hp_gain":0,"max_hp_loss":0,"event_name":"Dead Adventurer","floor":12,"gold_loss":0},{"damage_healed":20,"gold_gain":0,"player_choice":"Healed and dodged fight","damage_taken":0,"max_hp_gain":0,"max_hp_loss":0,"event_name":"Mushrooms","floor":13,"gold_loss":0,"cards_obtained":["Parasite"]},{"damage_healed":0,"gold_gain":0,"player_choice":"Opened","damage_taken":0,"relics_obtained":["Tiny Chest"],"max_hp_gain":0,"max_hp_loss":0,"event_name":"The Mausoleum","floor":19,"gold_loss":0,"cards_obtained":["Writhe"]},{"damage_healed":0,"gold_gain":0,"player_choice":"Inject Mutagens","damage_taken":0,"relics_obtained":["MutagenicStrength"],"max_hp_gain":0,"max_hp_loss":0,"event_name":"Drug Dealer","floor":20,"gold_loss":0},{"damage_healed":0,"gold_gain":100,"player_choice":"Bet on Murderer","damage_taken":0,"max_hp_gain":0,"max_hp_loss":0,"event_name":"The Joust","floor":27,"gold_loss":50}],"is_beta":false,"boss_relics":[{"not_picked":["White Beast Statue","Snecko Eye"],"picked":"Sozu"}],"items_purged_floors":[28],"is_endless":false,"potions_floor_spawned":[1,3,4,11,21,24],"killed_by":"Automaton","ascension_level":0}