{"gold_per_floor":[112,37,49,65,15,15,33,64,91,91,91,91,111,129,129,232,232,244,259,259,269,18,18,18],"floor_reached":24,"playtime":1754,"items_purged":["Defend_R","Defend_R"],"score":198,"play_id":"287fde23-0b9c-4ef0-a788-4efd100bb090","local_time":"20180705083037","is_ascension_mode":false,"campfire_choices":[{"data":"Anger","floor":6,"key":"SMITH"},{"floor":11,"key":"REST"},{"floor":15,"key":"REST"},{"data":"Thunderclap","floor":23,"key":"SMITH"}],"neow_cost":"NONE","seed_source_timestamp":1232179818735753,"circlet_count":0,"master_deck":["Strike_R","Strike_R","Strike_R","Strike_R","Strike_R","Defend_R","Bash","Demon Form","Twin Strike","Pommel Strike","Thunderclap+1","Anger+1","Fiend Fire","Infernal Blade","Shrug It Off","Dual Wield","Bludgeon","Spot Weakness","RitualDagger","Flex"],"special_seed":17717,"relics":["Burning Blood","Orichalcum","Black Star","Bag of Preparation"],"potions_floor_usage":[16,16,21],"damage_taken":[{"damage":18,"enemies":"Jaw Worm","floor":1,"turns":3},{"damage":15,"enemies":"Cultist","floor":3,"turns":4},{"damage":11,"enemies":"Small Slimes","floor":4,"turns":3},{"damage":20,"enemies":"Exordium Thugs","floor":7,"turns":3},{"damage":18,"enemies":"Lagavulin","floor":8,"turns":4},{"damage":12,"enemies":"Blue Slaver","floor":13,"turns":3},{"damage":11,"enemies":"Exordium Wildlife","floor":14,"turns":3},{"damage":38,"enemies":"Hexaghost","floor":16,"turns":6},{"damage":4,"enemies":"Spheric Guardian","floor":18,"turns":3},{"damage":21,"enemies":"3 Byrds","floor":19,"turns":6},{"damage":19,"enemies":"Snecko","floor":21,"turns":4},{"damage":51,"enemies":"Slavers","floor":24,"turns":3}],"seed_played":"4070236775150277508","potions_obtained":[{"floor":1,"key":"SpeedPotion"},{"floor":4,"key":"SkillPotion"},{"floor":14,"key":"Poison Potion"},{"floor":18,"key":"SpeedPotion"},{"floor":19,"key":"Fruit Juice"}],"is_trial":false,"path_per_floor":["M","$","M","M","$","R","M","E","T","?","R","$","M","M","R","B",null,"M","M","?","M","$","R"],"character_chosen":"IRONCLAD","items_purchased":["Anger","Bag of Preparation"],"campfire_rested":2,"item_purchase_floors":[5,22],"current_hp_per_floor":[68,68,59,54,54,54,40,28,28,28,52,52,46,41,65,33,80,80,65,59,51,51,51,0],"gold":18,"neow_bonus":"ONE_RANDOM_RARE_CARD","is_prod":false,"is_daily":false,"chose_seed":false,"campfire_upgraded":2,"win_rate":0.0,"timestamp":1530793837,"path_taken":["M","$","M","M","$","R","M","E","T","?","R","?","M","M","R","BOSS","M","M","?","M","$","R","E"],"build_version":"2018-06-28","purchased_purges":2,"victory":false,"max_hp_per_floor":[80,80,80,80,80,80,80,80,80,80,80,80,80,80,80,80,80,80,80,80,85,85,85,85],"card_choices":[{"not_picked":["Blood for Blood","Power Through"],"picked":"Twin Strike","floor":1},{"not_picked":["True Grit","Feel No Pain"],"picked":"Pommel Strike","floor":3},{"not_picked":["Rage","Corruption"],"picked":"Thunderclap","floor":4},{"not_picked":["Pommel Strike","Dropkick"],"picked":"Fiend Fire","floor":7},{"not_picked":["True Grit","Spot Weakness"],"picked":"Infernal Blade","floor":8},{"not_picked":["Entrench","Body Slam"],"picked":"Shrug It Off","floor":13},{"not_picked":["Body Slam","True Grit"],"picked":"Dual Wield","floor":14},{"not_picked":["Berserk","Impervious"],"picked":"Bludgeon","floor":16},{"not_picked":["True Grit","Rupture"],"picked":"Spot Weakness","floor":18},{"not_picked":["Dual Wield","Clothesline","Shrug It Off"],"picked":"SKIP","floor":19},{"not_picked":["Anger","Twin Strike"],"picked":"Flex","floor":21}],"player_experience":27253,"relics_obtained":[{"floor":8,"key":"Orichalcum"}],"event_choices":[{"event_name":"Wheel of Change","player_choice":"Card Removal","floor":10,"damage_taken":0},{"event_name":"Nest","player_choice":"Joined the Cult","floor":20,"damage_taken":0}],"boss_relics":[{"not_picked":["Sozu","Coffee Dripper"],"picked":"Black Star"}],"items_purged_floors":[2,22],"is_endless":false,"potions_floor_spawned":[1,4,14,18,19],"killed_by":"Slavers","ascension_level":0}