{"gold_per_floor":[116,130,149,74,84,84,96,131,131,131,161,172,72,87,87,184,184,204,215,43,43,43,68,68,20,69,69,69,81,81,95,95,193,223,241,254,254,267,114,114,129,129,152,163,163,176,204,216,216,216],"floor_reached":50,"playtime":1614,"items_purged":["Defend_R","Defend_R","Strike_R"],"score":596,"play_id":"62cb65e7-9b6e-4a3a-ac60-c6c9557c83de","local_time":"20180710111356","is_ascension_mode":false,"campfire_choices":[{"floor":6,"key":"REST"},{"data":"Flex","floor":15,"key":"SMITH"},{"floor":24,"key":"REST"},{"floor":27,"key":"REST"},{"floor":30,"key":"REST"},{"floor":32,"key":"REST"},{"floor":40,"key":"REST"},{"floor":42,"key":"REST"},{"floor":45,"key":"REST"},{"floor":49,"key":"REST"}],"neow_cost":"TEN_PERCENT_HP_LOSS","seed_source_timestamp":1674127276927519,"circlet_count":0,"master_deck":["Strike_R+1","Strike_R+1","Strike_R+1","Strike_R+1","Defend_R+1","Defend_R+1","Bash","Inflame","Flex","Battle Trance","Bash+1","Flex+1","Heavy Blade+1","Thunderclap+1","Carnage+1","Offering+1","Whirlwind+1","Whirlwind+1","Offering"],"relics":["Burning Blood","Torii","Singing Bowl","Molten Egg 2","Fusion Hammer","Letter Opener","Dream Catcher","Tiny House","Vajra","Boot","Question Card"],"potions_floor_usage":[5,8,8,16,19,23,33,33,33,44,48,50,50],"damage_taken":[{"damage":10,"enemies":"Cultist","floor":1,"turns":4},{"damage":2,"enemies":"Small Slimes","floor":2,"turns":3},{"damage":0,"enemies":"2 Louse","floor":3,"turns":3},{"damage":38,"enemies":"Exordium Wildlife","floor":5,"turns":6},{"damage":1,"enemies":"Looter","floor":7,"turns":4},{"damage":41,"enemies":"3 Sentries","floor":8,"turns":8},{"damage":2,"enemies":"3 Louse","floor":12,"turns":3},{"damage":0,"enemies":"Large Slime","floor":14,"turns":4},{"damage":24,"enemies":"Hexaghost","floor":16,"turns":7},{"damage":2,"enemies":"Chosen","floor":18,"turns":3},{"damage":0,"enemies":"Spheric Guardian","floor":19,"turns":3},{"damage":20,"enemies":"Book of Stabbing","floor":23,"turns":4},{"damage":13,"enemies":"3 Cultists","floor":29,"turns":4},{"damage":0,"enemies":"Snake Plant","floor":31,"turns":2},{"damage":29,"enemies":"Champ","floor":33,"turns":4},{"damage":40,"enemies":"3 Darklings","floor":35,"turns":3},{"damage":19,"enemies":"3 Shapes","floor":36,"turns":1},{"damage":14,"enemies":"3 Darklings","floor":38,"turns":3},{"damage":31,"enemies":"Maw","floor":41,"turns":5},{"damage":23,"enemies":"Sphere and 2 Shapes","floor":44,"turns":3},{"damage":4,"enemies":"3 Darklings","floor":46,"turns":1},{"damage":8,"enemies":"2 Orb Walkers","floor":47,"turns":1},{"damage":35,"enemies":"Maw","floor":48,"turns":5},{"damage":128,"enemies":"Awakened One","floor":50,"turns":6}],"seed_played":"2471507298401779762","potions_obtained":[{"floor":2,"key":"Swift Potion"},{"floor":5,"key":"SkillPotion"},{"floor":7,"key":"GamblersBrew"},{"floor":8,"key":"Energy Potion"},{"floor":12,"key":"Explosive Potion"},{"floor":18,"key":"Swift Potion"},{"floor":23,"key":"BloodPotion"},{"floor":29,"key":"SteroidPotion"},{"floor":33,"key":"Strength Potion"},{"floor":34,"key":"Dexterity Potion"},{"floor":38,"key":"Regen Potion"},{"floor":41,"key":"Swift Potion"},{"floor":46,"key":"FearPotion"},{"floor":47,"key":"SteroidPotion"}],"is_trial":false,"path_per_floor":["M","M","M","$","M","R","M","E","T","?","?","M","$","M","R","B",null,"M","M","$","?","?","E","R","$","T","R","?","M","R","M","R","B",null,"M","M","?","M","$","R","M","R","T","M","R","M","E","M","R"],"character_chosen":"IRONCLAD","items_purchased":["Heavy Blade+1","Strength Potion","Vajra"],"campfire_rested":9,"item_purchase_floors":[20,25,39],"current_hp_per_floor":[68,72,72,72,40,61,66,33,33,33,33,37,37,45,45,29,78,80,82,82,82,82,70,84,84,84,84,84,79,86,88,88,75,95,63,50,50,44,44,75,52,84,84,74,108,109,109,82,115,0],"gold":216,"neow_bonus":"ONE_RARE_RELIC","is_prod":false,"is_daily":false,"chose_seed":false,"campfire_upgraded":1,"win_rate":0,"timestamp":1531235636,"path_taken":["M","?","M","$","M","R","M","E","T","?","?","M","$","?","R","BOSS","M","M","$","?","?","E","R","$","T","R","?","M","R","?","R","BOSS","M","M","?","M","$","R","M","R","T","M","R","M","E","M","R","BOSS"],"build_version":"2018-07-05","purchased_purges":3,"victory":false,"max_hp_per_floor":[72,72,72,72,72,72,72,74,74,74,74,74,74,76,76,78,78,80,82,82,82,82,84,84,84,84,84,84,86,86,88,88,90,95,97,97,97,99,99,101,103,105,105,107,109,109,111,113,115,115],"card_choices":[{"not_picked":["Perfected Strike","Twin Strike"],"picked":"Inflame","floor":1},{"not_picked":["Hemokinesis","Corruption","Pummel"],"picked":"SKIP","floor":2},{"not_picked":["Clothesline","True Grit"],"picked":"Flex","floor":3},{"not_picked":["Twin Strike","Flame Barrier"],"picked":"Battle Trance","floor":5},{"not_picked":["Uppercut","Burning Pact","Corruption"],"picked":"SKIP","floor":7},{"not_picked":["Body Slam","Seeing Red","Iron Wave"],"picked":"Singing Bowl","floor":8},{"not_picked":["Fire Breathing","Evolve"],"picked":"Flex","floor":12},{"not_picked":["Shrug It Off","Entrench","Wild Strike+1"],"picked":"Singing Bowl","floor":14},{"not_picked":["Impervious","Fiend Fire+1","Reaper+1"],"picked":"Singing Bowl","floor":16},{"not_picked":["Shrug It Off+1","Dual Wield","Cleave+1"],"picked":"Singing Bowl","floor":18},{"not_picked":["Iron Wave+1","Carnage+1","Dual Wield"],"picked":"Singing Bowl","floor":19},{"not_picked":["Body Slam+1","Clash+1","Wild Strike+1"],"picked":"Singing Bowl","floor":23},{"not_picked":["Rupture+1","Anger+1"],"picked":"Thunderclap+1","floor":27},{"not_picked":["Fiend Fire+1","Havoc","Power Through+1"],"picked":"Singing Bowl","floor":29},{"not_picked":["Rage+1","Body Slam+1"],"picked":"Carnage+1","floor":30},{"not_picked":["Fire Breathing+1","Twin Strike+1","Clothesline+1"],"picked":"Singing Bowl","floor":31},{"not_picked":["Armaments","Battle Trance+1"],"picked":"Offering","floor":32},{"not_picked":["Barricade","Double Tap","Immolate+1"],"picked":"Singing Bowl","floor":33},{"not_picked":["Pommel Strike+1","Twin Strike+1"],"picked":"Whirlwind+1","floor":34},{"not_picked":["Twin Strike+1","Feel No Pain","Infernal Blade+1"],"picked":"Singing Bowl","floor":35},{"not_picked":["Rupture","Heavy Blade+1"],"picked":"Whirlwind+1","floor":36},{"not_picked":["Pummel+1","Rampage+1","Whirlwind+1"],"picked":"Singing Bowl","floor":38},{"not_picked":["Body Slam+1","Shrug It Off+1","Iron Wave+1"],"picked":"Singing Bowl","floor":40},{"not_picked":["Entrench+1","Body Slam+1","Spot Weakness+1"],"picked":"Singing Bowl","floor":41},{"not_picked":["Infernal Blade","Cleave+1","Barricade"],"picked":"Singing Bowl","floor":42},{"not_picked":["Havoc+1","Anger+1","Flex"],"picked":"Singing Bowl","floor":44},{"not_picked":["Body Slam+1","Headbutt+1","Shrug It Off+1"],"picked":"Singing Bowl","floor":45},{"not_picked":["Whirlwind+1","Power Through+1"],"picked":"Offering","floor":46},{"not_picked":["Pommel Strike+1","Corruption","Sword Boomerang+1"],"picked":"Singing Bowl","floor":47},{"not_picked":["Perfected Strike+1","Thunderclap+1","Pommel Strike+1","Cleave+1"],"picked":"Singing Bowl","floor":48},{"not_picked":["Sword Boomerang+1","Anger+1","Feel No Pain","Wild Strike+1"],"picked":"Singing Bowl","floor":49}],"player_experience":177779,"relics_obtained":[{"floor":8,"key":"Singing Bowl"},{"floor":9,"key":"Molten Egg 2"},{"floor":23,"key":"Letter Opener"},{"floor":26,"key":"Dream Catcher"},{"floor":43,"key":"Boot"},{"floor":47,"key":"Question Card"}],"event_choices":[{"event_name":"Match and Keep!","player_choice":"1 cards matched","floor":10,"damage_taken":0},{"event_name":"Dead Adventurer","player_choice":"Searched \u00271\u0027 times","floor":11,"damage_taken":0},{"event_name":"Ghosts","player_choice":"Ignored","floor":21,"damage_taken":0},{"event_name":"Back to Basics","player_choice":"Simplicity","floor":22,"damage_taken":0},{"event_name":"Vampires","player_choice":"Ignored","floor":28,"damage_taken":0},{"event_name":"Tomb of Lord Red Mask","player_choice":"Ignored","floor":37,"damage_taken":0}],"boss_relics":[{"not_picked":["Black Star","Runic Pyramid"],"picked":"Fusion Hammer"},{"not_picked":["Astrolabe","Coffee Dripper"],"picked":"Tiny House"}],"items_purged_floors":[4,13,20],"is_endless":false,"potions_floor_spawned":[2,5,7,8,12,18,23,29,33,38,41,46,47],"killed_by":"Awakened One","ascension_level":0}