{"gold_per_floor":[114,114,134,34,34,9,43,43,43,43,66,89,104,4,4,123,123,136,136,61,133,83,83,95,107,107,134,145,95,124,124,124,220,220,237,237,36,36,53,80,80,97,97,47,47,47,47,0,0,0],"floor_reached":50,"playtime":3002,"items_purged":["Defend_G","Defend_G","Defend_G","Expertise","Venomology+1","Crippling Poison+1"],"score":504,"play_id":"e91e4cdf-5ac2-4272-a78b-5085713969aa","local_time":"20180708011339","is_ascension_mode":false,"campfire_choices":[{"data":"Cloak And Dagger","floor":8,"key":"SMITH"},{"floor":15,"key":"REST"},{"data":"Neutralize","floor":23,"key":"SMITH"},{"data":"Finisher","floor":32,"key":"SMITH"},{"floor":41,"key":"REST"},{"data":"Blade Dance","floor":47,"key":"SMITH"},{"data":"Quick Slash","floor":49,"key":"SMITH"}],"neow_cost":"","seed_source_timestamp":1463917741498014,"circlet_count":0,"master_deck":["Defend_G+1","Strike_G+1","Strike_G","Strike_G","Survivor","Neutralize+1","Cloak And Dagger+1","Flying Knee","Flying Knee","Quick Slash+1","Blade Dance+1","Backflip+1","Finisher+1","Backstab+1","Doubt"],"relics":["Ring of the Snake","Centennial Puzzle","Ancient Tea Set","Gremlin Horn","Bloody Idol","Sozu","Smiling Mask","Question Card","Dead Branch","Paper Crane","Astrolabe","Pen Nib","Oddly Smooth Stone","Molten Egg 2","Red Mask"],"potions_floor_usage":[16,30],"damage_taken":[{"damage":1,"enemies":"2 Louse","floor":1,"turns":4},{"damage":0,"enemies":"Cultist","floor":3,"turns":3},{"damage":15,"enemies":"Lagavulin","floor":7,"turns":7},{"damage":0,"enemies":"Small Slimes","floor":11,"turns":2},{"damage":1,"enemies":"Red Slaver","floor":12,"turns":3},{"damage":0,"enemies":"3 Louse","floor":13,"turns":3},{"damage":38,"enemies":"Hexaghost","floor":16,"turns":12},{"damage":0,"enemies":"Spheric Guardian","floor":18,"turns":3},{"damage":0,"enemies":"3 Byrds","floor":24,"turns":4},{"damage":2,"enemies":"Centurion and Healer","floor":25,"turns":6},{"damage":2,"enemies":"Gremlin Leader","floor":27,"turns":8},{"damage":11,"enemies":"Cultist and Chosen","floor":28,"turns":5},{"damage":20,"enemies":"Slavers","floor":30,"turns":2},{"damage":38,"enemies":"Champ","floor":33,"turns":12},{"damage":24,"enemies":"3 Shapes","floor":35,"turns":4},{"damage":9,"enemies":"3 Darklings","floor":39,"turns":3},{"damage":35,"enemies":"Nemesis","floor":40,"turns":5},{"damage":9,"enemies":"Sphere and 2 Shapes","floor":42,"turns":3},{"damage":68,"enemies":"Time Eater","floor":50,"turns":12}],"seed_played":"-4297933542469998805","potions_obtained":[{"floor":7,"key":"Regen Potion"},{"floor":16,"key":"SteroidPotion"}],"is_trial":false,"path_per_floor":["M","?","M","$","T","$","E","R","T","?","M","M","M","$","R","B",null,"M","?","?","T","$","R","M","M","T","E","M","$","E","?","R","B",null,"M","?","$","$","M","E","R","M","T","$","?","?","R","?","R"],"character_chosen":"THE_SILENT","items_purchased":["Flying Knee","Flying Knee","Pen Nib"],"campfire_rested":2,"item_purchase_floors":[4,6,37],"current_hp_per_floor":[69,55,55,55,55,55,40,40,40,40,40,39,39,39,58,28,65,65,65,65,65,65,65,65,65,65,65,59,59,44,65,65,32,65,46,46,46,46,42,12,31,27,27,27,27,65,65,65,65,0],"gold":0,"neow_bonus":"","is_prod":false,"is_daily":false,"chose_seed":false,"campfire_upgraded":5,"win_rate":0.0,"timestamp":1531026819,"path_taken":["M","?","?","$","?","?","E","R","T","?","M","M","M","$","R","BOSS","M","?","?","?","$","R","M","M","T","E","M","$","E","?","R","BOSS","M","?","?","$","M","E","R","M","T","$","?","?","R","?","R","BOSS"],"build_version":"2018-07-05","purchased_purges":6,"victory":false,"max_hp_per_floor":[70,70,70,70,70,70,70,70,70,65,65,65,65,65,65,65,65,65,65,65,65,65,65,65,65,65,65,65,65,65,65,65,65,65,65,65,65,65,65,65,65,65,65,65,65,65,65,65,65,65],"card_choices":[{"not_picked":["Sucker Punch","Choke","Dagger Spray"],"picked":"SKIP","floor":1},{"not_picked":["Acrobatics","Leg Sweep"],"picked":"Cloak And Dagger","floor":3},{"not_picked":["Flechettes","Flying Knee"],"picked":"Quick Slash","floor":7},{"not_picked":["Backflip","Dagger Spray"],"picked":"Blade Dance","floor":11},{"not_picked":["Flechettes","Endless Agony","Acrobatics"],"picked":"SKIP","floor":12},{"not_picked":["Underhanded Strike","Prepared","Slice"],"picked":"SKIP","floor":13},{"not_picked":["Glass Knife","Tactician"],"picked":"Storm of Steel","floor":16},{"not_picked":["Deadly Poison","Outmaneuver"],"picked":"Expertise","floor":18},{"not_picked":["Distraction+1","Dodge and Roll+1"],"picked":"Backflip+1","floor":24},{"not_picked":["Blade Dance","Dagger Throw"],"picked":"Finisher","floor":25},{"not_picked":["Blade Dance","Bouncing Flask","Dagger Throw+1","Backflip+1"],"picked":"SKIP","floor":27},{"not_picked":["Prepared","PiercingWail","Bane","Dodge and Roll"],"picked":"SKIP","floor":28},{"not_picked":["Doppelganger","After Image","Dodge and Roll"],"picked":"Backstab+1","floor":30},{"not_picked":["Phantasmal Killer","Doppelganger","After Image"],"picked":"Envenom","floor":33},{"not_picked":["Endless Agony","Sucker Punch+1","Backflip","PiercingWail+1"],"picked":"SKIP","floor":35},{"not_picked":["Deflect","Underhanded Strike","Phantasmal Killer","Deadly Poison"],"picked":"SKIP","floor":39},{"not_picked":["Cloak And Dagger+1","Dagger Spray","Riddle With Holes","Dagger Throw"],"picked":"SKIP","floor":40},{"not_picked":["Slice","Poisoned Stab+1","Caltrops","Backflip"],"picked":"SKIP","floor":42}],"player_experience":118675,"relics_obtained":[{"floor":5,"key":"Centennial Puzzle"},{"floor":7,"key":"Ancient Tea Set"},{"floor":9,"key":"Gremlin Horn"},{"floor":21,"key":"Smiling Mask"},{"floor":26,"key":"Question Card"},{"floor":27,"key":"Dead Branch"},{"floor":30,"key":"Paper Crane"},{"floor":40,"key":"Oddly Smooth Stone"},{"floor":43,"key":"Molten Egg 2"}],"event_choices":[{"event_name":"Shining Light","player_choice":"Entered Light","floor":2,"damage_taken":0},{"event_name":"Golden Idol","player_choice":"Lose Max HP","floor":10,"damage_taken":0},{"event_name":"Forgotten Altar","player_choice":"Gave Idol","floor":19,"damage_taken":0},{"event_name":"Beggar","player_choice":"Gave Gold","floor":20,"damage_taken":0},{"event_name":"The Library","player_choice":"Heal","floor":31,"damage_taken":0},{"event_name":"Wheel of Change","player_choice":"Card Removal","floor":36,"damage_taken":0},{"event_name":"Falling","player_choice":"Removed Power","floor":45,"damage_taken":0},{"event_name":"MindBloom","player_choice":"Heal","floor":46,"damage_taken":0},{"event_name":"Tomb of Lord Red Mask","player_choice":"Paid","floor":48,"damage_taken":0}],"boss_relics":[{"not_picked":["Calling Bell","Cursed Key"],"picked":"Sozu"},{"not_picked":["Lizard Tail","Pandora\u0027s Box"],"picked":"Astrolabe"}],"items_purged_floors":[4,14,22,29,37,44],"is_endless":false,"potions_floor_spawned":[7,16,18,27,33,39],"killed_by":"Time Eater","ascension_level":0}