{"gold_per_floor":[119,135,151,151,151,186,186,203,203,222,27,53,53,63,63,168,168,188,8,8,19,0,0,34,47,70,100,100,118,118,134,134,231,231,245,245,263,277,19,54,54],"floor_reached":41,"playtime":2075,"items_purged":["Strike_B"],"score":594,"play_id":"356e4579-3dff-4398-822c-afd9b0042f7f","local_time":"20190325124648","is_ascension_mode":true,"campfire_choices":[{"data":"Zap","floor":7,"key":"SMITH"},{"data":"Heatsinks","floor":13,"key":"SMITH"},{"data":"Coolheaded","floor":15,"key":"SMITH"},{"data":"Hello World","floor":23,"key":"SMITH"},{"floor":28,"key":"REST"},{"floor":30,"key":"REST"},{"data":"Seek","floor":32,"key":"SMITH"}],"neow_cost":"NONE","seed_source_timestamp":7911147301009204,"circlet_count":0,"master_deck":["Strike_B","Strike_B","Defend_B","Defend_B","Defend_B","Defend_B","Zap+1","Dualcast+1","Electrodynamics+1","Leap","Gash","Coolheaded+1","Heatsinks+1","Gash","Capacitor","Static Discharge","BootSequence+1","Seek+1","Hello World+1","Chill","Coolheaded","Echo Form","Creative AI","Loop+1","Lockon+1"],"relics":["FrozenCore","Singing Bowl","Bird Faced Urn","Lee\u0027s Waffle","Peace Pipe","Boot","PreservedInsect","Omamori","Velvet Choker","Toxic Egg 2","War Paint"],"potions_floor_usage":[6,10,14,21,25,25,33,37],"damage_taken":[{"damage":9,"enemies":"Small Slimes","floor":1,"turns":2},{"damage":2,"enemies":"2 Louse","floor":2,"turns":2},{"damage":0,"enemies":"Cultist","floor":3,"turns":3},{"damage":27,"enemies":"Gremlin Nob","floor":6,"turns":4},{"damage":2,"enemies":"2 Fungi Beasts","floor":8,"turns":3},{"damage":6,"enemies":"Gremlin Gang","floor":10,"turns":3},{"damage":21,"enemies":"3 Sentries","floor":12,"turns":4},{"damage":18,"enemies":"3 Louse","floor":14,"turns":2},{"damage":34,"enemies":"Slime Boss","floor":16,"turns":7},{"damage":11,"enemies":"Shell Parasite","floor":18,"turns":7},{"damage":1,"enemies":"3 Byrds","floor":21,"turns":4},{"damage":24,"enemies":"Slavers","floor":24,"turns":3},{"damage":21,"enemies":"Sentry and Sphere","floor":25,"turns":5},{"damage":67,"enemies":"Gremlin Leader","floor":27,"turns":7},{"damage":9,"enemies":"Snecko","floor":29,"turns":8},{"damage":20,"enemies":"Chosen and Byrds","floor":31,"turns":5},{"damage":32,"enemies":"Automaton","floor":33,"turns":11},{"damage":28,"enemies":"Orb Walker","floor":35,"turns":5},{"damage":57,"enemies":"3 Darklings","floor":37,"turns":5},{"damage":11,"enemies":"Sphere and 2 Shapes","floor":38,"turns":5},{"damage":83,"enemies":"Giant Head","floor":40,"turns":7},{"damage":28,"enemies":"Spire Growth","floor":41,"turns":2}],"seed_played":"1459728797905448416","potions_obtained":[{"floor":2,"key":"Swift Potion"},{"floor":8,"key":"SkillPotion"},{"floor":12,"key":"Weak Potion"},{"floor":14,"key":"Regen Potion"},{"floor":21,"key":"PowerPotion"},{"floor":24,"key":"Fruit Juice"},{"floor":31,"key":"Fruit Juice"},{"floor":33,"key":"AttackPotion"},{"floor":35,"key":"SteroidPotion"},{"floor":38,"key":"SpeedPotion"}],"is_trial":false,"path_per_floor":["M","M","M","?","?","E","R","M","T","M","$","E","R","M","R","B",null,"M","$","?","M","?","R","E","M","T","E","R","M","R","M","R","B",null,"M","?","M","M","$","E","M"],"character_chosen":"DEFECT","items_purchased":["Lee\u0027s Waffle","Hello World","Chill","Toxic Egg 2"],"campfire_rested":2,"item_purchase_floors":[11,19,19,39],"current_hp_per_floor":[66,64,64,64,64,39,39,37,37,37,84,65,65,55,55,29,84,79,79,79,87,87,87,70,66,66,9,38,39,68,58,58,41,104,81,83,42,49,49,10,0],"gold":54,"neow_bonus":"ONE_RANDOM_RARE_CARD","is_prod":false,"is_daily":false,"chose_seed":false,"campfire_upgraded":5,"win_rate":0,"timestamp":1553532408,"path_taken":["M","M","M","?","?","E","R","M","T","?","$","E","R","M","R","BOSS","M","$","?","?","?","R","E","M","T","E","R","M","R","M","R","BOSS","M","?","M","M","$","E","M"],"build_version":"2019-01-23","purchased_purges":1,"victory":false,"max_hp_per_floor":[75,75,75,75,75,77,77,77,77,77,84,84,84,84,84,84,84,86,86,86,88,88,88,90,95,95,97,97,97,97,99,99,104,104,104,106,108,110,110,110,110],"card_choices":[{"not_picked":["Beam Cell","Stack"],"picked":"Leap","floor":1},{"not_picked":["Steam","Darkness"],"picked":"Gash","floor":2},{"not_picked":["Compile Driver","Melter"],"picked":"Coolheaded","floor":3},{"not_picked":["Auto Shields","Beam Cell","Doom and Gloom"],"picked":"Singing Bowl","floor":6},{"not_picked":["Conserve Battery","Ball Lightning"],"picked":"Gash","floor":8},{"not_picked":["Cold Snap","Darkness"],"picked":"Capacitor","floor":10},{"not_picked":["Go for the Eyes","Cold Snap"],"picked":"Static Discharge","floor":12},{"not_picked":["Beam Cell","Auto Shields"],"picked":"BootSequence","floor":14},{"not_picked":["Machine Learning","Fission"],"picked":"Seek","floor":16},{"not_picked":["Streamline+1","Turbo","Double Energy"],"picked":"Singing Bowl","floor":18},{"not_picked":["Rebound+1","Barrage","Sweeping Beam"],"picked":"Singing Bowl","floor":21},{"not_picked":["FTL","Conserve Battery","Ball Lightning"],"picked":"Singing Bowl","floor":24},{"not_picked":["Self Repair","Sweeping Beam"],"picked":"Coolheaded","floor":25},{"not_picked":["Coolheaded+1","Turbo","Stack+1"],"picked":"Singing Bowl","floor":27},{"not_picked":["Rebound","Cold Snap"],"picked":"Echo Form","floor":29},{"not_picked":["Steam","Tempest","Stack"],"picked":"Singing Bowl","floor":31},{"not_picked":["Meteor Strike","Rainbow"],"picked":"Creative AI","floor":33},{"not_picked":["FTL","Gash"],"picked":"Loop+1","floor":35},{"not_picked":["Blind","Swift Strike","Enlightenment"],"picked":"Singing Bowl","floor":36},{"not_picked":["Auto Shields","Beam Cell+1","Cold Snap+1"],"picked":"Singing Bowl","floor":37},{"not_picked":["Beam Cell","Double Energy","Sweeping Beam"],"picked":"Singing Bowl","floor":38},{"not_picked":["Barrage","Machine Learning"],"picked":"Lockon+1","floor":40}],"player_experience":495684,"relics_obtained":[{"floor":6,"key":"Singing Bowl"},{"floor":9,"key":"Bird Faced Urn"},{"floor":12,"key":"Peace Pipe"},{"floor":24,"key":"Boot"},{"floor":26,"key":"PreservedInsect"},{"floor":27,"key":"Omamori"},{"floor":40,"key":"War Paint"}],"event_choices":[{"damage_healed":0,"gold_gain":0,"player_choice":"Grow","damage_taken":0,"max_hp_gain":0,"max_hp_loss":0,"event_name":"Living Wall","floor":4,"gold_loss":0,"cards_upgraded":["Electrodynamics"]},{"damage_healed":0,"gold_gain":0,"cards_transformed":["Strike_B"],"player_choice":"Transformed","damage_taken":0,"max_hp_gain":0,"max_hp_loss":0,"event_name":"Transmorgrifier","floor":5,"gold_loss":0,"cards_obtained":["Heatsinks"]},{"damage_healed":0,"gold_gain":0,"player_choice":"0 cards matched","damage_taken":0,"max_hp_gain":0,"max_hp_loss":0,"event_name":"Match and Keep!","floor":20,"gold_loss":0,"cards_obtained":[]},{"damage_healed":0,"gold_gain":0,"player_choice":"Paid Fearfully","damage_taken":0,"max_hp_gain":0,"max_hp_loss":0,"event_name":"Masked Bandits","floor":22,"gold_loss":19},{"damage_healed":0,"gold_gain":0,"player_choice":"Memory 1","damage_taken":0,"max_hp_gain":0,"max_hp_loss":0,"event_name":"SensoryStone","floor":36,"gold_loss":0}],"is_beta":false,"boss_relics":[{"not_picked":["White Beast Statue","Calling Bell"],"picked":"FrozenCore"},{"not_picked":["Empty Cage","Tiny House"],"picked":"Velvet Choker"}],"items_purged_floors":[19],"is_endless":false,"potions_floor_spawned":[2,8,12,14,21,24,31,33,35,38],"killed_by":"Spire Growth","ascension_level":3}