{"gold_per_floor":[117,117,117,186,202,234,409,423,423,298,314,325,336,230,230,230],"floor_reached":16,"playtime":1046,"items_purged":["Doubt"],"score":102,"play_id":"4824282f-93bf-49ae-bc15-6dd6a4754aed","local_time":"20190213152321","is_ascension_mode":false,"campfire_choices":[{"floor":15,"key":"RECALL"}],"neow_cost":"NONE","seed_source_timestamp":193185507873224,"circlet_count":0,"master_deck":["Strike_R","Strike_R","Strike_R","Strike_R","Strike_R","Defend_R","Defend_R","Defend_R","Defend_R","Bash","Bludgeon+1","Limit Break","Flex","Flex","Headbutt","Iron Wave","Iron Wave","Flex"],"relics":["Burning Blood","Darkstone Periapt"],"potions_floor_usage":[16,16,16],"damage_taken":[{"damage":7,"enemies":"Small Slimes","floor":1,"turns":3},{"damage":5,"enemies":"2 Louse","floor":5,"turns":2},{"damage":26,"enemies":"3 Sentries","floor":6,"turns":9},{"damage":6,"enemies":"Jaw Worm","floor":8,"turns":2},{"damage":5,"enemies":"Exordium Thugs","floor":11,"turns":3},{"damage":15,"enemies":"3 Louse","floor":12,"turns":4},{"damage":4,"enemies":"Blue Slaver","floor":13,"turns":3},{"damage":58,"enemies":"The Guardian","floor":16,"turns":10}],"seed_played":"7300494789444868199","potions_obtained":[{"floor":8,"key":"SpeedPotion"},{"floor":11,"key":"PowerPotion"},{"floor":12,"key":"Dexterity Potion"},{"floor":13,"key":"SkillPotion"}],"is_trial":false,"path_per_floor":["?","?","?","?","M"],"character_chosen":"IRONCLAD","items_purchased":["Flex","Iron Wave","Flex"],"campfire_rested":0,"item_purchase_floors":[10,14,14],"current_hp_per_floor":[79,79,76,76,77,57,63,63,63,63,64,55,57,57,57,0],"gold":230,"neow_bonus":"ONE_RANDOM_RARE_CARD","is_prod":false,"is_daily":false,"chose_seed":false,"campfire_upgraded":0,"win_rate":0,"timestamp":1550082201,"path_taken":["M","?","?","?","M","E","?","M","T","$","M","M","?","$","R","BOSS"],"build_version":"2019-01-23","purchased_purges":1,"victory":false,"max_hp_per_floor":[80,80,80,80,80,80,86,86,86,86,86,86,86,86,86,86],"card_choices":[{"not_picked":["Sword Boomerang","Havoc","Shockwave"],"picked":"SKIP","floor":1},{"not_picked":["Hemokinesis","Twin Strike","Thunderclap"],"picked":"SKIP","floor":5},{"not_picked":["Rupture","True Grit"],"picked":"Limit Break","floor":6},{"not_picked":["Anger","Warcry"],"picked":"Flex","floor":8},{"not_picked":["Twin Strike","Clash","Evolve"],"picked":"SKIP","floor":11},{"not_picked":["Iron Wave","Thunderclap"],"picked":"Headbutt","floor":12},{"not_picked":["Twin Strike","Sword Boomerang"],"picked":"Iron Wave","floor":13}],"player_experience":176715,"relics_obtained":[{"floor":6,"key":"Darkstone Periapt"}],"event_choices":[{"damage_healed":0,"gold_gain":0,"player_choice":"Grow","damage_taken":0,"max_hp_gain":0,"max_hp_loss":0,"event_name":"Living Wall","floor":2,"gold_loss":0,"cards_upgraded":["Bludgeon"]},{"damage_healed":0,"gold_gain":0,"player_choice":"Fled","damage_taken":3,"max_hp_gain":0,"max_hp_loss":0,"event_name":"Scrap Ooze","floor":3,"gold_loss":0},{"damage_healed":0,"gold_gain":69,"player_choice":"Gained Gold","damage_taken":0,"max_hp_gain":0,"max_hp_loss":0,"event_name":"Golden Wing","floor":4,"gold_loss":0},{"damage_healed":0,"gold_gain":175,"player_choice":"AGREE","damage_taken":0,"max_hp_gain":0,"max_hp_loss":0,"event_name":"Liars Game","floor":7,"gold_loss":0,"cards_obtained":["Doubt"]}],"is_beta":false,"boss_relics":[],"items_purged_floors":[10],"is_endless":false,"potions_floor_spawned":[8,11,12,13],"killed_by":"The Guardian","ascension_level":0}