{"gold_per_floor":[111,18,30,6,181,181,204,229,256,256,273,286,286,302,302,302],"floor_reached":16,"playtime":523,"items_purged":[],"score":105,"play_id":"8161a636-5881-452b-a26f-ee515da9f540","local_time":"20180921110917","is_ascension_mode":true,"campfire_choices":[{"data":"Gash","floor":6,"key":"SMITH"},{"data":"Gash","floor":10,"key":"SMITH"},{"floor":15,"key":"REST"}],"neow_cost":"","seed_source_timestamp":84094342424,"circlet_count":0,"master_deck":["Strike_B","Strike_B","Strike_B","Strike_B","Defend_B","Defend_B","Defend_B","Defend_B","Zap","Dualcast","Gash+1","Rebound","Doubt","Gash+1","Reboot"],"relics":["Cracked Core","Odd Mushroom","Happy Flower","Omamori"],"potions_floor_usage":[7,7,8,12],"damage_taken":[{"damage":1,"enemies":"Cultist","floor":1,"turns":3},{"damage":8,"enemies":"Jaw Worm","floor":3,"turns":3},{"damage":0,"enemies":"The Mushroom Lair","floor":7,"turns":2},{"damage":21,"enemies":"3 Sentries","floor":8,"turns":8},{"damage":0,"enemies":"Small Slimes","floor":11,"turns":2},{"damage":23,"enemies":"Exordium Wildlife","floor":12,"turns":5},{"damage":5,"enemies":"3 Louse","floor":14,"turns":3},{"damage":41,"enemies":"Slime Boss","floor":16,"turns":10}],"seed_played":"-5216824583533945716","potions_obtained":[{"floor":1,"key":"EssenceOfSteel"},{"floor":7,"key":"SteroidPotion"},{"floor":11,"key":"PowerPotion"}],"is_trial":false,"path_per_floor":["M","$","M","$","?","R","?","E","T","R","M","M","?","M","R"],"character_chosen":"DEFECT","items_purchased":["Gash","Explosive Potion","Rebound"],"campfire_rested":1,"item_purchase_floors":[2,2,4],"current_hp_per_floor":[74,74,66,66,66,66,66,45,45,45,45,22,22,17,39,0],"gold":302,"neow_bonus":"","is_prod":false,"is_daily":false,"chose_seed":false,"campfire_upgraded":2,"win_rate":0,"timestamp":1537542557,"path_taken":["M","$","?","$","?","R","?","E","T","R","?","M","?","M","R","BOSS"],"build_version":"2018-09-20","purchased_purges":0,"victory":false,"max_hp_per_floor":[75,75,75,75,75,75,75,75,75,75,75,75,75,75,75,75],"card_choices":[{"not_picked":["Capacitor","Chill","Go for the Eyes"],"picked":"SKIP","floor":1},{"not_picked":["Go for the Eyes","Ball Lightning","Consume"],"picked":"SKIP","floor":3},{"not_picked":["Go for the Eyes","Ball Lightning"],"picked":"Gash","floor":8},{"not_picked":["Conserve Battery","Coolheaded","BootSequence"],"picked":"SKIP","floor":11},{"not_picked":["Hologram","Redo"],"picked":"Reboot","floor":12},{"not_picked":["Doom and Gloom","Loop","White Noise"],"picked":"SKIP","floor":14}],"player_experience":368636,"relics_obtained":[{"floor":7,"key":"Odd Mushroom"},{"floor":8,"key":"Happy Flower"},{"floor":9,"key":"Omamori"}],"event_choices":[{"event_name":"Liars Game","player_choice":"agreed","floor":5,"damage_taken":0},{"event_name":"Mushrooms","player_choice":"Fought Mushrooms","floor":7,"damage_taken":0},{"event_name":"Dead Adventurer","player_choice":"Searched \u00271\u0027 times","floor":13,"damage_taken":0}],"is_beta":false,"boss_relics":[],"items_purged_floors":[],"is_endless":false,"potions_floor_spawned":[1,7,11],"killed_by":"Slime Boss","ascension_level":1}