{"gold_per_floor":[109,124,51,51,126,126,147,147,147,45,45,60,95,118,118,241,241,265,59,78,92,111,111,111,111],"floor_reached":25,"playtime":876,"items_purged":["Defend_G","Defend_G"],"score":203,"play_id":"9f89a91b-8322-4de9-a8fa-3482f76abed5","local_time":"20180707041454","is_ascension_mode":false,"campfire_choices":[{"floor":6,"key":"REST"},{"data":"Bouncing Flask","floor":8,"key":"SMITH"},{"floor":15,"key":"REST"},{"floor":23,"key":"REST"}],"neow_cost":"","seed_source_timestamp":1390517915965997,"circlet_count":0,"master_deck":["Defend_G","Defend_G","Defend_G","Strike_G","Strike_G","Strike_G","Strike_G","Strike_G","Survivor","Neutralize","Finisher+1","Bouncing Flask+1","Backstab","Cloak And Dagger","Quick Slash","Flying Knee","Footwork","Adrenaline","Flying Knee","Backflip","Accuracy","Flying Knee","Corpse Explosion","Cloak And Dagger"],"relics":["Ring of the Snake","Golden Idol","Smiling Mask","Unceasing Top","Philosopher\u0027s Stone"],"potions_floor_usage":[16],"damage_taken":[{"damage":2,"enemies":"2 Louse","floor":1,"turns":4},{"damage":3,"enemies":"Jaw Worm","floor":2,"turns":5},{"damage":10,"enemies":"Small Slimes","floor":7,"turns":4},{"damage":1,"enemies":"Looter","floor":12,"turns":2},{"damage":18,"enemies":"Gremlin Nob","floor":13,"turns":4},{"damage":0,"enemies":"Exordium Wildlife","floor":14,"turns":3},{"damage":39,"enemies":"Slime Boss","floor":16,"turns":11},{"damage":18,"enemies":"3 Byrds","floor":18,"turns":4},{"damage":0,"enemies":"Shell Parasite","floor":20,"turns":1},{"damage":14,"enemies":"Chosen and Byrds","floor":21,"turns":4},{"damage":13,"enemies":"Snecko","floor":22,"turns":4},{"damage":35,"enemies":"Gremlin Leader","floor":25,"turns":4}],"seed_played":"4513668893270428843","potions_obtained":[{"floor":1,"key":"SteroidPotion"},{"floor":2,"key":"Ancient Potion"},{"floor":14,"key":"Swift Potion"},{"floor":20,"key":"Dexterity Potion"}],"is_trial":false,"path_per_floor":["M","M","$","?","?","R","M","R","T","$","?","M","E","M","R","B",null,"M","$","M","M","M","R","?"],"character_chosen":"THE_SILENT","items_purchased":["Bouncing Flask","Cloak And Dagger","Backflip","Accuracy","Flying Knee"],"campfire_rested":3,"item_purchase_floors":[3,10,19,19,19],"current_hp_per_floor":[68,65,65,48,37,58,48,48,48,48,48,47,29,29,50,11,70,52,52,52,38,25,46,30,0],"gold":111,"neow_bonus":"","is_prod":false,"is_daily":false,"chose_seed":false,"campfire_upgraded":1,"win_rate":0.0,"timestamp":1530951294,"path_taken":["M","M","$","?","?","R","?","R","T","$","?","M","E","?","R","BOSS","M","$","M","M","M","R","?","E"],"build_version":"2018-07-05","purchased_purges":2,"victory":false,"max_hp_per_floor":[70,70,70,70,70,70,70,70,70,70,70,70,70,70,70,70,70,70,70,70,70,70,70,70,70],"card_choices":[{"not_picked":["All Out Attack","Quick Slash"],"picked":"Finisher","floor":1},{"not_picked":["Bane","Dagger Spray","Footwork"],"picked":"SKIP","floor":2},{"not_picked":["Noxious Fumes","Escape Plan"],"picked":"Backstab","floor":7},{"not_picked":["Noxious Fumes","Riddle With Holes"],"picked":"Quick Slash","floor":12},{"not_picked":["Prepared","Dash"],"picked":"Flying Knee","floor":13},{"not_picked":["Bane","Calculated Gamble"],"picked":"Footwork","floor":14},{"not_picked":["Tactician","Storm of Steel"],"picked":"Adrenaline","floor":16},{"not_picked":["Predator","Acrobatics+1"],"picked":"Flying Knee","floor":18},{"not_picked":["Acrobatics","Underhanded Strike","Outmaneuver"],"picked":"SKIP","floor":20},{"not_picked":["Sucker Punch","Prepared"],"picked":"Corpse Explosion","floor":21},{"not_picked":["Distraction","Deflect"],"picked":"Cloak And Dagger","floor":22}],"player_experience":115961,"relics_obtained":[{"floor":9,"key":"Smiling Mask"},{"floor":13,"key":"Unceasing Top"}],"event_choices":[{"event_name":"Golden Idol","player_choice":"Take Damage","floor":4,"damage_taken":0},{"event_name":"World of Goop","player_choice":"Gather Gold","floor":5,"damage_taken":0},{"event_name":"Accursed Blacksmith","player_choice":"Forge","floor":11,"damage_taken":0},{"event_name":"Cursed Tome","player_choice":"Obtained Book","floor":24,"damage_taken":0}],"boss_relics":[{"not_picked":["Tiny House","Eternal Feather"],"picked":"Philosopher\u0027s Stone"}],"items_purged_floors":[10,19],"is_endless":false,"potions_floor_spawned":[1,2,14,20],"killed_by":"Gremlin Leader","ascension_level":0}