{"gold_per_floor":[113,113,185,72,92,130,130,148,202,152,172,208,228,228,228,228],"floor_reached":16,"playtime":452,"items_purged":["Injury"],"score":110,"play_id":"94db94d7-15ab-4fa0-b71a-443e226b290a","local_time":"20180720133910","is_ascension_mode":false,"campfire_choices":[{"data":"Whirlwind","floor":7,"key":"SMITH"},{"floor":15,"key":"REST"}],"neow_cost":"NONE","seed_source_timestamp":797721335897674,"circlet_count":0,"master_deck":["Strike_R","Strike_R","Strike_R","Strike_R","Strike_R+1","Defend_R","Defend_R","Bash","Fiend Fire+1","Flex","Whirlwind+1","Battle Trance","Flex"],"relics":["Burning Blood","Golden Idol","Kunai","Whetstone","Juzu Bracelet","Happy Flower","Frozen Egg 2"],"potions_floor_usage":[5,16],"damage_taken":[{"damage":5,"enemies":"2 Louse","floor":1,"turns":3},{"damage":0,"enemies":"Cultist","floor":5,"turns":3},{"damage":28,"enemies":"Gremlin Nob","floor":6,"turns":4},{"damage":11,"enemies":"Jaw Worm","floor":8,"turns":2},{"damage":13,"enemies":"Red Slaver","floor":11,"turns":2},{"damage":36,"enemies":"Lagavulin","floor":12,"turns":5},{"damage":17,"enemies":"3 Louse","floor":13,"turns":3},{"damage":31,"enemies":"The Guardian","floor":16,"turns":4}],"seed_played":"-6074631659216899836","potions_obtained":[{"floor":1,"key":"Fruit Juice"},{"floor":13,"key":"AttackPotion"}],"is_trial":false,"path_per_floor":["M","?","T","$","M","E","R","M","T","?","M","E","M","?","R"],"character_chosen":"IRONCLAD","items_purchased":["Whirlwind"],"campfire_rested":1,"item_purchase_floors":[4],"current_hp_per_floor":[80,80,80,80,85,63,63,58,58,58,51,21,10,3,28,0],"gold":228,"neow_bonus":"TRANSFORM_CARD","is_prod":false,"is_daily":false,"chose_seed":false,"campfire_upgraded":1,"win_rate":0,"timestamp":1532108350,"path_taken":["M","?","?","$","M","E","R","?","T","?","M","E","M","?","R","BOSS"],"build_version":"2018-07-19v2","purchased_purges":1,"victory":false,"max_hp_per_floor":[80,80,80,80,85,85,85,85,85,85,85,85,85,85,85,85],"card_choices":[{"not_picked":["Wild Strike","Combust"],"picked":"Flex","floor":1},{"not_picked":["Havoc","Power Through","Headbutt"],"picked":"SKIP","floor":5},{"not_picked":["Shrug It Off","Rupture","Thunderclap"],"picked":"SKIP","floor":6},{"not_picked":["Metallicize","Power Through"],"picked":"Battle Trance","floor":8},{"not_picked":["Hemokinesis","Flame Barrier","Shrug It Off"],"picked":"SKIP","floor":11},{"not_picked":["Rampage","Iron Wave"],"picked":"Flex","floor":12},{"not_picked":["Pommel Strike","Sever Soul","Flex"],"picked":"SKIP","floor":13}],"player_experience":267954,"relics_obtained":[{"floor":3,"key":"Kunai"},{"floor":6,"key":"Whetstone"},{"floor":9,"key":"Juzu Bracelet"},{"floor":12,"key":"Happy Flower"}],"event_choices":[{"event_name":"Golden Idol","player_choice":"Take Wound","floor":2,"damage_taken":0},{"event_name":"The Cleric","player_choice":"Card Removal","floor":10,"damage_taken":0},{"event_name":"Scrap Ooze","player_choice":"success","floor":14,"damage_taken":7}],"is_beta":false,"boss_relics":[],"items_purged_floors":[4],"is_endless":false,"potions_floor_spawned":[1,13],"killed_by":"The Guardian","ascension_level":0}