{"gold_per_floor":[119,69,99,24,24,59,59,59,59,59,74,99,99,113,113,216,216,230,10,10,29,29,60,60,75,75,75,75,90,102,121,121,121],"floor_reached":33,"playtime":1237,"items_purged":["Defend_G","Defend_G"],"score":263,"play_id":"cc52ba9b-558e-418d-8322-1cdb25d44584","local_time":"20180711140742","is_ascension_mode":false,"campfire_choices":[{"data":"Quick Slash","floor":8,"key":"SMITH"},{"floor":10,"key":"REST"},{"data":"Blade Dance","floor":15,"key":"SMITH"},{"floor":24,"key":"REST"},{"data":"Terror","floor":27,"key":"SMITH"},{"floor":32,"key":"REST"}],"neow_cost":"NONE","seed_source_timestamp":21037669157279,"circlet_count":0,"master_deck":["Defend_G","Defend_G","Strike_G","Strike_G","Strike_G","Strike_G","Strike_G","Survivor","Neutralize","Quick Slash+1","Blade Dance+1","Quick Slash","Flying Knee","Acrobatics","Terror+1","Quick Slash"],"relics":["Busted Crown","Tiny Chest","Orichalcum","Pen Nib","Lantern","Eternal Feather","Du-Vu Doll","Calipers","Pantograph","Ginger"],"potions_floor_usage":[16,21,23,31],"damage_taken":[{"damage":2,"enemies":"Small Slimes","floor":1,"turns":4},{"damage":31,"enemies":"Lagavulin","floor":6,"turns":7},{"damage":6,"enemies":"Jaw Worm","floor":11,"turns":3},{"damage":1,"enemies":"2 Louse","floor":14,"turns":2},{"damage":36,"enemies":"Slime Boss","floor":16,"turns":10},{"damage":0,"enemies":"Chosen","floor":18,"turns":4},{"damage":4,"enemies":"Spheric Guardian","floor":21,"turns":3},{"damage":25,"enemies":"Gremlin Leader","floor":23,"turns":9},{"damage":1,"enemies":"Centurion and Healer","floor":25,"turns":4},{"damage":2,"enemies":"Cultist and Chosen","floor":29,"turns":4},{"damage":18,"enemies":"Sentry and Sphere","floor":30,"turns":4},{"damage":10,"enemies":"Snecko","floor":31,"turns":4},{"damage":76,"enemies":"Collector","floor":33,"turns":6}],"seed_played":"-2391555030283724018","potions_obtained":[{"floor":6,"key":"AttackPotion"},{"floor":16,"key":"PowerPotion"},{"floor":21,"key":"Fire Potion"},{"floor":30,"key":"EssenceOfSteel"}],"is_trial":false,"path_per_floor":["M","?","?","$","$","E","$","R","T","R","M","T","$","M","R","B",null,"M","$","?","M","T","E","R","M","T","R","T","M","M","M","R"],"character_chosen":"THE_SILENT","items_purchased":["Quick Slash","Flying Knee","Acrobatics"],"campfire_rested":3,"item_purchase_floors":[19,19,19],"current_hp_per_floor":[68,68,68,68,68,37,37,37,37,58,52,52,52,51,51,15,70,70,70,70,66,66,41,68,67,67,70,70,68,50,40,67,0],"gold":121,"neow_bonus":"BOSS_RELIC","is_prod":false,"is_daily":false,"chose_seed":false,"campfire_upgraded":3,"win_rate":0,"timestamp":1531332462,"path_taken":["M","?","?","?","$","E","$","R","T","R","M","?","?","?","R","BOSS","M","$","?","M","?","E","R","M","T","R","?","?","M","M","R","BOSS"],"build_version":"2018-07-05","purchased_purges":2,"victory":false,"max_hp_per_floor":[70,70,70,70,70,70,70,70,70,70,70,70,70,70,70,70,70,70,70,70,70,70,70,70,70,70,70,70,70,70,70,70,70],"card_choices":[{"not_picked":[],"picked":"Quick Slash","floor":1},{"not_picked":["Bane"],"picked":"SKIP","floor":6},{"not_picked":["Dodge and Roll"],"picked":"SKIP","floor":11},{"not_picked":[],"picked":"Blade Dance","floor":14},{"not_picked":["Sucker Punch"],"picked":"SKIP","floor":18},{"not_picked":[],"picked":"Terror","floor":21},{"not_picked":[],"picked":"Quick Slash","floor":23},{"not_picked":["Acrobatics"],"picked":"SKIP","floor":25},{"not_picked":["Cloak And Dagger"],"picked":"SKIP","floor":29},{"not_picked":["Flechettes"],"picked":"SKIP","floor":30},{"not_picked":["All Out Attack"],"picked":"SKIP","floor":31}],"player_experience":221346,"relics_obtained":[{"floor":6,"key":"Orichalcum"},{"floor":9,"key":"Pen Nib"},{"floor":12,"key":"Lantern"},{"floor":22,"key":"Du-Vu Doll"},{"floor":23,"key":"Calipers"},{"floor":26,"key":"Pantograph"},{"floor":28,"key":"Ginger"}],"event_choices":[{"event_name":"The Cleric","player_choice":"Card Removal","floor":2,"damage_taken":0},{"event_name":"Big Fish","player_choice":"Box","floor":3,"damage_taken":0},{"event_name":"Fountain of Cleansing","player_choice":"Removed Curse","floor":20,"damage_taken":0}],"boss_relics":[{"not_picked":["Fusion Hammer","Velvet Choker"],"picked":"Eternal Feather"}],"items_purged_floors":[4,19],"is_endless":false,"potions_floor_spawned":[6,16,21,30],"killed_by":"Collector","ascension_level":0}