{"gold_per_floor":[119,119,119,138,153,153,171,186,186,186,111,130,130,145,145,269,269,285,43,62,16,34,34],"floor_reached":23,"playtime":972,"items_purged":["Defend_R"],"score":185,"play_id":"e08ef03e-884b-490c-9308-85245ad018d0","local_time":"20180705163616","is_ascension_mode":false,"campfire_choices":[{"floor":6,"key":"REST"},{"floor":15,"key":"REST"}],"neow_cost":"NONE","seed_source_timestamp":1262102166001325,"circlet_count":0,"master_deck":["Strike_R","Strike_R","Strike_R","Strike_R","Strike_R","Defend_R","Bash","Demon Form","Searing Blow","Reckless Charge","Perfected Strike","Iron Wave","Brutality","Bludgeon","Anger","Flex","Pommel Strike"],"relics":["Burning Blood","Bag of Preparation","Pear","Golden Idol","Sozu","Pantograph"],"potions_floor_usage":[22,23],"damage_taken":[{"damage":6,"enemies":"2 Louse","floor":1,"turns":4},{"damage":13,"enemies":"Jaw Worm","floor":4,"turns":3},{"damage":10,"enemies":"Cultist","floor":5,"turns":4},{"damage":20,"enemies":"Looter","floor":7,"turns":3},{"damage":0,"enemies":"Large Slime","floor":8,"turns":4},{"damage":7,"enemies":"Blue Slaver","floor":12,"turns":2},{"damage":6,"enemies":"Lots of Slimes","floor":14,"turns":4},{"damage":40,"enemies":"Slime Boss","floor":16,"turns":6},{"damage":35,"enemies":"Shell Parasite","floor":18,"turns":4},{"damage":7,"enemies":"Spheric Guardian","floor":20,"turns":3},{"damage":45,"enemies":"Centurion and Healer","floor":22,"turns":4},{"damage":43,"enemies":"Book of Stabbing","floor":23,"turns":3}],"seed_played":"-7592211718064069955","potions_obtained":[{"floor":1,"key":"Swift Potion"},{"floor":5,"key":"BloodPotion"},{"floor":8,"key":"Ancient Potion"}],"is_trial":false,"path_per_floor":["M","?","?","M","M","R","M","M","T","?","$","M","?","M","R","B",null,"M","$","M","$","M"],"character_chosen":"IRONCLAD","items_purchased":["Pantograph","Pommel Strike"],"campfire_rested":2,"item_purchase_floors":[19,21],"current_hp_per_floor":[80,47,47,40,36,60,46,52,62,40,40,39,39,39,66,32,90,61,61,60,60,30,0],"gold":34,"neow_bonus":"ONE_RANDOM_RARE_CARD","is_prod":false,"is_daily":false,"chose_seed":false,"campfire_upgraded":0,"win_rate":0.0,"timestamp":1530822976,"path_taken":["M","?","?","?","M","R","M","M","T","?","$","M","?","M","R","BOSS","M","$","M","$","M","E"],"build_version":"2018-06-28","purchased_purges":1,"victory":false,"max_hp_per_floor":[80,80,80,80,80,80,80,80,90,90,90,90,90,90,90,90,90,90,90,90,90,90,90],"card_choices":[{"not_picked":["Corruption","Flame Barrier"],"picked":"Searing Blow","floor":1},{"not_picked":["Iron Wave","Combust"],"picked":"Reckless Charge","floor":4},{"not_picked":["Body Slam","Rage","True Grit"],"picked":"SKIP","floor":5},{"not_picked":["Dropkick","Warcry"],"picked":"Perfected Strike","floor":7},{"not_picked":["Armaments","Dropkick"],"picked":"Iron Wave","floor":8},{"not_picked":["Pummel","Rage","Havoc"],"picked":"SKIP","floor":12},{"not_picked":["Headbutt","Fire Breathing"],"picked":"Brutality","floor":14},{"not_picked":["Impervious","Demon Form"],"picked":"Bludgeon","floor":16},{"not_picked":["Headbutt+1","Clothesline+1"],"picked":"Anger","floor":18},{"not_picked":["Pommel Strike","Barricade"],"picked":"Flex","floor":20},{"not_picked":["Clash","Havoc","Twin Strike"],"picked":"SKIP","floor":22}],"player_experience":55485,"relics_obtained":[{"floor":9,"key":"Pear"}],"event_choices":[{"event_name":"Scrap Ooze","player_choice":"success","floor":2,"damage_taken":33},{"event_name":"Living Wall","player_choice":"Forget","floor":3,"damage_taken":0},{"event_name":"Golden Idol","player_choice":"Take Damage","floor":10,"damage_taken":0},{"event_name":"Purifier","player_choice":"One Purge","floor":13,"damage_taken":0}],"boss_relics":[{"not_picked":["Snecko Eye","Coffee Dripper"],"picked":"Sozu"}],"items_purged_floors":[11],"is_endless":false,"potions_floor_spawned":[1,5,8,18],"killed_by":"Book of Stabbing","ascension_level":0}