{"gold_per_floor":[119,119,139,139,152,152,152,152,152,7,17,17,17,17],"floor_reached":14,"playtime":248,"items_purged":[],"score":86,"play_id":"faa0d63e-90a7-463b-bf38-5df057fd5128","local_time":"20180923030454","is_ascension_mode":true,"campfire_choices":[{"data":"Double Tap","floor":6,"key":"SMITH"},{"data":"Armaments","floor":8,"key":"SMITH"},{"data":"Flex","floor":13,"key":"SMITH"}],"neow_cost":"","seed_source_timestamp":144099580739220,"circlet_count":0,"master_deck":["Strike_R","Strike_R","Strike_R","Strike_R","Strike_R","Defend_R","Defend_R","Defend_R","Defend_R","Bash","Sword Boomerang","Armaments+1","Double Tap+1","Flex+1","Offering","Inflame"],"relics":["Burning Blood","Matryoshka","Omamori","Pantograph","The Courier","Golden Idol"],"potions_floor_usage":[],"damage_taken":[{"damage":16,"enemies":"Cultist","floor":1,"turns":4},{"damage":2,"enemies":"2 Louse","floor":3,"turns":3},{"damage":20,"enemies":"Small Slimes","floor":5,"turns":3},{"damage":27,"enemies":"2 Fungi Beasts","floor":11,"turns":4},{"damage":38,"enemies":"Exordium Thugs","floor":14,"turns":3}],"seed_played":"-4631677988413713794","potions_obtained":[{"floor":5,"key":"Ancient Potion"}],"is_trial":false,"path_per_floor":["M","T","M","?","M","R","?","R","T","$","M","?","R"],"character_chosen":"IRONCLAD","items_purchased":["Flex","Offering"],"campfire_rested":0,"item_purchase_floors":[10,10],"current_hp_per_floor":[70,70,74,74,60,60,57,57,57,57,36,36,36,0],"gold":17,"neow_bonus":"","is_prod":false,"is_daily":false,"chose_seed":false,"campfire_upgraded":3,"win_rate":0,"timestamp":1537686294,"path_taken":["M","?","M","?","M","R","?","R","T","$","?","?","R","M"],"build_version":"2018-09-20","purchased_purges":0,"victory":false,"max_hp_per_floor":[80,80,80,80,80,80,80,80,80,80,80,80,80,80],"card_choices":[{"not_picked":["Anger","Clash"],"picked":"Sword Boomerang","floor":1},{"not_picked":["Intimidate","Disarm"],"picked":"Armaments","floor":3},{"not_picked":["Perfected Strike","Clash","Dropkick"],"picked":"SKIP","floor":5},{"not_picked":["Corruption","Infernal Blade"],"picked":"Inflame","floor":11}],"player_experience":384116,"relics_obtained":[{"floor":2,"key":"Matryoshka"},{"floor":9,"key":"Pantograph"},{"floor":9,"key":"The Courier"}],"event_choices":[{"event_name":"Match and Keep!","player_choice":"1 cards matched","floor":4,"damage_taken":0},{"event_name":"Scrap Ooze","player_choice":"success","floor":7,"damage_taken":3},{"event_name":"Golden Idol","player_choice":"Take Wound","floor":12,"damage_taken":0}],"is_beta":false,"boss_relics":[],"items_purged_floors":[],"is_endless":false,"potions_floor_spawned":[5],"killed_by":"Exordium Thugs","ascension_level":2}