{"gold_per_floor":[117,128,128,152,176,176,176,200,200,216,216,216,216,104,104,223,223,236,250,150,194,194,194,194,214,214,139,14,14,39,64,64,190,190,203,425,446,296,312,312,332,332,407,407],"floor_reached":44,"playtime":1851,"items_purged":["Defend_G","Doubt","Injury","Defend_G"],"score":575,"play_id":"9122098d-66ca-42ef-9fb2-e2d7cf3df0f9","local_time":"20180712114107","is_ascension_mode":false,"campfire_choices":[{"floor":7,"key":"REST"},{"data":"Neutralize","floor":13,"key":"SMITH"},{"floor":15,"key":"REST"},{"floor":23,"key":"REST"},{"data":"Cloak And Dagger","floor":29,"key":"SMITH"},{"data":"Backflip","floor":32,"key":"SMITH"},{"data":"Storm of Steel","floor":40,"key":"SMITH"}],"neow_cost":"NONE","seed_source_timestamp":98029451300435,"circlet_count":0,"master_deck":["Defend_G","Defend_G","Survivor","Neutralize+1","Cloak And Dagger+1","Flying Knee","Infinite Blades+1","Accuracy+1","Cloak And Dagger+1","Backflip+1","Bite","Bite","Bite","Bite","Bite","Storm of Steel+1","Acrobatics","Accuracy+1"],"relics":["Ring of the Snake","Potion Belt","Golden Idol","Paper Crane","Frozen Egg 2","Calling Bell","Darkstone Periapt","Torii","Red Mask","Art of War","Sozu","Prayer Wheel","Matryoshka"],"potions_floor_usage":[5,10,16,16,18,18,19,21,30,33,35],"damage_taken":[{"damage":5,"enemies":"Jaw Worm","floor":1,"turns":5},{"damage":5,"enemies":"Small Slimes","floor":2,"turns":4},{"damage":5,"enemies":"2 Louse","floor":4,"turns":2},{"damage":3,"enemies":"Red Slaver","floor":5,"turns":3},{"damage":5,"enemies":"3 Louse","floor":8,"turns":5},{"damage":3,"enemies":"2 Fungi Beasts","floor":10,"turns":4},{"damage":18,"enemies":"Slime Boss","floor":16,"turns":9},{"damage":1,"enemies":"Chosen","floor":18,"turns":4},{"damage":8,"enemies":"Shell Parasite","floor":19,"turns":6},{"damage":43,"floor":21,"turns":7},{"damage":0,"enemies":"Snecko","floor":25,"turns":5},{"damage":9,"enemies":"Centurion and Healer","floor":30,"turns":6},{"damage":7,"enemies":"3 Cultists","floor":31,"turns":5},{"damage":90,"enemies":"Automaton","floor":33,"turns":15},{"damage":13,"enemies":"3 Darklings","floor":35,"turns":6},{"damage":20,"enemies":"3 Shapes","floor":37,"turns":4},{"damage":19,"enemies":"3 Darklings","floor":39,"turns":5},{"damage":1,"enemies":"Maw","floor":41,"turns":6},{"damage":2,"floor":42,"turns":6},{"damage":58,"enemies":"Sphere and 2 Shapes","floor":44,"turns":3}],"seed_played":"8375000199374727225","potions_obtained":[{"floor":1,"key":"Poison Potion"},{"floor":2,"key":"Strength Potion"},{"floor":4,"key":"GamblersBrew"},{"floor":11,"key":"Strength Potion"},{"floor":11,"key":"Energy Potion"},{"floor":11,"key":"Fire Potion"},{"floor":16,"key":"Energy Potion"},{"floor":18,"key":"Regen Potion"},{"floor":25,"key":"AttackPotion"},{"floor":30,"key":"Weak Potion"},{"floor":33,"key":"AttackPotion"}],"is_trial":false,"path_per_floor":["M","M","?","M","M","T","R","M","T","M","?","?","R","$","R","B",null,"M","M","$","?","?","R","?","M","T","?","$","R","M","M","R","B",null,"M","?","M","$","M","R","M","?","T"],"character_chosen":"THE_SILENT","items_purchased":["Accuracy+1"],"campfire_rested":3,"item_purchase_floors":[14],"current_hp_per_floor":[65,60,43,38,35,35,56,51,51,48,48,48,48,48,69,51,70,69,62,62,35,35,56,56,66,66,66,66,66,67,69,69,12,70,70,70,54,54,45,45,50,54,54,0],"gold":407,"neow_bonus":"RANDOM_COMMON_RELIC","is_prod":false,"is_daily":false,"chose_seed":false,"campfire_upgraded":4,"win_rate":0,"timestamp":1531410067,"path_taken":["M","M","?","M","M","?","R","M","T","M","?","?","R","$","R","BOSS","M","M","$","?","?","R","?","M","T","?","$","R","M","M","R","BOSS","M","?","M","$","M","R","M","?","T","M"],"build_version":"2018-07-05","purchased_purges":4,"victory":false,"max_hp_per_floor":[70,70,70,70,70,70,70,70,70,70,70,70,70,70,70,70,70,70,70,70,70,70,70,70,70,70,70,70,70,70,70,70,70,70,70,70,70,70,70,70,70,70,70,70],"card_choices":[{"not_picked":["Crippling Poison","Sucker Punch"],"picked":"Cloak And Dagger","floor":1},{"not_picked":["Deflect","Heel Hook","Dash"],"picked":"SKIP","floor":2},{"not_picked":["PiercingWail","Blur"],"picked":"Flying Knee","floor":4},{"not_picked":["A Thousand Cuts","PiercingWail","Dagger Spray"],"picked":"SKIP","floor":5},{"not_picked":["Underhanded Strike","Bane","Prepared"],"picked":"SKIP","floor":8},{"not_picked":["Underhanded Strike","Slice"],"picked":"Infinite Blades+1","floor":10},{"not_picked":["Catalyst","Dodge and Roll"],"picked":"Cloak And Dagger","floor":18},{"not_picked":["Quick Slash","Dagger Spray","Prepared"],"picked":"SKIP","floor":19},{"not_picked":["Deadly Poison","Bane"],"picked":"Backflip","floor":21},{"not_picked":["Underhanded Strike","Bullet Time","Skewer"],"picked":"SKIP","floor":25},{"not_picked":["Underhanded Strike","Outmaneuver","Choke"],"picked":"SKIP","floor":30},{"not_picked":["Slice","Backstab","Blur"],"picked":"SKIP","floor":31},{"not_picked":["Grand Finale","Glass Knife"],"picked":"Storm of Steel","floor":33},{"not_picked":["PiercingWail","Sucker Punch+1","Dagger Throw+1"],"picked":"SKIP","floor":35},{"not_picked":["Sucker Punch","PiercingWail"],"picked":"Acrobatics","floor":37},{"not_picked":["Reflex+1","Footwork+1"],"picked":"Accuracy+1","floor":39},{"not_picked":["Riddle With Holes","Deflect+1","Dagger Spray"],"picked":"SKIP","floor":41}],"player_experience":241687,"relics_obtained":[{"floor":6,"key":"Paper Crane"},{"floor":9,"key":"Frozen Egg 2"},{"floor":17,"key":"Blood Vial"},{"floor":17,"key":"Darkstone Periapt"},{"floor":17,"key":"Torii"},{"floor":21,"key":"Red Mask"},{"floor":26,"key":"Art of War"},{"floor":42,"key":"Prayer Wheel"},{"floor":43,"key":"Matryoshka"}],"event_choices":[{"event_name":"Golden Idol","player_choice":"Take Damage","floor":3,"damage_taken":0},{"event_name":"The Lab","player_choice":"Got Potions","floor":11,"damage_taken":0},{"event_name":"Living Wall","player_choice":"Grow","floor":12,"damage_taken":0},{"event_name":"Masked Bandits","player_choice":"Fought over 150 gold","floor":21,"damage_taken":0},{"event_name":"Vampires","player_choice":"Became a vampire (Vial)","floor":22,"damage_taken":0},{"event_name":"Back to Basics","player_choice":"Elegance","floor":24,"damage_taken":0},{"event_name":"Beggar","player_choice":"Gave Gold","floor":27,"damage_taken":0},{"event_name":"Tomb of Lord Red Mask","player_choice":"Wore Mask","floor":36,"damage_taken":0},{"event_name":"MindBloom","player_choice":"Fight","floor":42,"damage_taken":0}],"boss_relics":[{"not_picked":["Tiny House","Black Star"],"picked":"Calling Bell"},{"not_picked":["Cursed Key","Coffee Dripper"],"picked":"Sozu"}],"items_purged_floors":[14,20,28,38],"is_endless":false,"potions_floor_spawned":[1,2,4,16,18,25,30,33,35,37,41],"killed_by":"Sphere and 2 Shapes","ascension_level":0}