{"gold_per_floor":[112,129,129,143,143,143,172,184,184,194,194,212,212,228,228,228],"floor_reached":16,"playtime":1777,"items_purged":[],"score":104,"play_id":"bacc0b8f-b3b8-471d-bd96-abfd984b53fd","local_time":"20190318142941","is_ascension_mode":false,"campfire_choices":[{"data":"Infinite Blades","floor":6,"key":"SMITH"},{"floor":11,"key":"REST"},{"data":"Backstab","floor":13,"key":"SMITH"},{"floor":15,"key":"REST"}],"neow_cost":"NONE","seed_source_timestamp":436597771471486,"circlet_count":0,"master_deck":["Defend_G","Defend_G","Defend_G","Defend_G","Defend_G","Strike_G","Strike_G","Strike_G","Strike_G","Strike_G","Survivor","Neutralize+1","Expertise","Infinite Blades+1","Setup","Acrobatics","Backstab+1","Sucker Punch","Dagger Throw"],"relics":["Ring of the Snake","Bag of Marbles","Question Card"],"potions_floor_usage":[8,10,14],"damage_taken":[{"damage":0,"enemies":"Jaw Worm","floor":1,"turns":5},{"damage":0,"enemies":"2 Louse","floor":2,"turns":3},{"damage":0,"enemies":"Cultist","floor":4,"turns":4},{"damage":38,"enemies":"Gremlin Nob","floor":7,"turns":6},{"damage":12,"enemies":"Large Slime","floor":8,"turns":10},{"damage":2,"enemies":"Looter","floor":10,"turns":3},{"damage":5,"enemies":"Blue Slaver","floor":12,"turns":3},{"damage":1,"enemies":"Gremlin Gang","floor":14,"turns":5},{"damage":56,"enemies":"Hexaghost","floor":16,"turns":14}],"seed_played":"-969579721501673155","potions_obtained":[{"floor":4,"key":"Weak Potion"},{"floor":7,"key":"GamblersBrew"},{"floor":8,"key":"Dexterity Potion"}],"is_trial":false,"path_per_floor":["?","?","M"],"character_chosen":"THE_SILENT","items_purchased":[],"campfire_rested":2,"item_purchase_floors":[],"current_hp_per_floor":[70,70,70,70,70,70,32,20,20,18,39,34,34,33,54,0],"gold":228,"neow_bonus":"UPGRADE_CARD","is_prod":false,"is_daily":false,"chose_seed":false,"campfire_upgraded":2,"win_rate":0,"timestamp":1552930181,"path_taken":["M","M","?","M","?","R","E","M","T","?","R","M","R","M","R","BOSS"],"build_version":"2019-01-23","purchased_purges":0,"victory":false,"max_hp_per_floor":[70,70,70,70,70,70,70,70,70,70,70,70,70,70,70,70],"card_choices":[{"not_picked":["Slice","Outmaneuver"],"picked":"Expertise","floor":1},{"not_picked":["Quick Slash","Dagger Spray"],"picked":"Infinite Blades","floor":2},{"not_picked":["Expertise","Underhanded Strike"],"picked":"Setup","floor":4},{"not_picked":["Reflex","Deadly Poison"],"picked":"Acrobatics","floor":7},{"not_picked":["Acrobatics","Blade Dance"],"picked":"Backstab","floor":8},{"not_picked":["Acrobatics","Dagger Throw","Tools of the Trade"],"picked":"Sucker Punch","floor":10},{"not_picked":["Deadly Poison","Tactician","Quick Slash"],"picked":"Dagger Throw","floor":12},{"not_picked":["Eviscerate","Masterful Stab","Underhanded Strike","Slice"],"picked":"SKIP","floor":14}],"player_experience":343649,"relics_obtained":[{"floor":7,"key":"Bag of Marbles"},{"floor":9,"key":"Question Card"}],"event_choices":[{"damage_healed":0,"gold_gain":0,"player_choice":"Leave","damage_taken":0,"max_hp_gain":0,"max_hp_loss":0,"event_name":"The Cleric","floor":3,"gold_loss":0},{"damage_healed":0,"gold_gain":0,"player_choice":"Ignored","damage_taken":0,"max_hp_gain":0,"max_hp_loss":0,"event_name":"Shining Light","floor":5,"gold_loss":0}],"is_beta":false,"boss_relics":[],"items_purged_floors":[],"is_endless":false,"potions_floor_spawned":[4,7,8],"killed_by":"Hexaghost","ascension_level":0}