{"gold_per_floor":[109,109,122,132,151,151,82,116,141,167,118,118,118],"floor_reached":13,"playtime":1363,"items_purged":[],"score":93,"play_id":"e441da73-d88f-4821-af7a-db37c52b5d9b","local_time":"20190131055041","is_ascension_mode":false,"campfire_choices":[{"data":"Creative AI","floor":6,"key":"SMITH"},{"floor":12,"key":"REST"}],"neow_cost":"NONE","seed_source_timestamp":756432378084880,"circlet_count":0,"master_deck":["Strike_B","Strike_B","Strike_B","Defend_B","Defend_B","Defend_B","Defend_B","Zap","Dualcast","Electrodynamics","Barrage","Ball Lightning","Creative AI+1","Leap","Melter","Stack","Tempest","Rebound"],"relics":["Cracked Core","Anchor","Boot","PreservedInsect"],"potions_floor_usage":[8],"damage_taken":[{"damage":5,"enemies":"Jaw Worm","floor":1,"turns":4},{"damage":0,"enemies":"Cultist","floor":3,"turns":3},{"damage":10,"enemies":"Small Slimes","floor":4,"turns":3},{"damage":9,"enemies":"2 Fungi Beasts","floor":5,"turns":4},{"damage":38,"enemies":"Lagavulin","floor":8,"turns":7},{"damage":10,"enemies":"3 Sentries","floor":10,"turns":4},{"damage":42,"enemies":"Gremlin Nob","floor":13,"turns":4}],"seed_played":"2987949647315508517","potions_obtained":[{"floor":4,"key":"Energy Potion"},{"floor":5,"key":"Dexterity Potion"},{"floor":10,"key":"Strength Potion"}],"is_trial":false,"path_per_floor":["?","M"],"character_chosen":"DEFECT","items_purchased":["Melter","Rebound"],"campfire_rested":1,"item_purchase_floors":[7,11],"current_hp_per_floor":[70,70,70,60,51,51,51,13,13,3,3,25,0],"gold":118,"neow_bonus":"ONE_RANDOM_RARE_CARD","is_prod":false,"is_daily":false,"chose_seed":false,"campfire_upgraded":1,"win_rate":0.0,"timestamp":1548924641,"path_taken":["M","?","M","M","?","R","$","E","T","E","$","R","E"],"build_version":"2019-01-23","purchased_purges":0,"victory":false,"max_hp_per_floor":[75,75,75,75,75,75,75,75,75,75,75,75,75],"card_choices":[{"not_picked":["Fusion","Go for the Eyes"],"picked":"Barrage","floor":1},{"not_picked":["Auto Shields","Conserve Battery"],"picked":"Ball Lightning","floor":3},{"not_picked":["Go for the Eyes","Steam"],"picked":"Creative AI","floor":4},{"not_picked":["Go for the Eyes","Cold Snap"],"picked":"Leap","floor":5},{"not_picked":["Static Discharge","Rip and Tear"],"picked":"Stack","floor":8},{"not_picked":["Compile Driver","Conserve Battery"],"picked":"Tempest","floor":10}],"player_experience":37112,"relics_obtained":[{"floor":8,"key":"Anchor"},{"floor":9,"key":"Boot"},{"floor":10,"key":"PreservedInsect"}],"event_choices":[{"cards_removed":["Strike_B"],"damage_healed":0,"gold_gain":0,"player_choice":"Purged","damage_taken":0,"max_hp_gain":0,"max_hp_loss":0,"event_name":"Purifier","floor":2,"gold_loss":0}],"is_beta":false,"boss_relics":[],"items_purged_floors":[],"is_endless":false,"potions_floor_spawned":[4,5,10],"killed_by":"Gremlin Nob","ascension_level":0}