{"gold_per_floor":[111,186,186,204,204,204,217,241,317,336,336,17,17,33,33,164,164,179,204,224,245,109,109,149,163,163,188,188,188,201,226,226,226],"floor_reached":33,"playtime":2187,"items_purged":["Defend_R","Bash"],"score":263,"play_id":"82dc9fb3-ea85-44e5-8b23-19aba4cdf117","local_time":"20180705090723","is_ascension_mode":false,"campfire_choices":[{"floor":6,"key":"REST"},{"data":"Thunderclap","floor":11,"key":"SMITH"},{"data":"Cleave","floor":13,"key":"SMITH"},{"data":"Offering","floor":15,"key":"SMITH"},{"data":"Infernal Blade","floor":23,"key":"SMITH"},{"data":"Thunderclap","floor":28,"key":"SMITH"},{"floor":32,"key":"REST"}],"neow_cost":"NONE","seed_source_timestamp":1233953322780283,"circlet_count":0,"master_deck":["Strike_R","Strike_R","Strike_R","Strike_R","Strike_R","Defend_R+1","Defend_R+1","Offering+1","Cleave+1","Twin Strike","Thunderclap+1","Clash","Berserk","Perfected Strike","Pommel Strike+1","Pommel Strike+1","Infernal Blade+1","Hemokinesis+1","Thunderclap+1","Searing Blow","Twin Strike+1"],"relics":["Black Blood","Golden Idol","Meat on the Bone","Oddly Smooth Stone","Pantograph"],"potions_floor_usage":[14,25,33,33],"damage_taken":[{"damage":14,"enemies":"Small Slimes","floor":1,"turns":2},{"damage":5,"enemies":"Jaw Worm","floor":4,"turns":3},{"damage":12,"enemies":"2 Louse","floor":7,"turns":2},{"damage":4,"enemies":"Blue Slaver","floor":8,"turns":3},{"damage":4,"enemies":"Large Slime","floor":10,"turns":3},{"damage":9,"enemies":"Red Slaver","floor":14,"turns":2},{"damage":42,"enemies":"Hexaghost","floor":16,"turns":9},{"damage":26,"enemies":"2 Thieves","floor":18,"turns":5},{"damage":26,"enemies":"Spheric Guardian","floor":19,"turns":4},{"damage":30,"enemies":"Cultist and Chosen","floor":20,"turns":5},{"damage":21,"enemies":"Chosen and Byrds","floor":21,"turns":5},{"damage":31,"enemies":"Gremlin Leader","floor":24,"turns":6},{"damage":16,"enemies":"Centurion and Healer","floor":25,"turns":3},{"damage":23,"enemies":"Snake Plant","floor":27,"turns":3},{"damage":13,"enemies":"Cultist and Chosen","floor":30,"turns":3},{"damage":39,"enemies":"Centurion and Healer","floor":31,"turns":4},{"damage":99,"enemies":"Collector","floor":33,"turns":6}],"seed_played":"3508151546271063622","potions_obtained":[{"floor":8,"key":"Regen Potion"},{"floor":16,"key":"Swift Potion"},{"floor":19,"key":"GamblersBrew"},{"floor":20,"key":"Energy Potion"},{"floor":25,"key":"SpeedPotion"},{"floor":31,"key":"SkillPotion"}],"is_trial":false,"path_per_floor":["M","?","?","M","?","R","M","M","T","M","R","$","R","M","R","B",null,"M","M","M","M","$","R","E","M","T","M","R","?","M","M","R"],"character_chosen":"IRONCLAD","items_purchased":["Meat on the Bone","Infernal Blade"],"campfire_rested":2,"item_purchase_floors":[12,22],"current_hp_per_floor":[72,61,41,42,26,50,44,46,46,48,48,48,48,57,57,33,80,64,60,52,53,53,53,44,50,50,49,49,49,58,41,65,0],"gold":226,"neow_bonus":"TRANSFORM_CARD","is_prod":false,"is_daily":false,"chose_seed":false,"campfire_upgraded":5,"win_rate":0.0,"timestamp":1530796043,"path_taken":["M","?","?","M","?","R","M","?","T","M","R","$","R","M","R","BOSS","M","M","M","M","$","R","E","?","T","M","R","?","M","M","R","BOSS"],"build_version":"2018-06-28","purchased_purges":2,"victory":false,"max_hp_per_floor":[80,80,80,80,80,80,80,80,80,80,80,80,80,80,80,80,80,80,80,80,80,80,80,80,80,80,80,80,80,80,80,80,80],"card_choices":[{"not_picked":["Armaments","Headbutt"],"picked":"Cleave","floor":1},{"not_picked":["Body Slam","Corruption"],"picked":"Warcry","floor":4},{"not_picked":["Armaments","Disarm","True Grit"],"picked":"SKIP","floor":7},{"not_picked":["Infernal Blade","Barricade"],"picked":"Twin Strike","floor":8},{"not_picked":["True Grit","Metallicize"],"picked":"Thunderclap","floor":10},{"not_picked":["Body Slam","Heavy Blade"],"picked":"Clash","floor":14},{"not_picked":["Barricade","Brutality"],"picked":"Berserk","floor":16},{"not_picked":["Hemokinesis","Iron Wave"],"picked":"Perfected Strike","floor":18},{"not_picked":["Clash","Perfected Strike"],"picked":"Pommel Strike+1","floor":19},{"not_picked":["Twin Strike","Intimidate"],"picked":"Pommel Strike+1","floor":20},{"not_picked":["Spot Weakness","Perfected Strike","Armaments"],"picked":"SKIP","floor":21},{"not_picked":["Intimidate","Shockwave","Shrug It Off"],"picked":"SKIP","floor":24},{"not_picked":["Perfected Strike","Clash+1"],"picked":"Hemokinesis+1","floor":25},{"not_picked":["Body Slam","Armaments"],"picked":"Thunderclap","floor":27},{"not_picked":["Sword Boomerang","Feel No Pain"],"picked":"Searing Blow","floor":30},{"not_picked":["Shrug It Off","Warcry"],"picked":"Twin Strike+1","floor":31}],"player_experience":29007,"relics_obtained":[{"floor":24,"key":"Oddly Smooth Stone"},{"floor":26,"key":"Pantograph"}],"event_choices":[{"event_name":"World of Goop","player_choice":"Gather Gold","floor":2,"damage_taken":0},{"event_name":"Golden Idol","player_choice":"Take Damage","floor":3,"damage_taken":0},{"event_name":"Shining Light","player_choice":"Entered Light","floor":5,"damage_taken":0},{"event_name":"Purifier","player_choice":"One Purge","floor":29,"damage_taken":0}],"boss_relics":[{"not_picked":["Snecko Eye","Astrolabe"],"picked":"Black Blood"}],"items_purged_floors":[12,22],"is_endless":false,"potions_floor_spawned":[8,16,19,20,25,31],"killed_by":"Collector","ascension_level":0}