{"gold_per_floor":[212,212,86,102,171,171,171,190,217,242,242,276,276,309,309,405,405,422,408,408,421,441,441,475,475,502,513,513,533,137,150,150,150],"floor_reached":33,"playtime":2219,"items_purged":["Strike_B","Defend_B"],"score":385,"play_id":"2287bd9b-a9a4-4d0d-81d5-e3088301c251","local_time":"20190326135208","is_ascension_mode":true,"campfire_choices":[{"data":"Streamline","floor":6,"key":"SMITH"},{"data":"Go for the Eyes","floor":11,"key":"SMITH"},{"floor":13,"key":"DIG"},{"floor":15,"key":"REST"},{"floor":23,"key":"REST"},{"floor":25,"key":"REST"},{"floor":28,"key":"REST"},{"data":"Defragment","floor":32,"key":"SMITH"}],"neow_cost":"NONE","seed_source_timestamp":5596188788400,"circlet_count":0,"master_deck":["Strike_B+1","Strike_B+1","Defend_B","Defend_B","Defend_B","Zap","Dualcast","Hologram","Streamline+1","Glacier","BootSequence","Go for the Eyes+1","Compile Driver","Sweeping Beam","Biased Cognition","Chill","Conserve Battery","Ball Lightning","Defragment+1","Electrodynamics","Defragment","Auto Shields"],"relics":["Cracked Core","Sundial","Whetstone","Shovel","Smiling Mask","Strawberry","Darkstone Periapt","White Beast Statue","StoneCalendar","Potion Belt","Ice Cream"],"potions_floor_usage":[14,16,19,24,24,24,29,33,33],"damage_taken":[{"damage":4,"enemies":"2 Louse","floor":1,"turns":4},{"damage":4,"enemies":"Jaw Worm","floor":4,"turns":3},{"damage":0,"enemies":"Cultist","floor":8,"turns":4},{"damage":16,"enemies":"Gremlin Nob","floor":10,"turns":4},{"damage":6,"enemies":"Lagavulin","floor":12,"turns":10},{"damage":29,"enemies":"Gremlin Nob","floor":14,"turns":5},{"damage":10,"enemies":"Slime Boss","floor":16,"turns":10},{"damage":2,"enemies":"Chosen","floor":18,"turns":5},{"damage":0,"enemies":"2 Thieves","floor":19,"turns":4},{"damage":16,"enemies":"Shelled Parasite and Fungi","floor":21,"turns":6},{"damage":20,"enemies":"Centurion and Healer","floor":22,"turns":6},{"damage":42,"enemies":"Gremlin Leader","floor":24,"turns":8},{"damage":13,"enemies":"Snake Plant","floor":27,"turns":4},{"damage":8,"enemies":"3 Cultists","floor":29,"turns":6},{"damage":5,"enemies":"Centurion and Healer","floor":31,"turns":7},{"damage":34,"enemies":"Champ","floor":33,"turns":9}],"seed_played":"-899695173468665688","potions_obtained":[{"floor":8,"key":"Swift Potion"},{"floor":12,"key":"Strength Potion"},{"floor":18,"key":"Fire Potion"},{"floor":19,"key":"Strength Potion"},{"floor":21,"key":"AttackPotion"},{"floor":22,"key":"Poison Potion"},{"floor":24,"key":"Fire Potion"},{"floor":27,"key":"Dexterity Potion"},{"floor":29,"key":"SpeedPotion"},{"floor":31,"key":"SpeedPotion"}],"is_trial":false,"path_per_floor":["?","?","?","?","M"],"character_chosen":"DEFECT","items_purchased":["Streamline","Ice Cream","Weak Potion"],"campfire_rested":4,"item_purchase_floors":[3,30,30],"current_hp_per_floor":[64,57,57,53,53,53,53,53,53,37,37,31,38,9,33,23,67,65,65,65,49,29,53,11,35,35,22,46,38,38,33,33,0],"gold":150,"neow_bonus":"HUNDRED_GOLD","is_prod":false,"is_daily":false,"chose_seed":false,"campfire_upgraded":3,"win_rate":0,"timestamp":1553622728,"path_taken":["M","?","$","M","?","R","?","M","T","E","R","E","R","E","R","BOSS","M","M","?","?","M","R","E","R","T","M","R","M","$","M","R","BOSS"],"build_version":"2019-01-23","purchased_purges":2,"victory":false,"max_hp_per_floor":[75,75,75,75,75,75,75,75,75,75,75,75,82,82,82,82,82,82,82,82,82,82,82,82,82,82,82,82,82,82,82,82,82],"card_choices":[{"not_picked":["Rebound","Chaos"],"picked":"Hologram","floor":1},{"not_picked":["Static Discharge","Self Repair"],"picked":"Glacier","floor":4},{"not_picked":["Coolheaded","Chaos"],"picked":"BootSequence","floor":8},{"not_picked":["Capacitor","Reboot"],"picked":"Go for the Eyes","floor":10},{"not_picked":["Stack","Darkness"],"picked":"Compile Driver","floor":12},{"not_picked":["Coolheaded","Stack"],"picked":"Sweeping Beam","floor":14},{"not_picked":["Echo Form","Buffer"],"picked":"Biased Cognition","floor":16},{"not_picked":["Sweeping Beam","Rebound+1"],"picked":"Chill","floor":18},{"not_picked":["Steam","Gash"],"picked":"Conserve Battery","floor":19},{"not_picked":["Redo+1","Storm"],"picked":"Ball Lightning","floor":21},{"not_picked":["Blizzard","Storm"],"picked":"Defragment","floor":22},{"not_picked":["Blizzard","Scrape"],"picked":"Electrodynamics","floor":24},{"not_picked":["Beam Cell+1","Rebound"],"picked":"Defragment","floor":27},{"not_picked":["Static Discharge+1","Streamline","BootSequence"],"picked":"SKIP","floor":29},{"not_picked":["Conserve Battery","Darkness"],"picked":"Auto Shields","floor":31}],"player_experience":293281,"relics_obtained":[{"floor":9,"key":"Whetstone"},{"floor":10,"key":"Shovel"},{"floor":12,"key":"Smiling Mask"},{"floor":13,"key":"Strawberry"},{"floor":14,"key":"Darkstone Periapt"},{"floor":24,"key":"StoneCalendar"},{"floor":26,"key":"Potion Belt"}],"event_choices":[{"damage_healed":0,"gold_gain":0,"player_choice":"Success","damage_taken":7,"relics_obtained":["Sundial"],"max_hp_gain":0,"max_hp_loss":0,"event_name":"Scrap Ooze","floor":2,"gold_loss":0},{"damage_healed":0,"gold_gain":69,"player_choice":"Gained Gold","damage_taken":0,"max_hp_gain":0,"max_hp_loss":0,"event_name":"Golden Wing","floor":5,"gold_loss":0},{"damage_healed":0,"gold_gain":0,"player_choice":"Ignored","damage_taken":0,"max_hp_gain":0,"max_hp_loss":0,"event_name":"Liars Game","floor":7,"gold_loss":0},{"cards_removed":["Strike_B"],"damage_healed":0,"gold_gain":0,"player_choice":"Offered Basic","damage_taken":0,"max_hp_gain":0,"max_hp_loss":0,"event_name":"Bonfire Elementals","floor":20,"gold_loss":0}],"is_beta":false,"boss_relics":[{"not_picked":["Calling Bell","Coffee Dripper"],"picked":"White Beast Statue"}],"items_purged_floors":[3,30],"is_endless":false,"potions_floor_spawned":[8,12,18,19,21,22,24,27,29,31],"killed_by":"Champ","ascension_level":7}