{"gold_per_floor":[114,114,130,49,49,82,82,29,29,104,104,120,176,276,276,372,372,345,272,272,291,216,247,247,347,398,417,417,332,123,123],"floor_reached":31,"playtime":905,"items_purged":[],"score":381,"play_id":"fccc573e-340c-437a-87b8-44cc0f1a8724","local_time":"20190327212622","is_ascension_mode":true,"campfire_choices":[{"data":"Loop","floor":11.0,"key":"SMITH"},{"data":"Go for the Eyes","floor":15.0,"key":"SMITH"},{"floor":24,"key":"REST"}],"neow_cost":"NONE","seed_source_timestamp":16346415975514,"circlet_count":0,"master_deck":["Strike_B+1","Strike_B+1","Defend_B+1","Defend_B+1","Zap","Dualcast+1","Tempest+1","Go for the Eyes+1","Loop+1","Buffer+1","Conserve Battery","Seek","Echo Form","Cold Snap","White Noise","Blizzard","Lockon","Undo"],"special_seed":0,"relics":["Cracked Core","NeowsBlessing","Juzu Bracelet","Oddly Smooth Stone","Centennial Puzzle","Eternal Feather","Art of War","Orichalcum","Sundial","Pear","Chemical X"],"potions_floor_usage":[],"damage_taken":[{"damage":0.0,"enemies":"Small Slimes","floor":1.0,"turns":1.0},{"damage":0.0,"enemies":"Cultist","floor":3.0,"turns":1.0},{"damage":0.0,"enemies":"Lagavulin","floor":6.0,"turns":1.0},{"damage":0.0,"enemies":"Jaw Worm","floor":12.0,"turns":3.0},{"damage":14.0,"enemies":"3 Sentries","floor":13.0,"turns":6.0},{"damage":24.0,"enemies":"Hexaghost","floor":16.0,"turns":11.0},{"damage":8.0,"enemies":"2 Thieves","floor":18.0,"turns":5.0},{"damage":12,"enemies":"3 Byrds","floor":21,"turns":5},{"damage":32,"enemies":"Book of Stabbing","floor":23,"turns":7},{"damage":12,"enemies":"Shelled Parasite and Fungi","floor":27,"turns":7}],"seed_played":"-5705521799795455684","potions_obtained":[{"floor":1.0,"key":"Regen Potion"},{"floor":13.0,"key":"Energy Potion"},{"floor":21,"key":"Swift Potion"},{"floor":27,"key":"Strength Potion"}],"is_trial":false,"path_per_floor":["M","?","M","$","?","E","?","$","T","?","R","M","?","?","R","B",null,"M","$","?","M","?","E","R","?","T","M","?","?","$","?"],"character_chosen":"DEFECT","items_purchased":["Loop","Conserve Battery","White Noise","Chemical X"],"campfire_rested":1,"item_purchase_floors":[4,8,19,30],"current_hp_per_floor":[68,68,68,68,68,68,53,53,53,46,46,46,32,32,32,23,62,54,54,54,42,42,10,41,41,41,29,29,39,39,39],"gold":123,"neow_bonus":"THREE_ENEMY_KILL","is_prod":false,"is_daily":false,"chose_seed":false,"campfire_upgraded":2,"win_rate":0,"timestamp":1553739982,"path_taken":["M","?","?","$","?","E","?","$","T","?","R","M","?","?","R","BOSS","M","$","?","M","?","E","R","?","T","M","?","?","$","?"],"build_version":"2019-01-23","purchased_purges":0,"victory":false,"max_hp_per_floor":[75,75,75,75,75,75,75,75,75,75,75,75,75,75,75,75,75,75,75,75,75,75,75,75,75,75,75,75,85,85,85],"card_choices":[{"not_picked":["Cold Snap","Rebound"],"picked":"Tempest","floor":1.0},{"not_picked":["Gash","Beam Cell"],"picked":"Go for the Eyes","floor":3.0},{"not_picked":["Hello World","Sweeping Beam","Leap"],"picked":"SKIP","floor":6.0},{"not_picked":["Go for the Eyes","Aggregate"],"picked":"Seek","floor":12.0},{"not_picked":["Creative AI","All For One"],"picked":"Echo Form","floor":16.0},{"not_picked":["Aggregate+1","Conserve Battery"],"picked":"Cold Snap","floor":18.0},{"not_picked":["Sweeping Beam","Gash"],"picked":"Undo","floor":21},{"not_picked":["Darkness","Redo","Heatsinks+1"],"picked":"SKIP","floor":23},{"not_picked":["Compile Driver","Gash+1","Hello World"],"picked":"SKIP","floor":27}],"player_experience":582086,"relics_obtained":[{"floor":6.0,"key":"Juzu Bracelet"},{"floor":9.0,"key":"Oddly Smooth Stone"},{"floor":13.0,"key":"Centennial Puzzle"},{"floor":23,"key":"Art of War"},{"floor":26,"key":"Orichalcum"}],"event_choices":[{"damage_healed":0.0,"max_hp_gain":0.0,"max_hp_loss":0.0,"gold_gain":0.0,"event_name":"Accursed Blacksmith","player_choice":"Forge","floor":2.0,"gold_loss":0.0,"damage_taken":0.0,"cards_upgraded":["Tempest"]},{"damage_healed":0.0,"max_hp_gain":0.0,"max_hp_loss":0.0,"gold_gain":0.0,"cards_transformed":["Strike_B"],"event_name":"Living Wall","player_choice":"Change","floor":5.0,"gold_loss":0.0,"damage_taken":0.0,"cards_obtained":["Buffer"]},{"damage_healed":0.0,"max_hp_gain":0.0,"max_hp_loss":0.0,"gold_gain":0.0,"event_name":"Shining Light","player_choice":"Entered Light","floor":7.0,"gold_loss":0.0,"damage_taken":15.0,"cards_upgraded":["Dualcast","Buffer"]},{"damage_healed":0.0,"max_hp_gain":0.0,"max_hp_loss":0.0,"gold_gain":75.0,"event_name":"FaceTrader","player_choice":"Touch","floor":10.0,"gold_loss":0.0,"damage_taken":7.0},{"damage_healed":0.0,"max_hp_gain":0.0,"max_hp_loss":0.0,"gold_gain":0.0,"event_name":"Dead Adventurer","player_choice":"Searched \u00271\u0027 times","floor":13.0,"gold_loss":0.0,"damage_taken":0.0},{"damage_healed":0.0,"max_hp_gain":0.0,"max_hp_loss":0.0,"gold_gain":100.0,"event_name":"Golden Shrine","player_choice":"Pray","floor":14.0,"gold_loss":0.0,"damage_taken":0.0},{"damage_healed":0,"gold_gain":0,"cards_transformed":["Strike_B","Defend_B"],"player_choice":"Became Test Subject","damage_taken":0,"max_hp_gain":0,"max_hp_loss":0,"event_name":"Drug Dealer","floor":20,"gold_loss":0,"cards_obtained":["Blizzard","Lockon"]},{"cards_removed":["Defend_B"],"damage_healed":0,"gold_gain":0,"player_choice":"Gave Gold","damage_taken":0,"max_hp_gain":0,"max_hp_loss":0,"event_name":"Beggar","floor":22,"gold_loss":75},{"damage_healed":0,"gold_gain":100,"player_choice":"Pray","damage_taken":0,"max_hp_gain":0,"max_hp_loss":0,"event_name":"Golden Shrine","floor":25,"gold_loss":0},{"damage_healed":0,"gold_gain":0,"player_choice":"Opened","damage_taken":0,"relics_obtained":["Sundial"],"max_hp_gain":0,"max_hp_loss":0,"event_name":"The Mausoleum","floor":28,"gold_loss":0},{"damage_healed":0,"gold_gain":0,"player_choice":"Obtained Relic","damage_taken":0,"relics_obtained":["Pear"],"max_hp_gain":0,"max_hp_loss":0,"event_name":"Addict","floor":29,"gold_loss":85},{"damage_healed":0,"gold_gain":0,"player_choice":"Simplicity","damage_taken":0,"max_hp_gain":0,"max_hp_loss":0,"event_name":"Back to Basics","floor":31,"gold_loss":0,"cards_upgraded":["Strike_B","Strike_B","Defend_B","Defend_B"]}],"is_beta":false,"boss_relics":[{"not_picked":["Velvet Choker","Ectoplasm"],"picked":"Eternal Feather"}],"items_purged_floors":[],"is_endless":false,"potions_floor_spawned":[1,13,21,27],"ascension_level":8}