{"gold_per_floor":[117,134,134,154,154,154,154,4,4,27,52,87,87,130,130,261,261,282,130,144,144,144,144],"floor_reached":23,"playtime":2811,"items_purged":["Injury","Strike_G"],"score":199,"play_id":"b374cf25-aee4-45a9-91dd-0910944cc034","local_time":"20190321214102","is_ascension_mode":false,"campfire_choices":[{"data":"Neutralize","floor":6,"key":"SMITH"},{"data":"Backstab","floor":13,"key":"SMITH"},{"data":"Footwork","floor":15,"key":"SMITH"}],"neow_cost":"NONE","seed_source_timestamp":9213738211527,"circlet_count":0,"master_deck":["Defend_G","Defend_G","Defend_G","Defend_G","Defend_G","Strike_G","Strike_G","Strike_G","Strike_G","Survivor","Neutralize+1","Backstab+1","PiercingWail","Dagger Spray","Footwork+1","Glass Knife","Leg Sweep","Tools of the Trade","Blur+1"],"relics":["Ring of the Snake","Golden Idol","Sundial","Boot","Darkstone Periapt","Snecko Eye","MutagenicStrength"],"potions_floor_usage":[12,14,14,14,23,23],"damage_taken":[{"damage":0,"enemies":"2 Louse","floor":1,"turns":3},{"damage":0,"enemies":"Jaw Worm","floor":2,"turns":5},{"damage":0,"enemies":"Cultist","floor":4,"turns":4},{"damage":0,"enemies":"Blue Slaver","floor":10,"turns":6},{"damage":0,"enemies":"2 Fungi Beasts","floor":11,"turns":3},{"damage":4,"enemies":"3 Sentries","floor":12,"turns":12},{"damage":1,"enemies":"Lagavulin","floor":14,"turns":8},{"damage":45,"enemies":"The Guardian","floor":16,"turns":21},{"damage":11,"enemies":"3 Byrds","floor":18,"turns":5},{"damage":16,"enemies":"Spheric Guardian","floor":20,"turns":7},{"damage":80,"enemies":"Gremlin Leader","floor":23,"turns":12}],"seed_played":"-44996603580225285","potions_obtained":[{"floor":0,"key":"AttackPotion"},{"floor":0,"key":"GhostInAJar"},{"floor":0,"key":"Fire Potion"},{"floor":12,"key":"AttackPotion"},{"floor":20,"key":"Regen Potion"}],"is_trial":false,"path_per_floor":["?","?","?","?","?"],"character_chosen":"THE_SILENT","items_purchased":["Footwork","Explosive Potion"],"campfire_rested":0,"item_purchase_floors":[8,19],"current_hp_per_floor":[70,70,70,70,70,70,75,75,75,75,75,71,71,70,70,25,75,64,64,48,73,73,0],"gold":144,"neow_bonus":"THREE_SMALL_POTIONS","is_prod":false,"is_daily":false,"chose_seed":false,"campfire_upgraded":3,"win_rate":0,"timestamp":1553215262,"path_taken":["M","M","?","M","?","R","?","$","T","M","M","E","R","E","R","BOSS","M","$","M","?","?","E"],"build_version":"2019-01-23","purchased_purges":2,"victory":false,"max_hp_per_floor":[70,70,70,70,70,70,75,75,75,75,75,75,75,75,75,75,75,75,75,75,75,75,75],"card_choices":[{"not_picked":["Backflip","Dagger Spray"],"picked":"Backstab","floor":1},{"not_picked":["Choke","Outmaneuver"],"picked":"PiercingWail","floor":2},{"not_picked":["Cloak And Dagger","Dagger Throw"],"picked":"Dagger Spray","floor":4},{"not_picked":["Leg Sweep","Sucker Punch"],"picked":"Glass Knife","floor":10},{"not_picked":["Blur","Dagger Spray"],"picked":"Leg Sweep","floor":11},{"not_picked":["Predator","Acrobatics","PiercingWail"],"picked":"SKIP","floor":12},{"not_picked":["Dodge and Roll","Accuracy","Slice"],"picked":"SKIP","floor":14},{"not_picked":["Burst","After Image"],"picked":"Tools of the Trade","floor":16},{"not_picked":["Flying Knee","Dagger Spray","Outmaneuver"],"picked":"SKIP","floor":18},{"not_picked":["Quick Slash","Slice"],"picked":"Blur+1","floor":20}],"player_experience":397784,"relics_obtained":[{"floor":9,"key":"Sundial"},{"floor":12,"key":"Boot"},{"floor":14,"key":"Darkstone Periapt"}],"event_choices":[{"damage_healed":0,"gold_gain":0,"player_choice":"Leave","damage_taken":0,"max_hp_gain":0,"max_hp_loss":0,"event_name":"The Cleric","floor":3,"gold_loss":0},{"damage_healed":0,"gold_gain":0,"player_choice":"Take Wound","damage_taken":0,"relics_obtained":["Golden Idol"],"max_hp_gain":0,"max_hp_loss":0,"event_name":"Golden Idol","floor":5,"gold_loss":0,"cards_obtained":["Injury"]},{"damage_healed":0,"gold_gain":0,"player_choice":"Donut","damage_taken":0,"max_hp_gain":5,"max_hp_loss":0,"event_name":"Big Fish","floor":7,"gold_loss":0},{"damage_healed":25,"gold_gain":0,"player_choice":"Heal","damage_taken":0,"max_hp_gain":0,"max_hp_loss":0,"event_name":"The Library","floor":21,"gold_loss":0},{"damage_healed":0,"gold_gain":0,"player_choice":"Inject Mutagens","damage_taken":0,"relics_obtained":["MutagenicStrength"],"max_hp_gain":0,"max_hp_loss":0,"event_name":"Drug Dealer","floor":22,"gold_loss":0}],"is_beta":false,"boss_relics":[{"not_picked":["Ectoplasm","HoveringKite"],"picked":"Snecko Eye"}],"items_purged_floors":[8,19],"is_endless":false,"potions_floor_spawned":[4,12,20],"killed_by":"Gremlin Leader","ascension_level":0}