{"gold_per_floor":[109,129,16,28,28,58,58,93,142,162,211,211,222,239,239,344,344],"floor_reached":17,"playtime":749,"items_purged":[],"score":175,"play_id":"dde4856a-83b9-414b-9a64-c2e10ce504ae","local_time":"20180919084819","is_ascension_mode":true,"campfire_choices":[{"data":"Riddle With Holes","floor":7,"key":"SMITH"},{"floor":12,"key":"REST"},{"floor":15,"key":"REST"}],"neow_cost":"","seed_source_timestamp":449092201397397,"circlet_count":0,"master_deck":["Defend_G","Defend_G","Defend_G","Strike_G","Strike_G","Strike_G","Strike_G","Strike_G","Survivor","Neutralize","Riddle With Holes+1","Bouncing Flask","Footwork","Dagger Throw","Backstab","Terror"],"relics":["Ring of the Snake","Kunai","Ancient Tea Set","Anchor","PreservedInsect","Empty Cage"],"potions_floor_usage":[2,6,14],"damage_taken":[{"damage":0,"enemies":"Cultist","floor":1,"turns":4},{"damage":3,"enemies":"Jaw Worm","floor":2,"turns":2},{"damage":0,"enemies":"Small Slimes","floor":4,"turns":3},{"damage":22,"enemies":"3 Sentries","floor":6,"turns":9},{"damage":16,"enemies":"Gremlin Nob","floor":8,"turns":4},{"damage":6,"enemies":"Blue Slaver","floor":10,"turns":4},{"damage":0,"enemies":"3 Louse","floor":13,"turns":2},{"damage":6,"enemies":"Gremlin Gang","floor":14,"turns":5},{"damage":51,"enemies":"Slime Boss","floor":16,"turns":12}],"seed_played":"-853337052374950409","potions_obtained":[{"floor":1,"key":"Poison Potion"},{"floor":2,"key":"Fire Potion"},{"floor":10,"key":"Block Potion"}],"is_trial":false,"path_per_floor":["M","M","$","M","$","E","R","E","T","M","T","R","M","M","R","B"],"character_chosen":"THE_SILENT","items_purchased":["Footwork","Dagger Throw"],"campfire_rested":2,"item_purchase_floors":[3,3],"current_hp_per_floor":[70,67,67,67,67,45,45,29,29,23,23,44,44,38,59,8,8],"gold":344,"neow_bonus":"","is_prod":false,"is_daily":false,"chose_seed":false,"campfire_upgraded":1,"win_rate":0,"timestamp":1537361299,"path_taken":["M","?","$","M","$","E","R","E","T","M","?","R","M","?","R","BOSS"],"build_version":"2018-09-06","purchased_purges":0,"victory":false,"max_hp_per_floor":[70,70,70,70,70,70,70,70,70,70,70,70,70,70,70,70,70],"card_choices":[{"not_picked":["PiercingWail","Slice"],"picked":"Riddle With Holes","floor":1},{"not_picked":["Cloak And Dagger","Prepared"],"picked":"Bouncing Flask","floor":2},{"not_picked":["Dodge and Roll","Dagger Throw","Masterful Stab"],"picked":"SKIP","floor":4},{"not_picked":["Envenom","Prepared","Slice"],"picked":"SKIP","floor":6},{"not_picked":["Masterful Stab","Dagger Throw","Glass Knife"],"picked":"SKIP","floor":8},{"not_picked":["Predator","Sucker Punch"],"picked":"Backstab","floor":10},{"not_picked":["Acrobatics","Distraction","Bane"],"picked":"SKIP","floor":13},{"not_picked":["Distraction","Masterful Stab"],"picked":"Terror","floor":14}],"player_experience":357721,"relics_obtained":[{"floor":6,"key":"Kunai"},{"floor":8,"key":"Ancient Tea Set"},{"floor":9,"key":"Anchor"},{"floor":11,"key":"PreservedInsect"}],"event_choices":[],"is_beta":false,"boss_relics":[{"not_picked":["Astrolabe","Snecko Eye"],"picked":"Empty Cage"}],"items_purged_floors":[],"is_endless":false,"potions_floor_spawned":[1,2,10],"ascension_level":1}