{"gold_per_floor":[111,111,186,196,75,75,95,95,119,132,132,151,5,15,15,117,117,132,145,20,31,31,31,31,31,57,75,75,87,87,97,97,97],"floor_reached":33,"playtime":1130,"items_purged":["Defend_R","Defend_R","Dropkick+1"],"score":239,"play_id":"b808e915-0c22-4968-b330-9dab8d383ce2","local_time":"20180706123806","is_ascension_mode":false,"campfire_choices":[{"data":"Perfected Strike","floor":6,"key":"SMITH"},{"floor":8,"key":"REST"},{"floor":15,"key":"REST"},{"floor":23,"key":"REST"},{"floor":28,"key":"REST"},{"floor":32,"key":"REST"}],"neow_cost":"NONE","seed_source_timestamp":1334055232763325,"circlet_count":0,"master_deck":["Strike_R","Strike_R","Strike_R+1","Strike_R","Strike_R","Bash","Battle Trance","Perfected Strike+1","Limit Break","Bludgeon","Spot Weakness+1","Sword Boomerang+1","Sword Boomerang","Whirlwind"],"relics":["Lizard Tail","Oddly Smooth Stone","Paper Frog","Nloth\u0027s Gift","Pen Nib","Champion Belt"],"potions_floor_usage":[12,16,16,19,21,31],"damage_taken":[{"damage":15,"enemies":"Cultist","floor":1,"turns":4},{"damage":12,"enemies":"2 Louse","floor":4,"turns":3},{"damage":17,"enemies":"Small Slimes","floor":7,"turns":3},{"damage":10,"enemies":"Looter","floor":10,"turns":2},{"damage":7,"enemies":"Large Slime","floor":12,"turns":3},{"damage":12,"enemies":"Blue Slaver","floor":14,"turns":2},{"damage":27,"enemies":"The Guardian","floor":16,"turns":9},{"damage":22,"enemies":"Shell Parasite","floor":18,"turns":3},{"damage":25,"enemies":"3 Byrds","floor":19,"turns":4},{"damage":21,"enemies":"Snake Plant","floor":21,"turns":2},{"damage":26,"enemies":"Centurion and Healer","floor":27,"turns":4},{"damage":24,"enemies":"Slaver and Parasite","floor":29,"turns":2},{"damage":15,"enemies":"Snake Plant","floor":31,"turns":3},{"damage":108,"enemies":"Collector","floor":33,"turns":7}],"seed_played":"-4002792726481805481","potions_obtained":[{"floor":4,"key":"SteroidPotion"},{"floor":7,"key":"SpeedPotion"},{"floor":12,"key":"Strength Potion"},{"floor":16,"key":"AttackPotion"},{"floor":19,"key":"LiquidBronze"},{"floor":27,"key":"AttackPotion"},{"floor":29,"key":"SpeedPotion"}],"is_trial":false,"path_per_floor":["M","?","?","M","$","R","M","R","T","M","?","M","$","M","R","B",null,"M","M","$","M","?","R","?","?","T","M","R","M","T","M","R"],"character_chosen":"IRONCLAD","items_purchased":["Perfected Strike","Wild Strike"],"campfire_rested":5,"item_purchase_floors":[5,13],"current_hp_per_floor":[65,70,59,47,47,47,30,55,55,45,28,21,21,9,34,7,85,63,38,38,17,17,42,42,42,42,16,41,17,17,2,27,0],"gold":97,"neow_bonus":"BOSS_RELIC","is_prod":false,"is_daily":false,"chose_seed":false,"campfire_upgraded":1,"win_rate":0,"timestamp":1530895086,"path_taken":["M","?","?","M","$","R","M","R","T","M","?","M","$","?","R","BOSS","M","M","$","M","?","R","?","?","T","M","R","M","?","M","R","BOSS"],"build_version":"2018-07-05","purchased_purges":3,"victory":false,"max_hp_per_floor":[80,85,85,85,85,85,85,85,85,85,85,85,85,85,85,85,85,85,85,85,85,85,85,85,85,85,85,85,85,85,85,85,85],"card_choices":[{"not_picked":["Pommel Strike","Armaments","Second Wind"],"picked":"SKIP","floor":1},{"not_picked":["Intimidate","Rage"],"picked":"Battle Trance","floor":4},{"not_picked":["Shrug It Off","Metallicize","Armaments"],"picked":"SKIP","floor":7},{"not_picked":["Heavy Blade","Cleave"],"picked":"Limit Break","floor":10},{"not_picked":["Anger","Combust","Cleave"],"picked":"SKIP","floor":12},{"not_picked":["True Grit","Body Slam","Heavy Blade"],"picked":"SKIP","floor":14},{"not_picked":["Demon Form","Feed"],"picked":"Bludgeon","floor":16},{"not_picked":["Clothesline","True Grit","Havoc+1"],"picked":"SKIP","floor":18},{"not_picked":["Infernal Blade","Rupture"],"picked":"Sword Boomerang","floor":19},{"not_picked":["Pummel","Body Slam","Fire Breathing+1"],"picked":"SKIP","floor":21},{"not_picked":["Feed","Twin Strike+1"],"picked":"Whirlwind","floor":27},{"not_picked":["Sword Boomerang","Entrench+1","Cleave"],"picked":"SKIP","floor":29},{"not_picked":["Twin Strike+1","Clash","Havoc"],"picked":"SKIP","floor":31}],"player_experience":88589,"relics_obtained":[{"floor":9,"key":"Oddly Smooth Stone"},{"floor":26,"key":"Pen Nib"},{"floor":30,"key":"Champion Belt"}],"event_choices":[{"event_name":"Big Fish","player_choice":"Donut","floor":2,"damage_taken":0},{"event_name":"World of Goop","player_choice":"Gather Gold","floor":3,"damage_taken":0},{"event_name":"Shining Light","player_choice":"Entered Light","floor":11,"damage_taken":0},{"event_name":"The Mausoleum","player_choice":"Yes","floor":22,"damage_taken":0},{"event_name":"N\u0027loth","player_choice":"Traded a Astrolabe","floor":24,"damage_taken":0},{"event_name":"Wheel of Change","player_choice":"Card Removal","floor":25,"damage_taken":0}],"boss_relics":[{"not_picked":["Runic Pyramid","Orrery"],"picked":"Astrolabe"}],"items_purged_floors":[5,13,20],"is_endless":false,"potions_floor_spawned":[4,7,12,16,19,27,29],"killed_by":"Collector","ascension_level":0}