{"gold_per_floor":[113,128,142,153,18,18,18,29,29,29,57,57,85,97,97,192,192,202,219,72,89,89,89,107,107,154,164,7,7,7,27,27,27],"floor_reached":33,"playtime":3340,"items_purged":[],"score":299,"play_id":"c864a7e0-444a-4188-9a93-01fcc630b771","local_time":"20190213085606","is_ascension_mode":false,"campfire_choices":[{"floor":6,"key":"RECALL"},{"floor":12,"key":"REST"},{"data":"Rampage","floor":15,"key":"SMITH"},{"floor":23,"key":"DIG"},{"floor":25,"key":"REST"},{"floor":29,"key":"REST"},{"floor":32,"key":"REST"}],"neow_cost":"NONE","seed_source_timestamp":167656102509751,"circlet_count":0,"master_deck":["Strike_R","Strike_R","Strike_R","Strike_R","Defend_R","Defend_R","Defend_R","Defend_R","Bash","Demon Form","Shrug It Off","Searing Blow","Shrug It Off","Whirlwind","Double Tap","Iron Wave","Iron Wave","Metallicize","Rampage+1","Impervious","Pommel Strike","Pommel Strike","Headbutt","Body Slam"],"relics":["Burning Blood","FossilizedHelix","Odd Mushroom","Runic Pyramid","Pen Nib","Shovel","Orichalcum","Bag of Preparation","Juzu Bracelet"],"potions_floor_usage":[11,11,16,27,27],"damage_taken":[{"damage":12,"enemies":"Small Slimes","floor":1,"turns":4},{"damage":3,"enemies":"Jaw Worm","floor":2,"turns":4},{"damage":6,"enemies":"Cultist","floor":3,"turns":3},{"damage":5,"enemies":"Red Slaver","floor":4,"turns":5},{"damage":11,"enemies":"Exordium Thugs","floor":8,"turns":5},{"damage":33,"enemies":"Lagavulin","floor":11,"turns":8},{"damage":13,"enemies":"The Mushroom Lair","floor":13,"turns":3},{"damage":0,"enemies":"Exordium Wildlife","floor":14,"turns":5},{"damage":0,"enemies":"Slime Boss","floor":16,"turns":8},{"damage":2,"enemies":"Chosen","floor":18,"turns":7},{"damage":40,"enemies":"Shell Parasite","floor":19,"turns":12},{"damage":15,"enemies":"Snecko","floor":21,"turns":6},{"damage":28,"enemies":"Snake Plant","floor":24,"turns":7},{"damage":19,"enemies":"Centurion and Healer","floor":27,"turns":11},{"damage":17,"enemies":"Shelled Parasite and Fungi","floor":31,"turns":9},{"damage":64,"enemies":"Automaton","floor":33,"turns":10}],"seed_played":"-738976320490325356","potions_obtained":[{"floor":1,"key":"SteroidPotion"},{"floor":2,"key":"Energy Potion"},{"floor":3,"key":"EssenceOfSteel"},{"floor":18,"key":"Energy Potion"},{"floor":19,"key":"Fire Potion"},{"floor":24,"key":"PowerPotion"}],"is_trial":false,"path_per_floor":["?","?","?","M","$"],"character_chosen":"IRONCLAD","items_purchased":["Double Tap","Pen Nib","Juzu Bracelet"],"campfire_rested":4,"item_purchase_floors":[5,20,28],"current_hp_per_floor":[74,77,77,78,78,78,71,66,66,66,39,63,56,62,62,68,80,80,46,46,37,37,37,15,39,39,26,26,50,50,39,63,0],"gold":27,"neow_bonus":"ONE_RANDOM_RARE_CARD","is_prod":false,"is_daily":false,"chose_seed":false,"campfire_upgraded":1,"win_rate":0,"timestamp":1550058966,"path_taken":["M","M","M","M","$","R","?","M","T","$","E","R","?","M","R","BOSS","M","M","$","M","?","R","?","R","T","M","$","R","?","M","R","BOSS"],"build_version":"2019-01-23","purchased_purges":0,"victory":false,"max_hp_per_floor":[80,80,80,80,80,80,80,80,80,80,80,80,80,80,80,80,80,80,80,80,80,80,80,80,80,80,80,80,80,80,80,80,80],"card_choices":[{"not_picked":["Feel No Pain","Pommel Strike"],"picked":"Shrug It Off","floor":1},{"not_picked":["Combust","Thunderclap"],"picked":"Searing Blow","floor":2},{"not_picked":["Anger","Reckless Charge"],"picked":"Shrug It Off","floor":3},{"not_picked":["Pommel Strike","Infernal Blade"],"picked":"Whirlwind","floor":4},{"not_picked":["Feed","Flex"],"picked":"Iron Wave","floor":8},{"not_picked":["Hemokinesis","Disarm"],"picked":"Iron Wave","floor":11},{"not_picked":["Havoc","True Grit"],"picked":"Metallicize","floor":13},{"not_picked":["Armaments","Flex"],"picked":"Rampage","floor":14},{"not_picked":["Double Tap","Exhume"],"picked":"Impervious","floor":16},{"not_picked":["Seeing Red","True Grit+1"],"picked":"Pommel Strike","floor":18},{"not_picked":["Thunderclap","Warcry","Whirlwind"],"picked":"SKIP","floor":19},{"not_picked":["Pummel+1","Armaments"],"picked":"Pommel Strike","floor":21},{"not_picked":["Clothesline","Havoc+1"],"picked":"Headbutt","floor":24},{"not_picked":["Battle Trance","Anger","Cleave"],"picked":"SKIP","floor":27},{"not_picked":["Rampage","Warcry"],"picked":"Body Slam","floor":31}],"player_experience":167763,"relics_obtained":[{"floor":11,"key":"FossilizedHelix"},{"floor":13,"key":"Odd Mushroom"},{"floor":23,"key":"Orichalcum"},{"floor":26,"key":"Bag of Preparation"}],"event_choices":[{"cards_removed":["Strike_R"],"damage_healed":0,"gold_gain":0,"player_choice":"Card Removal","damage_taken":7,"max_hp_gain":0,"max_hp_loss":0,"event_name":"Golden Wing","floor":7,"gold_loss":0},{"damage_healed":0,"gold_gain":0,"player_choice":"Fought Mushrooms","damage_taken":0,"max_hp_gain":0,"max_hp_loss":0,"event_name":"Mushrooms","floor":13,"gold_loss":0},{"damage_healed":0,"gold_gain":0,"player_choice":"Gave Potion","damage_taken":0,"relics_obtained":["Shovel"],"max_hp_gain":0,"max_hp_loss":0,"event_name":"WeMeetAgain","floor":22,"gold_loss":0}],"is_beta":false,"boss_relics":[{"not_picked":["Runic Dome","Philosopher\u0027s Stone"],"picked":"Runic Pyramid"}],"items_purged_floors":[],"is_endless":false,"potions_floor_spawned":[1,2,3,18,19,24],"killed_by":"Automaton","ascension_level":0}