{"gold_per_floor":[366,378,394,410,410,410,131,148,148,148,167,167,58,73,73,177,177,197,197,197,47,67,67,87,87,114,127,127,138,163,163],"floor_reached":31,"playtime":2334,"items_purged":[],"score":229,"play_id":"7e933673-45c1-4f3d-9eb3-287de18f741d","local_time":"20190312125306","is_ascension_mode":false,"campfire_choices":[{"data":"Bash","floor":6,"key":"SMITH"},{"data":"Inflame","floor":12,"key":"SMITH"},{"floor":15,"key":"REST"},{"data":"Double Tap","floor":23,"key":"SMITH"},{"data":"Inflame","floor":25,"key":"SMITH"}],"neow_cost":"TEN_PERCENT_HP_LOSS","seed_source_timestamp":910600904088022,"circlet_count":0,"master_deck":["Strike_R","Strike_R","Strike_R","Strike_R","Defend_R","Defend_R","Defend_R","Defend_R","Bash+1","Disarm","Pommel Strike","Inflame+1","Inflame+1","Flex","Flame Barrier","Inflame+1","Double Tap+1","Wild Strike+1","Shockwave+1"],"relics":["Burning Blood","MealTicket","Pocketwatch","Busted Crown","Lantern","Red Mask"],"potions_floor_usage":[11,16,16,24,27,29,29],"damage_taken":[{"damage":0,"enemies":"2 Louse","floor":1,"turns":3},{"damage":10,"enemies":"Cultist","floor":2,"turns":4},{"damage":10,"enemies":"Jaw Worm","floor":3,"turns":4},{"damage":16,"enemies":"Blue Slaver","floor":4,"turns":4},{"damage":18,"enemies":"Large Slime","floor":8,"turns":6},{"damage":5,"enemies":"2 Fungi Beasts","floor":11,"turns":3},{"damage":25,"enemies":"Exordium Thugs","floor":14,"turns":7},{"damage":40,"enemies":"Hexaghost","floor":16,"turns":6},{"damage":11,"enemies":"Spheric Guardian","floor":18,"turns":4},{"damage":5,"enemies":"3 Byrds","floor":22,"turns":4},{"damage":2,"enemies":"Centurion and Healer","floor":24,"turns":5},{"damage":6,"enemies":"Snecko","floor":27,"turns":4},{"damage":23,"enemies":"Sentry and Sphere","floor":29,"turns":7},{"damage":25,"enemies":"Masked Bandits","floor":30,"turns":4},{"damage":43,"enemies":"Book of Stabbing","floor":31,"turns":4}],"seed_played":"3428179316378873353","potions_obtained":[{"floor":2,"key":"SteroidPotion"},{"floor":11,"key":"Ancient Potion"},{"floor":14,"key":"Strength Potion"},{"floor":16,"key":"Dexterity Potion"},{"floor":18,"key":"Block Potion"},{"floor":24,"key":"AttackPotion"},{"floor":27,"key":"Block Potion"}],"is_trial":false,"path_per_floor":["?","M","?","M","?","?"],"character_chosen":"IRONCLAD","items_purchased":["MealTicket","Inflame","Flame Barrier","Inflame","Lantern"],"campfire_rested":1,"item_purchase_floors":[7,7,13,13,21],"current_hp_per_floor":[72,68,64,54,54,54,54,42,42,42,43,43,58,39,60,26,72,67,72,59,74,75,75,77,77,77,77,77,60,41,0],"gold":163,"neow_bonus":"TWO_FIFTY_GOLD","is_prod":false,"is_daily":false,"chose_seed":false,"campfire_upgraded":4,"win_rate":0,"timestamp":1552405986,"path_taken":["M","M","M","M","?","R","$","?","T","?","?","R","$","M","R","BOSS","M","$","?","$","M","R","M","R","T","M","$","M","?","E"],"build_version":"2019-01-23","purchased_purges":0,"victory":false,"max_hp_per_floor":[72,72,72,72,72,72,72,72,72,72,72,72,72,72,72,72,72,72,72,77,77,77,77,77,77,77,77,77,77,77,77],"card_choices":[{"not_picked":["True Grit","Clash","Wild Strike"],"picked":"SKIP","floor":1},{"not_picked":["Evolve","Warcry"],"picked":"Disarm","floor":2},{"not_picked":["Heavy Blade","Clash"],"picked":"Pommel Strike","floor":3},{"not_picked":["Bloodletting","Thunderclap"],"picked":"Inflame","floor":4},{"not_picked":["Pummel","Seeing Red","True Grit"],"picked":"SKIP","floor":8},{"not_picked":["Wild Strike","Havoc"],"picked":"Flex","floor":11},{"not_picked":["Exhume","Evolve","Sword Boomerang"],"picked":"SKIP","floor":14},{"not_picked":["Dark Embrace","Offering"],"picked":"Double Tap","floor":16},{"not_picked":["Clash"],"picked":"SKIP","floor":18},{"not_picked":["Dropkick"],"picked":"SKIP","floor":22},{"not_picked":[],"picked":"Wild Strike+1","floor":24},{"not_picked":[],"picked":"Shockwave+1","floor":27},{"not_picked":["Havoc"],"picked":"SKIP","floor":29}],"player_experience":289580,"relics_obtained":[{"floor":9,"key":"Pocketwatch"},{"floor":30,"key":"Red Mask"}],"event_choices":[{"damage_healed":0,"gold_gain":0,"player_choice":"Forge","damage_taken":0,"max_hp_gain":0,"max_hp_loss":0,"event_name":"Accursed Blacksmith","floor":5,"gold_loss":0,"cards_upgraded":["Inflame"]},{"cards_removed":["Strike_R"],"damage_healed":0,"gold_gain":0,"player_choice":"Card Removal","damage_taken":0,"max_hp_gain":0,"max_hp_loss":0,"event_name":"Wheel of Change","floor":10,"gold_loss":0},{"damage_healed":0,"gold_gain":0,"player_choice":"Shed Blood","damage_taken":18,"max_hp_gain":5,"max_hp_loss":0,"event_name":"Forgotten Altar","floor":20,"gold_loss":0},{"damage_healed":0,"gold_gain":0,"player_choice":"Fought Bandits","damage_taken":0,"max_hp_gain":0,"max_hp_loss":0,"event_name":"Masked Bandits","floor":30,"gold_loss":0}],"is_beta":false,"boss_relics":[{"not_picked":["Pandora\u0027s Box","Coffee Dripper"],"picked":"Busted Crown"}],"items_purged_floors":[],"is_endless":false,"potions_floor_spawned":[2,11,14,16,18,24,27],"killed_by":"Book of Stabbing","ascension_level":0}