{"gold_per_floor":[113,127,127,127,127,127,161,161,161,161,179,197,222,233,233,332,332,348,374,374,8,8,8,42,42,69,84,114,114,114,132,132,233,233,245,195,195,215,232,232,264,264,264,264,276,288,634,649,649,649,649,649,76,110,110],"floor_reached":56,"playtime":6302,"items_purged":["Decay","Choke+1"],"score":1298,"play_id":"d63dcc20-ac87-44f6-84e9-60f048ab2e57","local_time":"20190331075442","is_ascension_mode":false,"campfire_choices":[{"data":"Neutralize","floor":6.0,"key":"SMITH"},{"floor":8.0,"key":"REST"},{"floor":15.0,"key":"REST"},{"data":"Ghostly","floor":23.0,"key":"SMITH"},{"data":"Catalyst","floor":29.0,"key":"SMITH"},{"data":"Ghostly","floor":32.0,"key":"SMITH"},{"data":"Night Terror","floor":40.0,"key":"SMITH"},{"data":"Malaise","floor":42.0,"key":"SMITH"},{"floor":44.0,"key":"RECALL"},{"data":"Corpse Explosion","floor":49.0,"key":"SMITH"},{"data":"Backflip","floor":52.0,"key":"SMITH"}],"neow_cost":"NONE","seed_source_timestamp":0,"circlet_count":0,"master_deck":["Defend_G","Defend_G+1","Defend_G","Defend_G","Defend_G+1","Strike_G+1","Survivor","Neutralize+1","Burst+1","Dagger Throw","Catalyst+1","Cloak And Dagger","Corpse Explosion+1","Die Die Die+1","Leg Sweep","Ghostly+1","Ghostly","Ghostly+1","Ghostly","Ghostly","Cloak And Dagger","Backflip+1","Night Terror+1","Catalyst+1","Well Laid Plans+1","Footwork+1","Deadly Poison","Cloak And Dagger","Malaise+1","Noxious Fumes+1","Burst"],"special_seed":0,"relics":["Ring of the Snake","Bottled Lightning","Shuriken","Centennial Puzzle","Velvet Choker","Red Mask","Mercury Hourglass","Pear","Frozen Egg 2","Astrolabe","Molten Egg 2","Bottled Flame","Old Coin","Chemical X","Boot","Whetstone"],"potions_floor_usage":[55,55],"damage_taken":[{"damage":5.0,"enemies":"Jaw Worm","floor":1.0,"turns":5.0},{"damage":0.0,"enemies":"2 Louse","floor":2.0,"turns":2.0},{"damage":19.0,"enemies":"3 Sentries","floor":7.0,"turns":18.0},{"damage":0.0,"enemies":"Small Slimes","floor":11.0,"turns":3.0},{"damage":9.0,"enemies":"3 Louse","floor":12.0,"turns":4.0},{"damage":25.0,"enemies":"Gremlin Nob","floor":13.0,"turns":4.0},{"damage":6.0,"enemies":"Exordium Thugs","floor":14.0,"turns":3.0},{"damage":14.0,"enemies":"Hexaghost","floor":16.0,"turns":9.0},{"damage":2.0,"enemies":"Shell Parasite","floor":18.0,"turns":3.0},{"damage":29.0,"enemies":"Masked Bandits","floor":19.0,"turns":3.0},{"damage":0.0,"enemies":"Slavers","floor":24.0,"turns":4.0},{"damage":2.0,"enemies":"Spheric Guardian","floor":27.0,"turns":5.0},{"damage":1.0,"enemies":"Book of Stabbing","floor":28.0,"turns":6.0},{"damage":0.0,"enemies":"Snake Plant","floor":31.0,"turns":6.0},{"damage":16.0,"enemies":"Automaton","floor":33.0,"turns":11.0},{"damage":2.0,"enemies":"3 Shapes","floor":35.0,"turns":4.0},{"damage":2.0,"enemies":"Orb Walker","floor":38.0,"turns":5.0},{"damage":0.0,"enemies":"Spire Growth","floor":39.0,"turns":5.0},{"damage":0.0,"enemies":"Nemesis","floor":41.0,"turns":11.0},{"damage":1.0,"enemies":"Transient","floor":45.0,"turns":5.0},{"damage":0.0,"enemies":"Maw","floor":46.0,"turns":8.0},{"damage":0.0,"enemies":"2 Orb Walkers","floor":47.0,"turns":4.0},{"damage":1.0,"enemies":"3 Darklings","floor":48.0,"turns":6.0},{"damage":7.0,"enemies":"Time Eater","floor":50.0,"turns":17.0},{"damage":0.0,"enemies":"Shield and Spear","floor":54.0,"turns":7.0},{"damage":30,"enemies":"The Heart","floor":55,"turns":15}],"seed_played":"-5751237202666379218","potions_obtained":[{"floor":1.0,"key":"GhostInAJar"},{"floor":11.0,"key":"Strength Potion"},{"floor":13.0,"key":"Strength Potion"},{"floor":14.0,"key":"Dexterity Potion"},{"floor":19.0,"key":"PowerPotion"},{"floor":24.0,"key":"Swift Potion"},{"floor":27.0,"key":"Strength Potion"},{"floor":35.0,"key":"PowerPotion"},{"floor":39.0,"key":"EssenceOfSteel"},{"floor":41.0,"key":"LiquidBronze"},{"floor":45.0,"key":"FearPotion"},{"floor":46.0,"key":"Poison Potion"}],"is_trial":false,"path_per_floor":["?","?","?","?","M","?","?","?","$","?","M","?"],"character_chosen":"THE_SILENT","items_purchased":["Mercury Hourglass","SkillPotion","Deadly Poison","Chemical X","Block Potion","GamblersBrew","Boot"],"campfire_rested":2,"item_purchase_floors":[21,21,36,53,53,53,53],"current_hp_per_floor":[65,65,65,70,55,55,36,58,58,58,58,49,24,18,40,26,75,73,44,44,44,37,37,47,47,47,45,44,44,44,44,44,28,47,45,45,45,43,43,43,43,43,43,43,42,42,42,41,41,34,47,47,47,47,17],"gold":110,"neow_bonus":"ONE_RANDOM_RARE_CARD","is_prod":false,"is_daily":false,"chose_seed":false,"campfire_upgraded":8,"win_rate":0,"timestamp":1554029682,"path_taken":["M","M","?","?","?","R","E","R","T","?","M","M","E","?","R","BOSS","M","?","?","$","?","R","E","$","T","M","E","R","?","M","R","BOSS","M","$","?","?","M","R","E","R","T","R","M","M","?","M","R","BOSS","R","$","E","BOSS"],"build_version":"2019-01-23","purchased_purges":2,"victory":true,"max_hp_per_floor":[70,70,70,75,75,75,75,75,75,75,75,75,75,75,75,75,75,75,75,75,75,37,37,47,47,47,47,47,47,47,47,47,47,47,47,47,47,47,47,47,47,47,47,47,47,47,47,47,47,47,47,47,47,47,47],"card_choices":[{"not_picked":["Flechettes","Distraction"],"picked":"Dagger Throw","floor":1.0},{"not_picked":["Prepared","Slice","Deflect"],"picked":"SKIP","floor":2.0},{"not_picked":["Quick Slash","Backstab"],"picked":"Catalyst","floor":7.0},{"not_picked":["Underhanded Strike","Dagger Throw"],"picked":"Cloak And Dagger","floor":11.0},{"not_picked":["Sucker Punch","Cloak And Dagger"],"picked":"Corpse Explosion","floor":12.0},{"not_picked":["Sucker Punch","Flechettes"],"picked":"Die Die Die","floor":13.0},{"not_picked":["Deflect","Quick Slash","Bane"],"picked":"SKIP","floor":14.0},{"not_picked":["Acrobatics+1","Eviscerate"],"picked":"Leg Sweep","floor":18.0},{"not_picked":["Infinite Blades","Sucker Punch"],"picked":"Cloak And Dagger","floor":24.0},{"not_picked":["Distraction","Slice"],"picked":"Backflip","floor":27.0},{"not_picked":["Outmaneuver+1","Poisoned Stab","Corpse Explosion"],"picked":"SKIP","floor":28.0},{"not_picked":["Sucker Punch","Slice+1","Quick Slash"],"picked":"SKIP","floor":31.0},{"not_picked":["A Thousand Cuts+1","Doppelganger"],"picked":"Night Terror","floor":33.0},{"not_picked":["Backflip","Sucker Punch+1"],"picked":"Footwork+1","floor":35.0},{"not_picked":["Tactician","Bouncing Flask","Sucker Punch"],"picked":"SKIP","floor":38.0},{"not_picked":["Quick Slash","Acrobatics"],"picked":"Malaise","floor":39.0},{"not_picked":["Acrobatics+1","Distraction","Caltrops+1"],"picked":"SKIP","floor":41.0},{"not_picked":["Outmaneuver+1","Underhanded Strike+1","Prepared+1"],"picked":"SKIP","floor":45.0},{"not_picked":["Calculated Gamble+1","Outmaneuver"],"picked":"Noxious Fumes+1","floor":46.0},{"not_picked":["Dagger Throw+1","Poisoned Stab+1","Noxious Fumes+1"],"picked":"SKIP","floor":48.0},{"not_picked":["Bane+1","Footwork+1"],"picked":"Burst","floor":54.0}],"player_experience":522821,"relics_obtained":[{"floor":7.0,"key":"Bottled Lightning"},{"floor":9.0,"key":"Shuriken"},{"floor":13.0,"key":"Centennial Puzzle"},{"floor":19.0,"key":"Red Mask"},{"floor":24.0,"key":"Pear"},{"floor":28.0,"key":"Frozen Egg 2"},{"floor":41.0,"key":"Molten Egg 2"},{"floor":43.0,"key":"Bottled Flame"},{"floor":47.0,"key":"Old Coin"},{"floor":54.0,"key":"Whetstone"}],"event_choices":[{"damage_healed":0.0,"max_hp_gain":0.0,"max_hp_loss":0.0,"gold_gain":0.0,"event_name":"Liars Game","player_choice":"Ignored","floor":3.0,"gold_loss":0.0,"damage_taken":0.0},{"damage_healed":0.0,"max_hp_gain":5.0,"max_hp_loss":0.0,"gold_gain":0.0,"event_name":"Big Fish","player_choice":"Donut","floor":4.0,"gold_loss":0.0,"damage_taken":0.0},{"damage_healed":0.0,"max_hp_gain":0.0,"max_hp_loss":0.0,"gold_gain":0.0,"event_name":"Shining Light","player_choice":"Entered Light","floor":5.0,"gold_loss":0.0,"damage_taken":15.0,"cards_upgraded":["Defend_G","Defend_G"]},{"damage_healed":0.0,"max_hp_gain":0.0,"max_hp_loss":0.0,"gold_gain":0.0,"event_name":"Accursed Blacksmith","player_choice":"Forge","floor":10.0,"gold_loss":0.0,"damage_taken":0.0,"cards_upgraded":["Burst"]},{"damage_healed":0.0,"max_hp_gain":0.0,"max_hp_loss":0.0,"gold_gain":0.0,"event_name":"Masked Bandits","player_choice":"Fought Bandits","floor":19.0,"gold_loss":0.0,"damage_taken":0.0},{"damage_healed":0.0,"max_hp_gain":0.0,"max_hp_loss":0.0,"gold_gain":0.0,"event_name":"Forgotten Altar","player_choice":"Smashed Altar","floor":20.0,"gold_loss":0.0,"damage_taken":0.0,"cards_obtained":["Decay"]},{"damage_healed":0.0,"max_hp_gain":0.0,"max_hp_loss":38.0,"gold_gain":0.0,"event_name":"Ghosts","player_choice":"Became a Ghost","floor":22.0,"gold_loss":0.0,"damage_taken":0.0,"cards_obtained":["Ghostly","Ghostly","Ghostly","Ghostly","Ghostly"]},{"damage_healed":0.0,"max_hp_gain":0.0,"max_hp_loss":0.0,"gold_gain":0.0,"cards_transformed":["Strike_G"],"event_name":"Transmorgrifier","player_choice":"Transformed","floor":37.0,"gold_loss":0.0,"damage_taken":0.0,"cards_obtained":["Cloak And Dagger"]},{"damage_healed":0.0,"max_hp_gain":0.0,"max_hp_loss":0.0,"gold_gain":0.0,"event_name":"Mysterious Sphere","player_choice":"Fight","floor":47.0,"gold_loss":0.0,"damage_taken":0.0}],"is_beta":false,"boss_relics":[{"not_picked":["HoveringKite","Ectoplasm"],"picked":"Velvet Choker"},{"not_picked":["Coffee Dripper","Empty Cage"],"picked":"Astrolabe"}],"items_purged_floors":[21,53],"is_endless":false,"potions_floor_spawned":[1,11,13,14,19,24,27,35,39,41,45,46,54],"ascension_level":0}