{"gold_per_floor":[116,130,50,50,62,93,93,121,145,155,120,70,245,245],"floor_reached":14,"playtime":230,"items_purged":["Defend_B"],"score":113,"play_id":"8632d97d-65dc-4de4-98b7-af15890b783b","local_time":"20190325000601","is_ascension_mode":true,"campfire_choices":[{"data":"Static Discharge","floor":7,"key":"SMITH"}],"neow_cost":"NONE","seed_source_timestamp":7867343412408742,"circlet_count":0,"master_deck":["Strike_B","Strike_B","Strike_B","Strike_B","Defend_B","Defend_B","Defend_B","Zap","Dualcast","Static Discharge+1","Cold Snap","Cold Snap","Darkness","Static Discharge","Chill","Auto Shields","Storm"],"relics":["Cracked Core","NeowsBlessing","Omamori","Smiling Mask","Bag of Preparation"],"potions_floor_usage":[10],"damage_taken":[{"damage":0,"enemies":"Cultist","floor":1,"turns":1},{"damage":0,"enemies":"Small Slimes","floor":2,"turns":1},{"damage":0,"enemies":"Jaw Worm","floor":5,"turns":1},{"damage":24,"enemies":"Lagavulin","floor":6,"turns":6},{"damage":32,"enemies":"Gremlin Nob","floor":8,"turns":4},{"damage":4,"enemies":"3 Louse","floor":10,"turns":2},{"damage":15,"enemies":"Exordium Thugs","floor":14,"turns":3}],"seed_played":"-1941447001636547547","potions_obtained":[{"floor":1,"key":"Explosive Potion"},{"floor":6,"key":"FearPotion"},{"floor":8,"key":"SkillPotion"},{"floor":10,"key":"Weak Potion"}],"is_trial":false,"path_per_floor":["M","M","$","?","M","E","R","E","T","M","$","$","?","M"],"character_chosen":"DEFECT","items_purchased":["Cold Snap","Darkness","Storm"],"campfire_rested":0,"item_purchase_floors":[3,3,11],"current_hp_per_floor":[75,75,75,75,75,51,51,19,19,15,15,15,15,0],"gold":245,"neow_bonus":"THREE_ENEMY_KILL","is_prod":false,"is_daily":false,"chose_seed":false,"campfire_upgraded":1,"win_rate":0,"timestamp":1553486761,"path_taken":["M","?","$","?","M","E","R","E","T","M","?","$","?","?"],"build_version":"2019-01-23","purchased_purges":1,"victory":false,"max_hp_per_floor":[75,75,75,75,75,75,75,75,75,75,75,75,75,75],"card_choices":[{"not_picked":["Go for the Eyes","Leap"],"picked":"Static Discharge","floor":1},{"not_picked":["Barrage","Conserve Battery"],"picked":"Cold Snap","floor":2},{"not_picked":["Core Surge","Stack"],"picked":"Static Discharge","floor":5},{"not_picked":["Coolheaded","Force Field","Steam Power"],"picked":"SKIP","floor":6},{"not_picked":["Rebound","Lockon"],"picked":"Chill","floor":8},{"not_picked":["Leap","Static Discharge"],"picked":"Auto Shields","floor":10}],"player_experience":488355,"relics_obtained":[{"floor":6,"key":"Omamori"},{"floor":8,"key":"Smiling Mask"},{"floor":9,"key":"Bag of Preparation"}],"event_choices":[{"damage_healed":25,"gold_gain":0,"player_choice":"Banana","damage_taken":0,"max_hp_gain":0,"max_hp_loss":0,"event_name":"Big Fish","floor":4,"gold_loss":0},{"damage_healed":0,"gold_gain":175,"player_choice":"AGREE","damage_taken":0,"max_hp_gain":0,"max_hp_loss":0,"event_name":"Liars Game","floor":13,"gold_loss":0,"cards_obtained":["Doubt"]}],"is_beta":false,"boss_relics":[],"items_purged_floors":[12],"is_endless":false,"potions_floor_spawned":[1,6,8,10],"killed_by":"Exordium Thugs","ascension_level":3}