{"gold_per_floor":[112,132,151,151,165,193,193,212,512,542,542,556,569,594,594,594],"floor_reached":16,"playtime":1897,"items_purged":[],"score":164,"play_id":"87e879c0-e4c4-4ac2-b8d3-a41e725361fe","local_time":"20190327083204","is_ascension_mode":true,"campfire_choices":[{"data":"Bash","floor":7,"key":"SMITH"},{"floor":11,"key":"REST"},{"data":"Dual Wield","floor":15,"key":"SMITH"}],"neow_cost":"NONE","seed_source_timestamp":111850609850277,"circlet_count":0,"master_deck":["Strike_R","Strike_R","Strike_R","Strike_R","Strike_R","Defend_R","Defend_R","Defend_R","Defend_R","Bash+1","Headbutt","Uppercut+1","Armaments","Twin Strike","Dual Wield+1","Iron Wave"],"relics":["Burning Blood","Boot","Old Coin","Ginger","Turnip"],"potions_floor_usage":[6,6,6,6,8,10,14,16],"damage_taken":[{"damage":1,"enemies":"Cultist","floor":1,"turns":3},{"damage":7,"enemies":"Jaw Worm","floor":2,"turns":3},{"damage":8,"enemies":"Small Slimes","floor":3,"turns":4},{"damage":45,"enemies":"Gremlin Gang","floor":5,"turns":12},{"damage":0,"enemies":"Gremlin Nob","floor":6,"turns":1},{"damage":14,"enemies":"3 Louse","floor":8,"turns":6},{"damage":30,"enemies":"3 Sentries","floor":10,"turns":11},{"damage":16,"enemies":"Large Slime","floor":12,"turns":7},{"damage":3,"enemies":"2 Fungi Beasts","floor":13,"turns":4},{"damage":18,"enemies":"Lagavulin","floor":14,"turns":7},{"damage":55,"enemies":"Slime Boss","floor":16,"turns":8}],"seed_played":"1148014788307916503","potions_obtained":[{"floor":1,"key":"AttackPotion"},{"floor":2,"key":"EntropicBrew"},{"floor":6,"key":"Regen Potion"},{"floor":13,"key":"FearPotion"},{"floor":14,"key":"Explosive Potion"}],"is_trial":false,"path_per_floor":["M","?","M"],"character_chosen":"IRONCLAD","items_purchased":[],"campfire_rested":1,"item_purchase_floors":[],"current_hp_per_floor":[88,87,85,85,46,52,52,59,59,35,61,51,54,42,42,0],"gold":594,"neow_bonus":"TEN_PERCENT_HP_BONUS","is_prod":false,"is_daily":false,"chose_seed":false,"campfire_upgraded":2,"win_rate":0,"timestamp":1553686324,"path_taken":["M","?","M","?","M","E","R","M","T","E","R","?","M","E","R","BOSS"],"build_version":"2019-01-23","purchased_purges":0,"victory":false,"max_hp_per_floor":[88,88,88,88,88,88,88,88,88,88,88,88,88,88,88,88],"card_choices":[{"not_picked":["Infernal Blade","Havoc","Sentinel"],"picked":"SKIP","floor":1},{"not_picked":["Perfected Strike","Bloodletting"],"picked":"Headbutt","floor":2},{"not_picked":["True Grit","Reckless Charge"],"picked":"Uppercut","floor":3},{"not_picked":["Flex","Pommel Strike","Sword Boomerang"],"picked":"SKIP","floor":5},{"not_picked":["Body Slam","Sentinel"],"picked":"Armaments","floor":6},{"not_picked":["Power Through","Entrench"],"picked":"Twin Strike","floor":8},{"not_picked":["Carnage","Combust","Evolve"],"picked":"SKIP","floor":10},{"not_picked":["Warcry","Flex"],"picked":"Dual Wield","floor":12},{"not_picked":["Evolve","Pommel Strike","Carnage"],"picked":"SKIP","floor":13},{"not_picked":["Bloodletting","Blood for Blood"],"picked":"Iron Wave","floor":14}],"player_experience":465892,"relics_obtained":[{"floor":6,"key":"Boot"},{"floor":9,"key":"Old Coin"},{"floor":10,"key":"Ginger"},{"floor":14,"key":"Turnip"}],"event_choices":[{"damage_healed":0,"gold_gain":0,"player_choice":"Forge","damage_taken":0,"max_hp_gain":0,"max_hp_loss":0,"event_name":"Accursed Blacksmith","floor":4,"gold_loss":0,"cards_upgraded":["Uppercut"]}],"is_beta":false,"boss_relics":[],"items_purged_floors":[],"is_endless":false,"potions_floor_spawned":[1,2,6,13,14],"killed_by":"Slime Boss","ascension_level":2}