{"gold_per_floor":[116,131,150,150,166,186,186,34,60,60,60,76,86,113,113,216,246,264,275,275,190,90,90,107,122,190,190,190,47,47],"floor_reached":30,"playtime":1631,"items_purged":["Strike_G","Defend_G"],"score":232,"play_id":"23012553-1871-489d-9d24-efea0d744c68","local_time":"20180713113335","is_ascension_mode":false,"campfire_choices":[{"data":"Cloak And Dagger","floor":7,"key":"SMITH"},{"data":"Sucker Punch","floor":10,"key":"SMITH"},{"data":"Footwork","floor":15,"key":"SMITH"},{"data":"Adrenaline","floor":23,"key":"SMITH"},{"data":"Blur","floor":28,"key":"SMITH"}],"neow_cost":"NONE","seed_source_timestamp":184197456766012,"circlet_count":0,"master_deck":["Defend_G","Defend_G","Defend_G","Defend_G","Strike_G","Strike_G","Strike_G","Strike_G","Survivor","Neutralize","Terror","Sucker Punch+1","Cloak And Dagger+1","Footwork+1","Backflip+1","Adrenaline+1","Blur+1","Backflip+1","Writhe"],"relics":["Coffee Dripper","Juzu Bracelet","Ancient Tea Set","Tiny House","Dream Catcher","Frozen Egg 2","Gremlin Horn","Enchiridion","Oddly Smooth Stone"],"potions_floor_usage":[12,14,16,18],"damage_taken":[{"damage":0,"enemies":"Cultist","floor":1,"turns":5},{"damage":6,"enemies":"Jaw Worm","floor":2,"turns":4},{"damage":0,"enemies":"Small Slimes","floor":3,"turns":3},{"damage":2,"enemies":"Looter","floor":5,"turns":3},{"damage":14,"enemies":"Large Slime","floor":6,"turns":8},{"damage":0,"enemies":"3 Louse","floor":12,"turns":2},{"damage":10,"enemies":"2 Fungi Beasts","floor":13,"turns":3},{"damage":16,"enemies":"3 Sentries","floor":14,"turns":11},{"damage":11,"enemies":"The Guardian","floor":16,"turns":12},{"damage":8,"enemies":"Spheric Guardian","floor":18,"turns":6},{"damage":11,"enemies":"Chosen","floor":19,"turns":7},{"damage":0,"enemies":"3 Cultists","floor":24,"turns":8},{"damage":0,"enemies":"Centurion and Healer","floor":25,"turns":12},{"damage":44,"enemies":"Cultist and Chosen","floor":30,"turns":14}],"seed_played":"9083898083609310649","potions_obtained":[{"floor":6,"key":"Explosive Potion"},{"floor":12,"key":"SneckoOil"},{"floor":13,"key":"FearPotion"},{"floor":14,"key":"LiquidBronze"},{"floor":16,"key":"Fire Potion"},{"floor":17,"key":"Energy Potion"},{"floor":25,"key":"SteroidPotion"}],"is_trial":false,"path_per_floor":["M","M","M","?","M","M","R","$","T","R","$","M","M","E","R","B",null,"M","M","?","?","$","R","M","M","T","?","R","$"],"character_chosen":"THE_SILENT","items_purchased":["Footwork","Oddly Smooth Stone"],"campfire_rested":0,"item_purchase_floors":[8,29],"current_hp_per_floor":[70,64,64,70,68,54,54,54,54,54,54,54,44,28,28,17,75,67,56,56,56,56,56,56,56,56,40,40,40,0],"gold":47,"neow_bonus":"BOSS_RELIC","is_prod":false,"is_daily":false,"chose_seed":false,"campfire_upgraded":5,"win_rate":0,"timestamp":1531496015,"path_taken":["M","M","M","?","M","M","R","$","T","R","$","M","M","E","R","BOSS","M","M","?","?","$","R","M","M","T","?","R","?","M"],"build_version":"2018-07-12","purchased_purges":2,"victory":false,"max_hp_per_floor":[70,70,70,70,70,70,70,70,70,70,70,70,70,70,70,70,75,75,75,75,75,75,75,75,75,75,75,75,75,75],"card_choices":[{"not_picked":["Prepared","PiercingWail"],"picked":"Terror","floor":1},{"not_picked":["Dodge and Roll","PiercingWail"],"picked":"Sucker Punch","floor":2},{"not_picked":["Slice","Bane","Calculated Gamble"],"picked":"SKIP","floor":3},{"not_picked":["Terror","Expertise","All Out Attack"],"picked":"SKIP","floor":5},{"not_picked":["Deadly Poison","Sucker Punch"],"picked":"Cloak And Dagger","floor":6},{"not_picked":["Dagger Throw","PiercingWail","A Thousand Cuts"],"picked":"SKIP","floor":12},{"not_picked":["Deflect","Expertise","Cloak And Dagger"],"picked":"SKIP","floor":13},{"not_picked":["Underhanded Strike","Storm of Steel"],"picked":"Backflip","floor":14},{"not_picked":["Doppelganger","Venomology"],"picked":"Adrenaline","floor":16},{"not_picked":["Underhanded Strike","Bouncing Flask"],"picked":"Blur","floor":17},{"not_picked":["Dagger Spray","Outmaneuver","Leg Sweep"],"picked":"SKIP","floor":18},{"not_picked":["Terror","Sucker Punch"],"picked":"Backflip+1","floor":19},{"not_picked":["Dagger Spray","Quick Slash","Leg Sweep"],"picked":"SKIP","floor":24},{"not_picked":["Cloak And Dagger","Flying Knee","Storm of Steel"],"picked":"SKIP","floor":25}],"player_experience":245514,"relics_obtained":[{"floor":9,"key":"Juzu Bracelet"},{"floor":14,"key":"Ancient Tea Set"},{"floor":26,"key":"Gremlin Horn"},{"floor":27,"key":"Enchiridion"}],"event_choices":[{"event_name":"Big Fish","player_choice":"Banana","floor":4,"damage_taken":0},{"event_name":"The Mausoleum","player_choice":"Yes","floor":20,"damage_taken":0},{"event_name":"Addict","player_choice":"Obtained Relic","floor":21,"damage_taken":0},{"event_name":"Cursed Tome","player_choice":"Obtained Book","floor":27,"damage_taken":0}],"boss_relics":[{"not_picked":["Ectoplasm","Runic Pyramid"],"picked":"Tiny House"}],"items_purged_floors":[8,22],"is_endless":false,"potions_floor_spawned":[6,12,13,14,16,25],"killed_by":"Cultist and Chosen","ascension_level":0}