{"gold_per_floor":[117,67,67,91,108,108,133,146,227,227,227,227,0,25,25,25],"floor_reached":16,"playtime":713,"items_purged":["Defend_G"],"score":98,"play_id":"bd667695-8300-497e-9c47-0ce36b7c56e8","local_time":"20180711003701","is_ascension_mode":false,"campfire_choices":[{"data":"Cloak And Dagger","floor":6,"key":"SMITH"},{"floor":10,"key":"REST"},{"floor":15,"key":"REST"}],"neow_cost":"NONE","seed_source_timestamp":1723213098537886,"circlet_count":0,"master_deck":["Defend_G","Defend_G+1","Defend_G+1","Defend_G","Strike_G+1","Strike_G","Strike_G","Strike_G+1","Strike_G","Survivor","Neutralize","Writhe","Decay","Acrobatics","Cloak And Dagger+1","Flying Knee","Dagger Throw"],"relics":["Calling Bell","Bag of Marbles","Darkstone Periapt","Turnip","Orichalcum","Matryoshka","Whetstone","Pantograph","Golden Idol","Regal Pillow"],"potions_floor_usage":[7,8],"damage_taken":[{"damage":0,"enemies":"Small Slimes","floor":1,"turns":4},{"damage":0,"enemies":"Jaw Worm","floor":5,"turns":6},{"damage":55,"enemies":"Gremlin Nob","floor":7,"turns":7},{"damage":0,"enemies":"Cultist","floor":8,"turns":2},{"damage":9,"enemies":"Lots of Slimes","floor":14,"turns":4},{"damage":80,"enemies":"The Guardian","floor":16,"turns":17}],"seed_played":"-4431672408136937666","potions_obtained":[{"floor":1,"key":"PowerPotion"},{"floor":7,"key":"AttackPotion"}],"is_trial":false,"path_per_floor":["M","?","$","T","M","R","E","M","T","R","?","?","$","M","R"],"character_chosen":"THE_SILENT","items_purchased":["Regal Pillow"],"campfire_rested":2,"item_purchase_floors":[13],"current_hp_per_floor":[70,70,70,70,70,70,15,15,15,36,36,23,23,14,48,0],"gold":25,"neow_bonus":"BOSS_RELIC","is_prod":false,"is_daily":false,"chose_seed":false,"campfire_upgraded":1,"win_rate":0,"timestamp":1531283821,"path_taken":["M","?","$","?","?","R","E","?","T","R","?","?","?","M","R","BOSS"],"build_version":"2018-07-05","purchased_purges":1,"victory":false,"max_hp_per_floor":[70,70,70,70,70,70,70,70,70,70,65,65,65,65,65,65],"card_choices":[{"not_picked":["Endless Agony","Choke"],"picked":"Acrobatics","floor":1},{"not_picked":["Blur","Deflect"],"picked":"Cloak And Dagger","floor":5},{"not_picked":["Dodge and Roll","Burst","Endless Agony"],"picked":"SKIP","floor":7},{"not_picked":["Underhanded Strike","Concentrate"],"picked":"Flying Knee","floor":8},{"not_picked":["Deflect","Quick Slash"],"picked":"Dagger Throw","floor":14}],"player_experience":203195,"relics_obtained":[{"floor":0,"key":"Bag of Marbles"},{"floor":0,"key":"Darkstone Periapt"},{"floor":0,"key":"Turnip"},{"floor":4,"key":"Orichalcum"},{"floor":7,"key":"Matryoshka"},{"floor":9,"key":"Whetstone"},{"floor":9,"key":"Pantograph"}],"event_choices":[{"event_name":"The Cleric","player_choice":"Card Removal","floor":2,"damage_taken":0},{"event_name":"Golden Idol","player_choice":"Lose Max HP","floor":11,"damage_taken":0},{"event_name":"Shining Light","player_choice":"Entered Light","floor":12,"damage_taken":0}],"boss_relics":[],"items_purged_floors":[13],"is_endless":false,"potions_floor_spawned":[1,7],"killed_by":"The Guardian","ascension_level":0}