{"gold_per_floor":[115,40,40,215,231,261,261,291,291,328,340,362,388,176,176,274,274,292,361,361,110,123,0,11,11,11,23,39,39],"floor_reached":29,"playtime":1906,"items_purged":["Zap","Doubt","Regret"],"score":284,"play_id":"27c3bd2a-c961-42bf-8d6d-390cf0c59fd8","local_time":"20180926134247","is_ascension_mode":true,"campfire_choices":[{"data":"Streamline","floor":7,"key":"SMITH"},{"floor":11,"key":"REST"},{"floor":15,"key":"REST"},{"data":"Streamline","floor":25,"key":"SMITH"}],"neow_cost":"NONE","seed_source_timestamp":439918329195604,"circlet_count":0,"master_deck":["Strike_B+1","Strike_B+1","Strike_B+1","Strike_B+1","Defend_B+1","Defend_B+1","Defend_B+1","Defend_B+1","Dualcast","FTL","Streamline+1","Streamline+1","FTL","Hologram"],"relics":["Cracked Core","NeowsBlessing","Juzu Bracelet","Tiny Chest","MawBank","Omamori","Coffee Dripper","Cables","Oddly Smooth Stone"],"potions_floor_usage":[18,18,24,24,27,29],"damage_taken":[{"damage":0,"enemies":"2 Louse","floor":1,"turns":1},{"damage":0,"enemies":"Small Slimes","floor":5,"turns":1},{"damage":0,"enemies":"3 Sentries","floor":6,"turns":1},{"damage":54,"enemies":"Lagavulin","floor":10,"turns":6},{"damage":7,"enemies":"Jaw Worm","floor":12,"turns":2},{"damage":23,"enemies":"Blue Slaver","floor":13,"turns":3},{"damage":32,"enemies":"Slime Boss","floor":16,"turns":9},{"damage":15,"enemies":"2 Thieves","floor":18,"turns":3},{"damage":11,"enemies":"Spheric Guardian","floor":22,"turns":3},{"damage":31,"enemies":"Shelled Parasite and Fungi","floor":24,"turns":5},{"damage":6,"enemies":"3 Cultists","floor":27,"turns":3},{"damage":0,"enemies":"Cultist and Chosen","floor":28,"turns":4},{"damage":27,"enemies":"Shelled Parasite and Fungi","floor":29,"turns":2}],"seed_played":"145252650406887333","potions_obtained":[{"floor":10,"key":"SpeedPotion"},{"floor":16,"key":"Energy Potion"},{"floor":27,"key":"SteroidPotion"},{"floor":28,"key":"AttackPotion"}],"is_trial":false,"path_per_floor":["M","$","?","?","M","E","R","?","T","E","R","M","M","$","R","B",null,"M","T","?","$","M","?","M","R","T","M","M"],"character_chosen":"DEFECT","items_purchased":["FTL","Strength Potion","Regen Potion","Explosive Potion"],"campfire_rested":2,"item_purchase_floors":[14,14,21,21],"current_hp_per_floor":[75,75,75,75,75,75,75,75,75,21,43,36,13,13,35,3,75,60,60,60,60,49,49,32,32,32,26,26,0],"gold":39,"neow_bonus":"THREE_ENEMY_KILL","is_prod":false,"is_daily":false,"chose_seed":false,"campfire_upgraded":2,"win_rate":0,"timestamp":1537983767,"path_taken":["M","$","?","?","?","E","R","?","T","E","R","M","M","$","R","BOSS","M","?","?","$","M","?","M","R","T","M","M","M"],"build_version":"2018-09-20","purchased_purges":3,"victory":false,"max_hp_per_floor":[75,75,75,75,75,75,75,75,75,75,75,75,75,75,75,75,75,75,75,75,75,75,75,75,75,75,75,75,75],"card_choices":[{"not_picked":["Steam","Beam Cell"],"picked":"FTL","floor":1},{"not_picked":["Hologram","Coolheaded"],"picked":"Streamline","floor":5},{"not_picked":["Barrage","Steam Power","Defragment"],"picked":"SKIP","floor":6},{"not_picked":["Steam","Barrage"],"picked":"Streamline","floor":10},{"not_picked":["Turbo","Coolheaded","Conserve Battery"],"picked":"SKIP","floor":12},{"not_picked":["Chaos","Rebound","Skim"],"picked":"SKIP","floor":13},{"not_picked":["Stack+1","Steam","Gash"],"picked":"SKIP","floor":18},{"not_picked":["Chaos","Consume"],"picked":"Hologram","floor":22},{"not_picked":["Storm","Go for the Eyes","Darkness"],"picked":"SKIP","floor":24},{"not_picked":["Stack+1","Redo","Barrage"],"picked":"SKIP","floor":27},{"not_picked":["Sweeping Beam","Aggregate","Hologram"],"picked":"SKIP","floor":28}],"player_experience":418258,"relics_obtained":[{"floor":6,"key":"Juzu Bracelet"},{"floor":9,"key":"MawBank"},{"floor":10,"key":"Omamori"},{"floor":19,"key":"Cables"},{"floor":26,"key":"Oddly Smooth Stone"}],"event_choices":[{"event_name":"The Cleric","player_choice":"Leave","floor":3,"damage_taken":0},{"event_name":"Liars Game","player_choice":"agreed","floor":4,"damage_taken":0},{"event_name":"Big Fish","player_choice":"Box","floor":8,"damage_taken":0},{"event_name":"Back to Basics","player_choice":"Simplicity","floor":20,"damage_taken":0},{"event_name":"Masked Bandits","player_choice":"Paid Fearfully","floor":23,"damage_taken":0}],"is_beta":false,"boss_relics":[{"not_picked":["Black Star","Pandora\u0027s Box"],"picked":"Coffee Dripper"}],"items_purged_floors":[2,14,21],"is_endless":false,"potions_floor_spawned":[10,16,27,28],"killed_by":"Shelled Parasite and Fungi","ascension_level":2}