{"gold_per_floor":[114,114,39,49,224,224,239,270,270,305,305,305,331,343,343,440,470,486,501,401,401],"floor_reached":21,"playtime":711,"items_purged":["Defend_R","Limit Break"],"score":212,"play_id":"3b515033-d5ff-475a-82d2-b1f29593d48c","local_time":"20180710104650","is_ascension_mode":false,"campfire_choices":[{"data":"Thunderclap","floor":6,"key":"SMITH"},{"data":"Bash","floor":12,"key":"SMITH"},{"data":"Inflame","floor":15,"key":"SMITH"}],"neow_cost":"NONE","seed_source_timestamp":1673404269763385,"circlet_count":0,"master_deck":["Strike_R","Strike_R+1","Strike_R","Strike_R","Strike_R","Defend_R+1","Defend_R+1","Defend_R","Bash+1","Thunderclap+1","Doubt","Perfected Strike+1","Inflame+1","Twin Strike"],"relics":["Burning Blood","Dream Catcher","Pear","Oddly Smooth Stone","War Paint","Strawberry","Tiny House"],"potions_floor_usage":[8,19,19],"damage_taken":[{"damage":8,"enemies":"Jaw Worm","floor":1,"turns":3},{"damage":1,"enemies":"Cultist","floor":4,"turns":3},{"damage":0,"enemies":"2 Louse","floor":7,"turns":2},{"damage":20,"enemies":"3 Sentries","floor":8,"turns":8},{"damage":36,"enemies":"Lagavulin","floor":10,"turns":5},{"damage":18,"enemies":"2 Fungi Beasts","floor":14,"turns":3},{"damage":39,"enemies":"Slime Boss","floor":16,"turns":9},{"damage":58,"enemies":"3 Byrds","floor":18,"turns":7},{"damage":21,"enemies":"2 Thieves","floor":19,"turns":3},{"damage":40,"enemies":"Centurion and Healer","floor":21,"turns":3}],"seed_played":"5084668878638071841","potions_obtained":[{"floor":1,"key":"Block Potion"},{"floor":14,"key":"FearPotion"},{"floor":16,"key":"Dexterity Potion"},{"floor":17,"key":"FearPotion"},{"floor":19,"key":"Dexterity Potion"}],"is_trial":false,"path_per_floor":["M","?","$","M","?","R","M","E","T","E","?","R","T","M","R","B",null,"M","M","$"],"character_chosen":"IRONCLAD","items_purchased":[],"campfire_rested":0,"item_purchase_floors":[],"current_hp_per_floor":[78,70,70,75,75,75,80,76,76,46,46,46,53,41,41,8,102,50,35,35,0],"gold":401,"neow_bonus":"RANDOM_COMMON_RELIC","is_prod":false,"is_daily":false,"chose_seed":false,"campfire_upgraded":3,"win_rate":0,"timestamp":1531234010,"path_taken":["M","?","$","M","?","R","M","E","T","E","?","R","?","M","R","BOSS","M","M","$","M"],"build_version":"2018-07-05","purchased_purges":2,"victory":false,"max_hp_per_floor":[80,80,80,80,80,80,80,90,90,90,90,90,97,97,97,97,102,102,102,102,102],"card_choices":[{"not_picked":["Dropkick","Headbutt","Entrench"],"picked":"SKIP","floor":1},{"not_picked":["Flame Barrier","Burning Pact"],"picked":"Thunderclap","floor":4},{"not_picked":["Iron Wave","Pommel Strike","Rampage"],"picked":"SKIP","floor":7},{"not_picked":["Headbutt","Anger"],"picked":"Perfected Strike","floor":8},{"not_picked":["Combust","Intimidate","Shrug It Off"],"picked":"SKIP","floor":10},{"not_picked":["Clothesline","Metallicize"],"picked":"Inflame","floor":14},{"not_picked":["Immolate","Impervious"],"picked":"Limit Break","floor":16},{"not_picked":["Clash","Rupture"],"picked":"Twin Strike","floor":17},{"not_picked":["Bloodletting","Body Slam","Flame Barrier"],"picked":"SKIP","floor":18},{"not_picked":["True Grit","Warcry","Power Through"],"picked":"SKIP","floor":19}],"player_experience":177068,"relics_obtained":[{"floor":8,"key":"Pear"},{"floor":9,"key":"Oddly Smooth Stone"},{"floor":10,"key":"War Paint"},{"floor":13,"key":"Strawberry"}],"event_choices":[{"event_name":"Wheel of Change","player_choice":"Damage","floor":2,"damage_taken":0},{"event_name":"Liars Game","player_choice":"agreed","floor":5,"damage_taken":0},{"event_name":"Upgrade Shrine","player_choice":"Upgraded","floor":11,"damage_taken":0}],"boss_relics":[{"not_picked":["Pandora\u0027s Box","Eternal Feather"],"picked":"Tiny House"}],"items_purged_floors":[3,20],"is_endless":false,"potions_floor_spawned":[1,14,16,19],"killed_by":"Centurion and Healer","ascension_level":0}