{"gold_per_floor":[118,131,131,131,56,56,83,83,83,83,83,103,103,120,120,216,216,235,335,350,250,273,273],"floor_reached":23,"playtime":1318,"items_purged":["Defend_G","Regret"],"score":187,"play_id":"050762ee-78e3-42f2-804a-63fc783bd8f3","local_time":"20180710140956","is_ascension_mode":false,"campfire_choices":[{"data":"Backflip","floor":6,"key":"SMITH"},{"data":"Deadly Poison","floor":8,"key":"SMITH"},{"data":"Backflip","floor":11,"key":"SMITH"},{"floor":15,"key":"REST"}],"neow_cost":"NONE","seed_source_timestamp":1684983107980157,"circlet_count":0,"master_deck":["Survivor","Neutralize","Backflip+1","Deadly Poison+1","Backflip+1","Envenom","Acrobatics","Slice","Deadly Poison","Well Laid Plans","Flying Knee","Distraction","Backflip"],"relics":["Ring of the Snake","Strawberry","Gambling Chip","Potion Belt","Omamori","Happy Flower","Pandora\u0027s Box","Pen Nib"],"potions_floor_usage":[7,16,16],"damage_taken":[{"damage":0,"enemies":"Cultist","floor":1,"turns":4},{"damage":4,"enemies":"2 Louse","floor":2,"turns":4},{"damage":20,"enemies":"Gremlin Nob","floor":7,"turns":4},{"damage":9,"enemies":"Jaw Worm","floor":12,"turns":3},{"damage":9,"enemies":"Blue Slaver","floor":14,"turns":3},{"damage":44,"enemies":"The Guardian","floor":16,"turns":11},{"damage":11,"enemies":"3 Byrds","floor":18,"turns":5},{"damage":24,"enemies":"Shell Parasite","floor":20,"turns":4},{"damage":44,"enemies":"Gremlin Leader","floor":23,"turns":6}],"seed_played":"-2877618102531259553","potions_obtained":[{"floor":1,"key":"SteroidPotion"},{"floor":12,"key":"Dexterity Potion"},{"floor":14,"key":"Regen Potion"},{"floor":18,"key":"EssenceOfSteel"}],"is_trial":false,"path_per_floor":["M","M","?","?","$","R","E","R","T","?","R","M","?","M","R","B",null,"M","?","M","$","T"],"character_chosen":"THE_SILENT","items_purchased":[],"campfire_rested":1,"item_purchase_floors":[],"current_hp_per_floor":[77,73,73,73,73,73,53,53,53,53,53,44,37,28,51,22,77,66,66,42,42,42,0],"gold":273,"neow_bonus":"RANDOM_COMMON_RELIC","is_prod":false,"is_daily":false,"chose_seed":false,"campfire_upgraded":3,"win_rate":0,"timestamp":1531246196,"path_taken":["M","M","?","?","$","R","E","R","T","?","R","M","?","M","R","BOSS","M","?","M","$","?","E"],"build_version":"2018-07-05","purchased_purges":2,"victory":false,"max_hp_per_floor":[77,77,77,77,77,77,77,77,77,77,77,77,77,77,77,77,77,77,77,77,77,77,77],"card_choices":[{"not_picked":["Reflex","Outmaneuver","Dagger Throw"],"picked":"SKIP","floor":1},{"not_picked":["PiercingWail","Storm of Steel"],"picked":"Backflip","floor":2},{"not_picked":["Dodge and Roll","Expertise"],"picked":"Backflip","floor":7},{"not_picked":["Underhanded Strike","Quick Slash","Dodge and Roll"],"picked":"SKIP","floor":12},{"not_picked":["Flechettes","Deflect","Flying Knee"],"picked":"SKIP","floor":14},{"not_picked":["Wraith Form v2","Tools of the Trade"],"picked":"Envenom","floor":16},{"not_picked":["Concentrate","Underhanded Strike","Sucker Punch"],"picked":"SKIP","floor":18},{"not_picked":["Slice","Bane","Poisoned Stab+1"],"picked":"SKIP","floor":20}],"player_experience":187766,"relics_obtained":[{"floor":7,"key":"Gambling Chip"},{"floor":9,"key":"Potion Belt"},{"floor":22,"key":"Pen Nib"}],"event_choices":[{"event_name":"Transmorgrifier","player_choice":"Transform","floor":3,"damage_taken":0},{"event_name":"Living Wall","player_choice":"Forget","floor":4,"damage_taken":0},{"event_name":"Big Fish","player_choice":"Box","floor":10,"damage_taken":0},{"event_name":"Scrap Ooze","player_choice":"success","floor":13,"damage_taken":7},{"event_name":"Golden Shrine","player_choice":"Pray","floor":19,"damage_taken":0}],"boss_relics":[{"not_picked":["Busted Crown","White Beast Statue"],"picked":"Pandora\u0027s Box"}],"items_purged_floors":[5,21],"is_endless":false,"potions_floor_spawned":[1,12,14,18],"killed_by":"Gremlin Leader","ascension_level":0}