{"gold_per_floor":[110,120,120,195,175,204,53,68,68,68,95,115,48,68,68,68,68,171,171,171,171,99,22,22,22,0,0,0,0,0,0,0,0,0,0,0,0,0,0,0,0,0,0],"floor_reached":41,"playtime":1680,"items_purged":["Defend_G"],"score":534,"play_id":"244f371c-1893-4f1c-807c-2c90805ada79","local_time":"20180713110117","is_ascension_mode":false,"campfire_choices":[{"floor":13,"key":"REST"},{"floor":15,"key":"REST"},{"data":"Infinite Blades","floor":23,"key":"SMITH"},{"data":"Accuracy","floor":27,"key":"SMITH"},{"floor":30,"key":"REST"},{"floor":32,"key":"REST"},{"floor":40,"key":"REST"}],"neow_cost":"NONE","seed_source_timestamp":0,"circlet_count":0,"master_deck":["Defend_G","Defend_G","Defend_G","Defend_G+1","Strike_G+1","Strike_G","Strike_G","Strike_G","Strike_G+1","Survivor","Neutralize","Tools of the Trade","Terror","Acrobatics+1","Backstab+1","Footwork","Infinite Blades+1","Infinite Blades+1","Accuracy+1","J.A.X.+1","Accuracy+1","Decay","Normality","Parasite","Flash of Steel","Normality","Normality"],"special_seed":0,"relics":["Ring of the Snake","Art of War","Lantern","Bag of Preparation","Ectoplasm","Paper Crane","Whetstone","Calling Bell","War Paint","Pear","Ginger"],"potions_floor_usage":[10,16,29,37],"damage_taken":[{"damage":2.0,"enemies":"2 Louse","floor":1.0,"turns":5.0},{"damage":10.0,"enemies":"Small Slimes","floor":2.0,"turns":4.0},{"damage":25.0,"enemies":"Lagavulin","floor":6.0,"turns":8.0},{"damage":8.0,"enemies":"Jaw Worm","floor":8.0,"turns":2.0},{"damage":0,"enemies":"Looter","floor":10,"turns":2},{"damage":7,"enemies":"Blue Slaver","floor":12,"turns":2},{"damage":39,"enemies":"Slime Boss","floor":16,"turns":14},{"damage":1,"enemies":"Chosen","floor":18,"turns":3},{"damage":12,"enemies":"Spheric Guardian","floor":25,"turns":4},{"damage":16,"enemies":"3 Cultists","floor":28,"turns":5},{"damage":21,"enemies":"Sentry and Sphere","floor":29,"turns":4},{"damage":17,"enemies":"Book of Stabbing","floor":31,"turns":6},{"damage":8,"enemies":"Champ","floor":33,"turns":9},{"damage":13,"enemies":"Flame Bruiser 1 Orb","floor":35,"turns":4},{"damage":20,"enemies":"Orb Walker","floor":37,"turns":3},{"damage":54,"enemies":"Flame Bruiser 2 Orb","floor":38,"turns":5},{"damage":0,"enemies":"3 Darklings","floor":41,"turns":1}],"seed_played":"8451358883629432137","potions_obtained":[{"floor":1.0,"key":"Regen Potion"},{"floor":2.0,"key":"Energy Potion"},{"floor":5.0,"key":"FearPotion"},{"floor":8.0,"key":"Fire Potion"},{"floor":12,"key":"Fire Potion"},{"floor":25,"key":"LiquidBronze"},{"floor":33,"key":"Regen Potion"},{"floor":38,"key":"Swift Potion"}],"is_trial":false,"path_per_floor":["M","M","?","?","?","E","$","M","T","M","$","M","R","?","R","B",null,"M","?","$","?","?","R","?","M","T","R","M","M","R","E","R","B",null,"M","?","M","M","?","R"],"character_chosen":"THE_SILENT","items_purchased":["Footwork","Infinite Blades","Accuracy"],"campfire_rested":5,"item_purchase_floors":[7,11,20],"current_hp_per_floor":[68,67,64,53,53,28,28,20,20,20,20,20,20,13,34,20,41,2,70,69,56,56,56,56,56,56,44,44,44,28,7,29,12,34,26,85,72,72,57,3,3,28,28],"gold":0,"neow_bonus":"ONE_RANDOM_RARE_CARD","is_prod":false,"is_daily":false,"chose_seed":false,"campfire_upgraded":2,"win_rate":0,"timestamp":1531494077,"path_taken":["M","M","?","?","?","E","$","M","T","M","?","M","R","?","R","BOSS","M","?","$","?","?","R","?","M","T","R","M","M","R","E","R","BOSS","M","?","M","M","?","R","M"],"build_version":"2018-07-12","purchased_purges":1,"victory":false,"max_hp_per_floor":[70,70,70,70,70,70,70,70,70,70,70,70,70,70,70,70,70,70,70,70,75,75,75,75,75,75,75,75,75,75,75,75,75,75,75,85,85,85,85,85,85,85,85],"card_choices":[{"not_picked":["Choke","Setup"],"picked":"Terror","floor":1.0},{"not_picked":["Blur","Deflect"],"picked":"Acrobatics","floor":2.0},{"not_picked":["Malaise","Distraction"],"picked":"Backstab","floor":6.0},{"not_picked":["Underhanded Strike","All Out Attack"],"picked":"Infinite Blades","floor":8.0},{"not_picked":["Dagger Throw","Sucker Punch","Flying Knee"],"picked":"SKIP","floor":10},{"not_picked":["Poisoned Stab","Deflect","Backstab"],"picked":"SKIP","floor":12},{"not_picked":["Flechettes","Setup","Acrobatics"],"picked":"SKIP","floor":18},{"not_picked":["Deadly Poison","Flying Knee","Slice"],"picked":"SKIP","floor":25},{"not_picked":["Quick Slash+1","Crippling Poison+1"],"picked":"Accuracy+1","floor":28},{"not_picked":["Quick Slash","Acrobatics","Backflip+1"],"picked":"SKIP","floor":29},{"not_picked":["Poisoned Stab","PiercingWail+1","Flechettes"],"picked":"SKIP","floor":31},{"not_picked":["Prepared+1","Poisoned Stab+1","Calculated Gamble"],"picked":"SKIP","floor":35},{"not_picked":["Prepared+1","Flying Knee","Bane+1"],"picked":"SKIP","floor":37},{"not_picked":["Dagger Throw","Catalyst","Underhanded Strike+1"],"picked":"SKIP","floor":38}],"player_experience":243834,"relics_obtained":[{"floor":6.0,"key":"Lantern"},{"floor":9,"key":"Bag of Preparation"},{"floor":26,"key":"Paper Crane"},{"floor":31,"key":"Whetstone"},{"floor":34,"key":"War Paint"},{"floor":34,"key":"Pear"},{"floor":34,"key":"Ginger"}],"event_choices":[{"event_name":"Scrap Ooze","player_choice":"success","floor":3.0,"damage_taken":3.0},{"event_name":"World of Goop","player_choice":"Gather Gold","floor":4.0,"damage_taken":0.0},{"event_name":"The Woman in Blue","player_choice":"Bought 1 Potion","floor":5.0,"damage_taken":0.0},{"event_name":"Shining Light","player_choice":"Entered Light","floor":14,"damage_taken":0},{"event_name":"Forgotten Altar","player_choice":"Shed Blood","floor":19,"damage_taken":0},{"event_name":"Drug Dealer","player_choice":"Got JAXXED","floor":21,"damage_taken":0},{"event_name":"Upgrade Shrine","player_choice":"Upgraded","floor":22,"damage_taken":0},{"event_name":"Masked Bandits","player_choice":"Paid Bandits 22 gold","floor":24,"damage_taken":0},{"event_name":"Match and Keep!","player_choice":"1 cards matched","floor":36,"damage_taken":0},{"event_name":"MindBloom","player_choice":"Gold","floor":39,"damage_taken":0}],"boss_relics":[{"not_picked":["Snecko Eye","Runic Pyramid"],"picked":"Ectoplasm"},{"not_picked":["Pandora\u0027s Box","Black Star"],"picked":"Calling Bell"}],"items_purged_floors":[7],"is_endless":false,"potions_floor_spawned":[1,2,8,12,25,33,38],"killed_by":"3 Darklings","ascension_level":0}