{"gold_per_floor":[117,117,137,137,156,156,174,99,99,99,118,118,293,314,314,314],"floor_reached":16,"playtime":614,"items_purged":["Dual Wield"],"score":92,"play_id":"5e9c0ca7-4033-480e-8009-e0ad2d6ac6ca","local_time":"20180711233159","daily_mods":["Draft"],"is_ascension_mode":false,"campfire_choices":[{"floor":6,"key":"REST"},{"data":"Flex","floor":12,"key":"SMITH"},{"data":"Flex","floor":15,"key":"SMITH"}],"neow_cost":"","seed_source_timestamp":0,"circlet_count":0,"master_deck":["Heavy Blade","Flex+1","Perfected Strike","Battle Trance","Carnage","Iron Wave","Pommel Strike","Headbutt","Wild Strike","Battle Trance","Shrug It Off","Iron Wave","Infernal Blade","Twin Strike","Decay","Inflame","Injury","Flex+1","Wild Strike","Doubt"],"relics":["Burning Blood","Golden Idol","Pear"],"potions_floor_usage":[16],"damage_taken":[{"damage":0,"enemies":"2 Louse","floor":1,"turns":2},{"damage":6,"enemies":"Cultist","floor":3,"turns":3},{"damage":11,"enemies":"Jaw Worm","floor":5,"turns":2},{"damage":22,"enemies":"Gremlin Gang","floor":7,"turns":4},{"damage":12,"enemies":"Blue Slaver","floor":11,"turns":2},{"damage":10,"enemies":"Looter","floor":14,"turns":2},{"damage":52,"enemies":"The Guardian","floor":16,"turns":6}],"seed_played":"132408","potions_obtained":[{"floor":1,"key":"LiquidBronze"},{"floor":3,"key":"Strength Potion"}],"is_trial":true,"path_per_floor":["M","?","M","?","M","R","M","$","T","?","M","R","?","M","R"],"character_chosen":"IRONCLAD","items_purchased":[],"campfire_rested":1,"item_purchase_floors":[],"current_hp_per_floor":[80,80,80,80,75,80,64,64,64,56,50,50,50,46,46,0],"gold":314,"neow_bonus":"","is_prod":false,"is_daily":false,"chose_seed":true,"campfire_upgraded":2,"win_rate":0,"timestamp":1531366319,"path_taken":["M","?","?","?","M","R","M","$","T","?","M","R","?","M","R","BOSS"],"build_version":"2018-07-05","purchased_purges":1,"victory":false,"max_hp_per_floor":[80,80,80,80,80,80,80,80,80,90,90,90,90,90,90,90],"card_choices":[{"not_picked":["Burning Pact","Hemokinesis"],"picked":"Heavy Blade","floor":0},{"not_picked":["Shrug It Off","Thunderclap"],"picked":"Flex","floor":0},{"not_picked":["Perfected Strike","Sever Soul"],"picked":"Dual Wield","floor":0},{"not_picked":["Sentinel","Havoc"],"picked":"Perfected Strike","floor":0},{"not_picked":["Clash","Headbutt"],"picked":"Battle Trance","floor":0},{"not_picked":["Anger","Iron Wave"],"picked":"Carnage","floor":0},{"not_picked":["Armaments","Havoc"],"picked":"Iron Wave","floor":0},{"not_picked":["Armaments","Anger"],"picked":"Pommel Strike","floor":0},{"not_picked":["Shrug It Off","Heavy Blade"],"picked":"Headbutt","floor":0},{"not_picked":["Feel No Pain","Uppercut"],"picked":"Wild Strike","floor":0},{"not_picked":["Clash","Uppercut"],"picked":"Battle Trance","floor":0},{"not_picked":["Headbutt","Blood for Blood"],"picked":"Shrug It Off","floor":0},{"not_picked":["Power Through","Shrug It Off"],"picked":"Iron Wave","floor":0},{"not_picked":["Feel No Pain","Armaments"],"picked":"Infernal Blade","floor":0},{"not_picked":["Sword Boomerang","Thunderclap"],"picked":"Twin Strike","floor":0},{"not_picked":["Ghostly Armor","Clash","Spot Weakness"],"picked":"SKIP","floor":1},{"not_picked":["Sever Soul","Headbutt"],"picked":"Inflame","floor":3},{"not_picked":["Warcry","Infernal Blade"],"picked":"Flex","floor":5},{"not_picked":["Sword Boomerang","Sever Soul"],"picked":"Wild Strike","floor":7},{"not_picked":["Pommel Strike","Headbutt","Feel No Pain"],"picked":"SKIP","floor":11},{"not_picked":["Wild Strike","Headbutt","Shockwave"],"picked":"SKIP","floor":14}],"player_experience":231097,"relics_obtained":[],"event_choices":[{"event_name":"Wheel of Change","player_choice":"Curse","floor":2,"damage_taken":0},{"event_name":"Golden Idol","player_choice":"Take Wound","floor":4,"damage_taken":0},{"event_name":"Scrap Ooze","player_choice":"success","floor":10,"damage_taken":18},{"event_name":"Liars Game","player_choice":"agreed","floor":13,"damage_taken":0}],"boss_relics":[],"items_purged_floors":[8],"is_endless":false,"potions_floor_spawned":[1,3],"killed_by":"The Guardian","ascension_level":0}