{"gold_per_floor":[114,114,134,59,134,134,170,170,195,49,68,91,104,117,117,242,242,266,266,266,60,73,73,84,84,109,121,139,166,166,179,179,179],"floor_reached":33,"playtime":2779,"items_purged":["Defend_R","Defend_R","Defend_R"],"score":269,"play_id":"4867c569-5f33-4175-a016-a75a2d9e256e","local_time":"20190331191421","is_ascension_mode":false,"campfire_choices":[{"data":"Iron Wave","floor":6,"key":"SMITH"},{"floor":15,"key":"REST"},{"data":"Blood for Blood","floor":23,"key":"SMITH"},{"data":"Inflame","floor":25,"key":"SMITH"},{"data":"Iron Wave","floor":30,"key":"SMITH"},{"data":"Heavy Blade","floor":32,"key":"SMITH"}],"neow_cost":"NONE","seed_source_timestamp":226533058150109,"circlet_count":0,"master_deck":["Strike_R","Strike_R","Strike_R","Strike_R","Defend_R","Bash","Iron Wave+1","Iron Wave+1","Warcry+1","Armaments+1","Shrug It Off+1","Flex+1","Havoc+1","Warcry+1","Inflame+1","Metallicize+1","Blood for Blood+1","Heavy Blade+1","Body Slam+1","Pommel Strike","Impervious+1","Burning Pact+1"],"relics":["Burning Blood","Bloody Idol","Toxic Egg 2","Lantern","Sozu","Bronze Scales","Juzu Bracelet"],"potions_floor_usage":[7,33,33],"damage_taken":[{"damage":5,"enemies":"Cultist","floor":1,"turns":4},{"damage":0,"enemies":"2 Louse","floor":3,"turns":6},{"damage":37,"enemies":"Lagavulin","floor":7,"turns":10},{"damage":0,"enemies":"Jaw Worm","floor":11,"turns":3},{"damage":8,"enemies":"Red Slaver","floor":12,"turns":2},{"damage":0,"enemies":"Blue Slaver","floor":13,"turns":2},{"damage":8,"enemies":"Gremlin Gang","floor":14,"turns":6},{"damage":34,"enemies":"Slime Boss","floor":16,"turns":12},{"damage":7,"enemies":"3 Byrds","floor":18,"turns":5},{"damage":1,"enemies":"2 Thieves","floor":22,"turns":4},{"damage":17,"enemies":"Sentry and Sphere","floor":24,"turns":5},{"damage":6,"enemies":"Snecko","floor":27,"turns":5},{"damage":7,"enemies":"Shelled Parasite and Fungi","floor":28,"turns":3},{"damage":36,"enemies":"Gremlin Leader","floor":29,"turns":5},{"damage":0,"enemies":"Sentry and Sphere","floor":31,"turns":3},{"damage":79,"enemies":"Automaton","floor":33,"turns":6}],"seed_played":"-7910072023171326926","potions_obtained":[{"floor":1,"key":"Strength Potion"},{"floor":3,"key":"Dexterity Potion"},{"floor":7,"key":"Poison Potion"}],"is_trial":false,"path_per_floor":["M","?","M","$","?","R","E","?","T","$","M","M","M","M","R","B",null,"M","?","?","$","M","R","M","R","T","M","M","E","R","M","R","B"],"character_chosen":"IRONCLAD","items_purchased":["Shrug It Off+1","Blood for Blood"],"campfire_rested":1,"item_purchase_floors":[10,21],"current_hp_per_floor":[80,60,66,66,55,55,24,24,24,24,30,28,34,32,56,28,80,79,79,90,90,90,90,84,84,89,90,90,65,65,76,76,0],"gold":179,"neow_bonus":"THREE_CARDS","is_prod":false,"is_daily":false,"chose_seed":false,"campfire_upgraded":5,"win_rate":0.0,"timestamp":1554056061,"path_taken":["M","?","M","$","?","R","E","?","T","$","?","M","M","M","R","BOSS","M","?","?","$","M","R","M","R","T","?","?","E","R","M","R","BOSS"],"build_version":"2019-01-23","purchased_purges":3,"victory":false,"max_hp_per_floor":[80,80,80,80,80,80,80,80,80,80,80,80,80,80,80,80,80,80,80,90,90,90,90,90,90,90,90,90,90,90,90,90,90],"card_choices":[{"not_picked":["Clash","Combust"],"picked":"Iron Wave","floor":0},{"not_picked":["Sever Soul","Disarm","Blood for Blood"],"picked":"SKIP","floor":1},{"not_picked":["Intimidate","Pummel"],"picked":"Iron Wave","floor":3},{"not_picked":["Armaments","Blood for Blood"],"picked":"Warcry","floor":7},{"not_picked":["Power Through+1","Spot Weakness+1"],"picked":"Flex+1","floor":11},{"not_picked":["Sever Soul","Rampage"],"picked":"Havoc+1","floor":12},{"not_picked":["Flex+1","Wild Strike"],"picked":"Warcry+1","floor":13},{"not_picked":["True Grit+1","Body Slam"],"picked":"Inflame","floor":14},{"not_picked":["Berserk","Bludgeon"],"picked":"Double Tap+1","floor":16},{"not_picked":["Flex+1","Armaments+1"],"picked":"Metallicize+1","floor":18},{"not_picked":["Cleave","Infernal Blade+1"],"picked":"Heavy Blade","floor":22},{"not_picked":["True Grit+1","Entrench+1"],"picked":"Body Slam+1","floor":24},{"not_picked":["Inflame","Anger"],"picked":"Pommel Strike","floor":27},{"not_picked":["Sentinel+1","Havoc+1"],"picked":"Impervious+1","floor":28},{"not_picked":["Flex+1","Pummel"],"picked":"Burning Pact+1","floor":29},{"not_picked":["Burning Pact+1","Armaments+1","Havoc+1"],"picked":"SKIP","floor":31}],"player_experience":138403,"relics_obtained":[{"floor":7,"key":"Toxic Egg 2"},{"floor":9,"key":"Lantern"},{"floor":26,"key":"Bronze Scales"},{"floor":29,"key":"Juzu Bracelet"}],"event_choices":[{"damage_healed":0,"gold_gain":0,"player_choice":"Take Damage","damage_taken":20,"relics_obtained":["Golden Idol"],"max_hp_gain":0,"max_hp_loss":0,"event_name":"Golden Idol","floor":2,"gold_loss":0},{"damage_healed":0,"gold_gain":75,"player_choice":"Gather Gold","damage_taken":11,"max_hp_gain":0,"max_hp_loss":0,"event_name":"World of Goop","floor":5,"gold_loss":0},{"damage_healed":0,"gold_gain":0,"cards_transformed":["Strike_R"],"player_choice":"Change","damage_taken":0,"max_hp_gain":0,"max_hp_loss":0,"event_name":"Living Wall","floor":8,"gold_loss":0,"cards_obtained":["Armaments"]},{"damage_healed":0,"gold_gain":0,"player_choice":"Gave Idol","damage_taken":0,"relics_obtained":["Bloody Idol"],"max_hp_gain":0,"max_hp_loss":0,"event_name":"Forgotten Altar","floor":19,"relics_lost":["Golden Idol"],"gold_loss":0},{"cards_removed":["Double Tap"],"damage_healed":1,"gold_gain":0,"player_choice":"Offered Rare","damage_taken":0,"max_hp_gain":10,"max_hp_loss":0,"event_name":"Bonfire Elementals","floor":20,"gold_loss":0}],"is_beta":false,"boss_relics":[{"not_picked":["Runic Dome","Coffee Dripper"],"picked":"Sozu"}],"items_purged_floors":[4,10,21],"is_endless":false,"potions_floor_spawned":[1,3,7,28,31],"killed_by":"Automaton","ascension_level":0}