{"gold_per_floor":[115,91,101,101,101,128,147,147],"floor_reached":8,"playtime":239,"items_purged":[],"score":67,"play_id":"99f879b0-b63d-4d42-893f-a5d89499df07","local_time":"20190326083659","is_ascension_mode":true,"campfire_choices":[],"neow_cost":"TEN_PERCENT_HP_LOSS","seed_source_timestamp":7984398234756593,"circlet_count":0,"master_deck":["Strike_B","Strike_B","Strike_B","Strike_B","Defend_B","Defend_B","Defend_B","Defend_B","Zap","Dualcast","Coolheaded","Blizzard"],"relics":["Cracked Core","StoneCalendar","Shovel","Strawberry","Mummified Hand"],"potions_floor_usage":[7,8],"damage_taken":[{"damage":1,"enemies":"Cultist","floor":1,"turns":3},{"damage":4,"enemies":"Small Slimes","floor":3,"turns":3},{"damage":35,"enemies":"3 Sentries","floor":6,"turns":7},{"damage":0,"enemies":"Jaw Worm","floor":7,"turns":3},{"damage":40,"enemies":"Gremlin Nob","floor":8,"turns":4}],"seed_played":"6013864352934482591","potions_obtained":[{"floor":1,"key":"SpeedPotion"},{"floor":6,"key":"Block Potion"},{"floor":7,"key":"SteroidPotion"}],"is_trial":false,"path_per_floor":["M","$","M","?","?","E","M","E"],"character_chosen":"DEFECT","items_purchased":["Coolheaded"],"campfire_rested":0,"item_purchase_floors":[2],"current_hp_per_floor":[67,67,63,60,67,32,32,0],"gold":147,"neow_bonus":"ONE_RARE_RELIC","is_prod":false,"is_daily":false,"chose_seed":false,"campfire_upgraded":0,"win_rate":0,"timestamp":1553603819,"path_taken":["M","$","?","?","?","E","M","E"],"build_version":"2019-01-23","purchased_purges":0,"victory":false,"max_hp_per_floor":[68,68,68,68,75,75,75,75],"card_choices":[{"not_picked":["White Noise","Rebound","Undo"],"picked":"SKIP","floor":1},{"not_picked":["Turbo","Leap"],"picked":"Blizzard","floor":3},{"not_picked":["Go for the Eyes","Redo","Multi-Cast"],"picked":"SKIP","floor":6},{"not_picked":["Compile Driver","Redo","Conserve Battery"],"picked":"SKIP","floor":7}],"player_experience":530358,"relics_obtained":[{"floor":6,"key":"Mummified Hand"}],"event_choices":[{"damage_healed":0,"gold_gain":0,"player_choice":"Success","damage_taken":3,"relics_obtained":["Shovel"],"max_hp_gain":0,"max_hp_loss":0,"event_name":"Scrap Ooze","floor":4,"gold_loss":0},{"damage_healed":0,"gold_gain":0,"player_choice":"Gave Potion","damage_taken":0,"relics_obtained":["Strawberry"],"max_hp_gain":0,"max_hp_loss":0,"event_name":"WeMeetAgain","floor":5,"gold_loss":0}],"is_beta":false,"boss_relics":[],"items_purged_floors":[],"is_endless":false,"potions_floor_spawned":[1,6,7],"killed_by":"Gremlin Nob","ascension_level":4}