{"gold_per_floor":[113,131,131,151,2,35,35,55,55,55,55,74,29,29,29,29],"floor_reached":16,"playtime":1781,"items_purged":[],"score":100,"play_id":"24bcb1e3-c765-49bc-b829-b8904b029196","local_time":"20190210072311","is_ascension_mode":false,"campfire_choices":[{"floor":7,"key":"REST"},{"data":"Double Tap","floor":10,"key":"SMITH"},{"data":"Bloodletting","floor":15,"key":"SMITH"}],"neow_cost":"NONE","seed_source_timestamp":62321554485126,"circlet_count":0,"master_deck":["Strike_R","Strike_R","Strike_R+1","Defend_R","Defend_R","Defend_R","Defend_R","Bash","Shrug It Off","Headbutt","Iron Wave","Double Tap+1","Bloodletting+1","Body Slam+1","Shrug It Off","Body Slam+1"],"relics":["Burning Blood","Anchor","Molten Egg 2"],"potions_floor_usage":[6,16],"damage_taken":[{"damage":9,"enemies":"Small Slimes","floor":1,"turns":5},{"damage":6,"enemies":"Jaw Worm","floor":2,"turns":5},{"damage":0,"enemies":"Cultist","floor":4,"turns":3},{"damage":59,"enemies":"3 Sentries","floor":6,"turns":14},{"damage":9,"enemies":"Blue Slaver","floor":8,"turns":3},{"damage":5,"enemies":"Exordium Wildlife","floor":12,"turns":4},{"damage":39,"enemies":"The Guardian","floor":16,"turns":8}],"seed_played":"2121772381231131959","potions_obtained":[{"floor":4,"key":"SteroidPotion"},{"floor":8,"key":"SteroidPotion"},{"floor":12,"key":"Explosive Potion"}],"is_trial":false,"path_per_floor":["?","?","M","?"],"character_chosen":"IRONCLAD","items_purchased":["Double Tap","Body Slam+1"],"campfire_rested":1,"item_purchase_floors":[5,13],"current_hp_per_floor":[85,85,78,84,84,31,57,54,54,54,54,55,55,37,37,0],"gold":29,"neow_bonus":"TEN_PERCENT_HP_BONUS","is_prod":false,"is_daily":false,"chose_seed":false,"campfire_upgraded":2,"win_rate":0,"timestamp":1549794191,"path_taken":["M","M","?","M","$","E","R","M","T","R","?","?","$","?","R","BOSS"],"build_version":"2019-01-23","purchased_purges":0,"victory":false,"max_hp_per_floor":[88,88,88,88,88,88,88,88,88,88,88,88,88,88,88,88],"card_choices":[{"not_picked":["Pommel Strike","Armaments"],"picked":"Shrug It Off","floor":1},{"not_picked":["Iron Wave","Havoc"],"picked":"Headbutt","floor":2},{"not_picked":["True Grit","Sword Boomerang"],"picked":"Iron Wave","floor":4},{"not_picked":["Sword Boomerang","Clash"],"picked":"Bloodletting","floor":6},{"not_picked":["Impervious","Havoc"],"picked":"Body Slam","floor":8},{"not_picked":["Twin Strike+1","Combust"],"picked":"Shrug It Off","floor":12}],"player_experience":146668,"relics_obtained":[{"floor":6,"key":"Anchor"},{"floor":9,"key":"Molten Egg 2"}],"event_choices":[{"cards_removed":["Strike_R"],"damage_healed":0,"gold_gain":0,"player_choice":"Card Removal","damage_taken":7,"max_hp_gain":0,"max_hp_loss":0,"event_name":"Golden Wing","floor":3,"gold_loss":0},{"cards_removed":["Strike_R"],"damage_healed":0,"gold_gain":0,"player_choice":"Purged","damage_taken":0,"max_hp_gain":0,"max_hp_loss":0,"event_name":"Purifier","floor":11,"gold_loss":0},{"damage_healed":0,"gold_gain":0,"player_choice":"Entered Light","damage_taken":18,"max_hp_gain":0,"max_hp_loss":0,"event_name":"Shining Light","floor":14,"gold_loss":0,"cards_upgraded":["Strike_R","Body Slam"]}],"is_beta":false,"boss_relics":[],"items_purged_floors":[],"is_endless":false,"potions_floor_spawned":[4,8,12],"killed_by":"The Guardian","ascension_level":0}