{"gold_per_floor":[117,117,132,32,50,75,75,89,89,108,63,79,79,95,95,200,200,215,215,215,225,225],"floor_reached":22,"playtime":552,"items_purged":["Defend_R"],"score":188,"play_id":"71dbfd2a-5314-4feb-b2a2-945760816d2a","local_time":"20180713163012","is_ascension_mode":false,"campfire_choices":[{"floor":7,"key":"REST"},{"data":"Battle Trance","floor":13,"key":"SMITH"},{"floor":15,"key":"REST"}],"neow_cost":"NONE","seed_source_timestamp":203074504019310,"circlet_count":0,"master_deck":["Strike_R","Strike_R","Strike_R","Strike_R","Strike_R","Defend_R","Defend_R","Defend_R","Bash+1","Anger+1","Pommel Strike","Anger","Warcry","Thunderclap","Anger","Flex","Battle Trance+1","Flex","Decay"],"relics":["Burning Blood","Ancient Tea Set","Bag of Marbles","Snecko Eye"],"potions_floor_usage":[8,21,22],"damage_taken":[{"damage":5,"enemies":"2 Louse","floor":1,"turns":3},{"damage":6,"enemies":"Cultist","floor":3,"turns":3},{"damage":10,"enemies":"Small Slimes","floor":5,"turns":2},{"damage":24,"enemies":"Gremlin Nob","floor":6,"turns":4},{"damage":9,"enemies":"2 Fungi Beasts","floor":8,"turns":2},{"damage":0,"enemies":"Looter","floor":10,"turns":2},{"damage":27,"enemies":"Exordium Thugs","floor":12,"turns":5},{"damage":12,"enemies":"Blue Slaver","floor":14,"turns":2},{"damage":43,"enemies":"Hexaghost","floor":16,"turns":7},{"damage":10,"enemies":"Chosen","floor":18,"turns":3},{"damage":22,"enemies":"2 Thieves","floor":21,"turns":3},{"damage":0,"enemies":"Centurion and Healer","floor":22,"turns":1}],"seed_played":"-1055691656746577203","potions_obtained":[{"floor":3,"key":"AttackPotion"},{"floor":10,"key":"GamblersBrew"},{"floor":16,"key":"GamblersBrew"},{"floor":18,"key":"AttackPotion"}],"is_trial":false,"path_per_floor":["M","?","M","$","M","E","R","M","T","M","$","M","R","M","R","B",null,"M","?","?","M"],"character_chosen":"IRONCLAD","items_purchased":["Anger","Flex"],"campfire_rested":2,"item_purchase_floors":[4,11],"current_hp_per_floor":[80,64,64,64,60,42,66,63,63,69,69,48,48,42,66,29,80,76,76,76,60,60],"gold":225,"neow_bonus":"THREE_CARDS","is_prod":false,"is_daily":false,"chose_seed":false,"campfire_upgraded":1,"win_rate":0,"timestamp":1531513812,"path_taken":["M","?","M","$","?","E","R","M","T","M","?","M","R","M","R","BOSS","M","?","?","M","?"],"build_version":"2018-07-12","purchased_purges":1,"victory":false,"max_hp_per_floor":[80,80,80,80,80,80,80,80,80,80,80,80,80,80,80,80,80,80,80,80,80,80],"card_choices":[{"not_picked":["Blood for Blood","True Grit"],"picked":"Anger","floor":0},{"not_picked":["Iron Wave","Clash"],"picked":"Pommel Strike","floor":1},{"not_picked":["Blood for Blood","Sword Boomerang","Fire Breathing"],"picked":"SKIP","floor":3},{"not_picked":["Sword Boomerang","Thunderclap"],"picked":"Warcry","floor":5},{"not_picked":["Heavy Blade","Twin Strike","Wild Strike"],"picked":"SKIP","floor":6},{"not_picked":["Headbutt","Dark Embrace"],"picked":"Thunderclap","floor":8},{"not_picked":["Metallicize","Cleave"],"picked":"Anger","floor":10},{"not_picked":["Havoc","Wild Strike"],"picked":"Battle Trance","floor":12},{"not_picked":["Evolve","Perfected Strike"],"picked":"Flex","floor":14},{"not_picked":["Bloodletting","Intimidate","Warcry+1"],"picked":"SKIP","floor":18},{"not_picked":["Whirlwind","Iron Wave","Shrug It Off"],"picked":"SKIP","floor":21}],"player_experience":253227,"relics_obtained":[{"floor":6,"key":"Ancient Tea Set"},{"floor":9,"key":"Bag of Marbles"}],"event_choices":[{"event_name":"Shining Light","player_choice":"Entered Light","floor":2,"damage_taken":0},{"event_name":"Ghosts","player_choice":"Ignored","floor":19,"damage_taken":0},{"event_name":"Forgotten Altar","player_choice":"Smashed Altar","floor":20,"damage_taken":0}],"boss_relics":[{"not_picked":["Busted Crown","Calling Bell"],"picked":"Snecko Eye"}],"items_purged_floors":[4],"is_endless":false,"potions_floor_spawned":[3,10,16,18],"killed_by":"Centurion and Healer","ascension_level":0}