{"gold_per_floor":[110,125,75,75,0,0,14,26,26,38,49,61,61,80,80,80],"floor_reached":16,"playtime":328,"items_purged":["Defend_R"],"score":96,"play_id":"7b493a9b-2f11-4825-808f-38d98924c844","local_time":"20181005102017","is_ascension_mode":false,"campfire_choices":[{"data":"Thunderclap","floor":6,"key":"SMITH"},{"floor":15,"key":"REST"}],"neow_cost":"","seed_source_timestamp":1206958626919328,"circlet_count":0,"master_deck":["Strike_R","Strike_R","Strike_R+1","Strike_R","Strike_R+1","Defend_R","Defend_R","Bash","Thunderclap+1","Pommel Strike","Cleave","Offering"],"relics":["Burning Blood","Ancient Tea Set","Darkstone Periapt"],"potions_floor_usage":[14,14],"damage_taken":[{"damage":0,"enemies":"2 Louse","floor":1,"turns":3},{"damage":11,"enemies":"Jaw Worm","floor":2,"turns":3},{"damage":8,"enemies":"Small Slimes","floor":7,"turns":2},{"damage":16,"enemies":"Exordium Thugs","floor":8,"turns":3},{"damage":20,"enemies":"Large Slime","floor":10,"turns":4},{"damage":8,"enemies":"Lots of Slimes","floor":11,"turns":2},{"damage":13,"enemies":"Red Slaver","floor":12,"turns":2},{"damage":0,"enemies":"Exordium Wildlife","floor":14,"turns":2},{"damage":54,"enemies":"The Guardian","floor":16,"turns":5}],"seed_played":"-3267961299124471378","potions_obtained":[{"floor":1,"key":"Swift Potion"},{"floor":8,"key":"PowerPotion"},{"floor":12,"key":"EssenceOfSteel"}],"is_trial":false,"path_per_floor":["M","M","?","?","$","R","M","M","T","M","M","M","T","M","R"],"character_chosen":"IRONCLAD","items_purchased":[],"campfire_rested":1,"item_purchase_floors":[],"current_hp_per_floor":[80,75,75,59,59,59,57,47,47,33,31,24,24,30,54,0],"gold":80,"neow_bonus":"","is_prod":false,"is_daily":false,"chose_seed":false,"campfire_upgraded":1,"win_rate":0,"timestamp":1538749217,"path_taken":["M","M","?","?","$","R","M","M","T","?","?","M","?","?","R","BOSS"],"build_version":"2018-10-04","purchased_purges":1,"victory":false,"max_hp_per_floor":[80,80,80,80,80,80,80,80,80,80,80,80,80,80,80,80],"card_choices":[{"not_picked":["Feel No Pain","Intimidate"],"picked":"Thunderclap","floor":1},{"not_picked":["Iron Wave","Armaments"],"picked":"Pommel Strike","floor":2},{"not_picked":["Anger","Body Slam"],"picked":"Cleave","floor":7},{"not_picked":["Fire Breathing","Shockwave","Seeing Red"],"picked":"SKIP","floor":8},{"not_picked":["Rage","Entrench","Bloodletting"],"picked":"SKIP","floor":10},{"not_picked":["Blood for Blood","Armaments","Ghostly Armor"],"picked":"SKIP","floor":11},{"not_picked":["Havoc","Metallicize","Reckless Charge"],"picked":"SKIP","floor":12},{"not_picked":["Perfected Strike","Blood for Blood"],"picked":"Offering","floor":14}],"player_experience":434667,"relics_obtained":[{"floor":9,"key":"Ancient Tea Set"},{"floor":13,"key":"Darkstone Periapt"}],"event_choices":[{"event_name":"The Cleric","player_choice":"Card Removal","floor":3,"damage_taken":0},{"event_name":"Shining Light","player_choice":"Entered Light","floor":4,"damage_taken":0}],"is_beta":false,"boss_relics":[],"items_purged_floors":[5],"is_endless":false,"potions_floor_spawned":[1,8,12],"killed_by":"The Guardian","ascension_level":0}