{"gold_per_floor":[119,131,56,56,70,95,95,46,118,118,68,68,79,90,90,90],"floor_reached":16,"playtime":489,"items_purged":["Defend_R"],"score":100,"play_id":"b7e25735-0692-473f-941b-7d752890627e","local_time":"20180710101149","is_ascension_mode":false,"campfire_choices":[{"data":"Whirlwind","floor":7,"key":"SMITH"},{"data":"Flex","floor":10,"key":"SMITH"},{"data":"Anger","floor":12,"key":"SMITH"},{"data":"Seeing Red","floor":15,"key":"SMITH"}],"neow_cost":"","seed_source_timestamp":1671526163266230,"circlet_count":0,"master_deck":["Strike_R+1","Strike_R","Strike_R","Strike_R","Strike_R","Defend_R","Defend_R+1","Bash","Cleave","Clash","Anger+1","Whirlwind+1","Flex+1","Seeing Red+1"],"relics":["Burning Blood","Omamori","The Courier"],"potions_floor_usage":[6],"damage_taken":[{"damage":12,"enemies":"Small Slimes","floor":1,"turns":5},{"damage":0,"enemies":"2 Louse","floor":2,"turns":3},{"damage":3,"enemies":"Jaw Worm","floor":5,"turns":2},{"damage":8,"enemies":"Gremlin Nob","floor":6,"turns":3},{"damage":2,"enemies":"Looter","floor":13,"turns":2},{"damage":6,"enemies":"Exordium Wildlife","floor":14,"turns":2},{"damage":74,"enemies":"The Guardian","floor":16,"turns":8}],"seed_played":"-916988696763034213","potions_obtained":[{"floor":5,"key":"Fruit Juice"},{"floor":13,"key":"Ancient Potion"}],"is_trial":false,"path_per_floor":["M","M","$","?","M","E","R","$","T","R","?","R","M","M","R"],"character_chosen":"IRONCLAD","items_purchased":["Flex"],"campfire_rested":0,"item_purchase_floors":[8],"current_hp_per_floor":[74,80,80,64,67,70,70,70,70,70,70,70,74,74,74,0],"gold":90,"neow_bonus":"","is_prod":false,"is_daily":false,"chose_seed":false,"campfire_upgraded":4,"win_rate":0,"timestamp":1531231909,"path_taken":["M","M","$","?","M","E","R","$","T","R","?","R","M","?","R","BOSS"],"build_version":"2018-07-05","purchased_purges":1,"victory":false,"max_hp_per_floor":[80,80,80,80,80,85,85,85,85,85,85,85,85,85,85,85],"card_choices":[{"not_picked":["Twin Strike","Second Wind"],"picked":"Cleave","floor":1},{"not_picked":["Fire Breathing","Headbutt"],"picked":"Clash","floor":2},{"not_picked":["Burning Pact","Wild Strike"],"picked":"Anger","floor":5},{"not_picked":["Body Slam","Twin Strike"],"picked":"Whirlwind","floor":6},{"not_picked":["Body Slam","Pommel Strike"],"picked":"Seeing Red","floor":13},{"not_picked":["Searing Blow","Iron Wave","Rage"],"picked":"SKIP","floor":14}],"player_experience":175274,"relics_obtained":[{"floor":6,"key":"Omamori"},{"floor":9,"key":"The Courier"}],"event_choices":[{"event_name":"Shining Light","player_choice":"Entered Light","floor":4,"damage_taken":0},{"event_name":"The Cleric","player_choice":"Card Removal","floor":11,"damage_taken":0}],"boss_relics":[],"items_purged_floors":[3],"is_endless":false,"potions_floor_spawned":[5,13],"killed_by":"The Guardian","ascension_level":0}