{"gold_per_floor":[112,128,57,67,242,242,228,228,228,243,243,12,12,37,37,37],"floor_reached":16,"playtime":445,"items_purged":[],"score":105,"play_id":"4fb6a984-5e1e-4860-8231-f651b4a19bf6","local_time":"20180925133218","is_ascension_mode":true,"campfire_choices":[{"data":"Neutralize","floor":6,"key":"SMITH"},{"data":"Strike_G","floor":8,"key":"SMITH"},{"floor":11,"key":"REST"},{"data":"Cloak And Dagger","floor":13,"key":"SMITH"},{"floor":15,"key":"REST"}],"neow_cost":"","seed_source_timestamp":354348827623891,"circlet_count":0,"master_deck":["Defend_G","Defend_G","Defend_G","Defend_G","Defend_G","Strike_G+1","Strike_G","Strike_G","Strike_G","Strike_G","Survivor","Neutralize+1","Accuracy","Accuracy","Doubt","Cloak And Dagger+1","Backstab","Backstab"],"relics":["Ring of the Snake","WingedGreaves","MawBank","Gambling Chip"],"potions_floor_usage":[4,10],"damage_taken":[{"damage":6,"enemies":"Cultist","floor":1,"turns":3},{"damage":10,"enemies":"Small Slimes","floor":2,"turns":5},{"damage":0,"enemies":"Jaw Worm","floor":4,"turns":4},{"damage":9,"enemies":"Exordium Thugs","floor":7,"turns":4},{"damage":6,"enemies":"Lots of Slimes","floor":10,"turns":8},{"damage":26,"enemies":"3 Sentries","floor":14,"turns":10},{"damage":8,"enemies":"Hexaghost","floor":16,"turns":4}],"seed_played":"5518567954864203117","potions_obtained":[{"floor":1,"key":"Swift Potion"},{"floor":4,"key":"Dexterity Potion"},{"floor":14,"key":"Energy Potion"}],"is_trial":false,"path_per_floor":["M","M","$","M","?","R","M","R","T","M","R","$","R","E","R"],"character_chosen":"THE_SILENT","items_purchased":["Accuracy","Cloak And Dagger","MawBank","Backstab"],"campfire_rested":2,"item_purchase_floors":[3,12,12,12],"current_hp_per_floor":[64,54,54,54,54,54,45,45,45,39,60,60,60,34,55,47],"gold":37,"neow_bonus":"","is_prod":false,"is_daily":false,"chose_seed":false,"campfire_upgraded":3,"win_rate":0,"timestamp":1537896738,"path_taken":["M","M","$","M","?","R","M","R","T","M","R","$","R","E","R","BOSS"],"build_version":"2018-09-20","purchased_purges":0,"victory":false,"max_hp_per_floor":[70,70,70,70,70,70,70,70,70,70,70,70,70,70,70,70],"card_choices":[{"not_picked":["Poisoned Stab","Backflip"],"picked":"Accuracy","floor":1},{"not_picked":["Distraction","Sucker Punch","Backflip"],"picked":"SKIP","floor":2},{"not_picked":["Slice","Well Laid Plans","Deadly Poison"],"picked":"SKIP","floor":4},{"not_picked":["Noxious Fumes","Heel Hook","PiercingWail"],"picked":"SKIP","floor":7},{"not_picked":["Backflip","Heel Hook","Outmaneuver"],"picked":"SKIP","floor":10},{"not_picked":["Concentrate","Setup"],"picked":"Backstab","floor":14}],"player_experience":409894,"relics_obtained":[{"floor":9,"key":"WingedGreaves"},{"floor":14,"key":"Gambling Chip"}],"event_choices":[{"event_name":"Liars Game","player_choice":"agreed","floor":5,"damage_taken":0}],"is_beta":false,"boss_relics":[],"items_purged_floors":[],"is_endless":false,"potions_floor_spawned":[1,4,14],"killed_by":"Hexaghost","ascension_level":1}