{"gold_per_floor":[111,121,141,156,172,198,168,168,168,57,87,87,113,124,124,222,222,232,232,331,231,431,457,17,32,86,112,132,132,148,167,167,268,268,285,285,285,295,312,312,324,338,338,12,31,31,31,31,31,31],"floor_reached":51,"playtime":6384,"items_purged":["Strike_G","Strike_G","Strike_G"],"score":717,"play_id":"9f1fc8a9-af33-4fb1-96d3-612312af88f3","local_time":"20190326213758","is_ascension_mode":true,"campfire_choices":[{"floor":8,"key":"REST"},{"floor":12,"key":"REST"},{"data":"Neutralize","floor":15,"key":"SMITH"},{"floor":32,"key":"REST"},{"data":"Accuracy","floor":40,"key":"SMITH"},{"floor":46,"key":"REST"},{"data":"Well Laid Plans","floor":49,"key":"SMITH"}],"neow_cost":"NONE","seed_source_timestamp":68085817816770,"circlet_count":0,"master_deck":["Defend_G","Defend_G","Defend_G","Defend_G","Defend_G","Strike_G","Strike_G","Survivor","Neutralize+1","Dash","PiercingWail","Backflip","Infinite Blades","Cloak And Dagger","Sucker Punch","A Thousand Cuts","Well Laid Plans+1","Cloak And Dagger+1","Accuracy+1","All Out Attack","Noxious Fumes","Blade Dance","After Image","Purity","Blade Dance","Accuracy+1","Blade Dance+1","Accuracy+1","Leg Sweep+1","Writhe"],"relics":["Ring of the Snake","Blood Vial","Vajra","Pear","Velvet Choker","Matryoshka","Shuriken","Gambling Chip","Dream Catcher","Anchor","Smiling Mask","WristBlade","The Courier","Frozen Egg 2","DollysMirror","Bag of Preparation"],"potions_floor_usage":[6,6,11,11,11,13,27,29,30,33,41,50,50],"damage_taken":[{"damage":3,"enemies":"2 Louse","floor":1,"turns":3},{"damage":0,"enemies":"Cultist","floor":2,"turns":4},{"damage":0,"enemies":"Jaw Worm","floor":3,"turns":4},{"damage":0,"enemies":"Blue Slaver","floor":4,"turns":5},{"damage":6,"enemies":"Lots of Slimes","floor":5,"turns":6},{"damage":53,"enemies":"3 Sentries","floor":6,"turns":28},{"damage":8,"enemies":"Lagavulin","floor":11,"turns":7},{"damage":15,"enemies":"Gremlin Nob","floor":13,"turns":5},{"damage":3,"enemies":"Large Slime","floor":14,"turns":5},{"damage":32,"enemies":"The Guardian","floor":16,"turns":21},{"damage":15,"enemies":"Chosen","floor":18,"turns":6},{"damage":38,"enemies":"Slavers","floor":23,"turns":8},{"damage":0,"enemies":"3 Byrds","floor":25,"turns":4},{"damage":35,"enemies":"Gremlin Leader","floor":27,"turns":7},{"damage":0,"enemies":"3 Cultists","floor":28,"turns":4},{"damage":0,"enemies":"Snake Plant","floor":30,"turns":5},{"damage":0,"enemies":"Chosen and Byrds","floor":31,"turns":5},{"damage":17,"enemies":"Champ","floor":33,"turns":11},{"damage":0,"enemies":"3 Shapes","floor":35,"turns":3},{"damage":21,"enemies":"Orb Walker","floor":38,"turns":4},{"damage":13,"enemies":"Jaw Worm Horde","floor":39,"turns":5},{"damage":0,"enemies":"Transient","floor":41,"turns":5},{"damage":26,"enemies":"Sphere and 2 Shapes","floor":42,"turns":4},{"damage":18,"enemies":"Spire Growth","floor":45,"turns":5},{"damage":70,"enemies":"Awakened One","floor":50,"turns":12}],"seed_played":"-4446454419977257528","potions_obtained":[{"floor":1,"key":"SkillPotion"},{"floor":2,"key":"GamblersBrew"},{"floor":6,"key":"Block Potion"},{"floor":7,"key":"SkillPotion"},{"floor":7,"key":"Strength Potion"},{"floor":11,"key":"LiquidBronze"},{"floor":23,"key":"Strength Potion"},{"floor":28,"key":"SkillPotion"},{"floor":29,"key":"Fruit Juice"},{"floor":30,"key":"SteroidPotion"},{"floor":35,"key":"GhostInAJar"},{"floor":39,"key":"Swift Potion"},{"floor":42,"key":"LiquidBronze"}],"is_trial":false,"path_per_floor":["?","$","M","?","?","?","M","?","M","?","?","M","?","?"],"character_chosen":"THE_SILENT","items_purchased":["Infinite Blades","Accuracy","Gambling Chip","FairyPotion","DollysMirror","Bag of Preparation"],"campfire_rested":4,"item_purchase_floors":[10,24,24,24,44,44],"current_hp_per_floor":[74,74,74,74,68,15,15,38,38,38,32,55,52,51,51,21,87,72,72,72,72,72,36,36,38,38,5,7,12,14,16,43,28,92,92,92,92,71,60,60,62,38,38,38,22,49,49,72,72,4],"gold":31,"neow_bonus":"TEN_PERCENT_HP_BONUS","is_prod":false,"is_daily":false,"chose_seed":false,"campfire_upgraded":3,"win_rate":0,"timestamp":1553647078,"path_taken":["M","M","M","M","M","E","?","R","T","?","E","R","E","?","R","BOSS","M","?","?","$","?","E","$","M","T","E","?","?","?","M","R","BOSS","M","?","?","M","M","R","M","M","T","$","?","R","?","?","R","BOSS"],"build_version":"2019-01-23","purchased_purges":3,"victory":true,"max_hp_per_floor":[77,77,77,77,77,77,77,77,77,77,77,77,87,87,87,87,87,87,87,87,87,87,87,87,87,87,87,87,92,92,92,92,92,92,92,92,92,92,92,92,92,92,92,92,92,92,92,92,92,92],"card_choices":[{"not_picked":["Crippling Poison","Slice","Prepared"],"picked":"SKIP","floor":1},{"not_picked":["Deflect","Calculated Gamble"],"picked":"Dash","floor":2},{"not_picked":["Blade Dance","Quick Slash"],"picked":"PiercingWail","floor":3},{"not_picked":["Acrobatics","Poisoned Stab","Prepared"],"picked":"SKIP","floor":4},{"not_picked":["PiercingWail","Heel Hook"],"picked":"Backflip","floor":5},{"not_picked":["Eviscerate","Dodge and Roll","Heel Hook"],"picked":"SKIP","floor":6},{"not_picked":["Choke","Crippling Poison","Prepared"],"picked":"SKIP","floor":11},{"not_picked":["Prepared","Heel Hook"],"picked":"Cloak And Dagger","floor":13},{"not_picked":["Choke","Quick Slash"],"picked":"Sucker Punch","floor":14},{"not_picked":["Wraith Form v2","Grand Finale"],"picked":"A Thousand Cuts","floor":16},{"not_picked":["Underhanded Strike","Dagger Throw+1"],"picked":"Well Laid Plans","floor":18},{"not_picked":["Outmaneuver","Escape Plan"],"picked":"Cloak And Dagger+1","floor":23},{"not_picked":["Heel Hook","Bane","Dagger Throw"],"picked":"SKIP","floor":25},{"not_picked":["Prepared+1","Expertise","Concentrate"],"picked":"SKIP","floor":27},{"not_picked":["PiercingWail+1","Acrobatics"],"picked":"All Out Attack","floor":28},{"not_picked":["Choke","Poisoned Stab+1","Eviscerate"],"picked":"SKIP","floor":30},{"not_picked":["Deadly Poison","Dagger Throw+1"],"picked":"Noxious Fumes","floor":31},{"not_picked":["Underhanded Strike","Calculated Gamble+1"],"picked":"Blade Dance","floor":32},{"not_picked":["Bullet Time","Adrenaline"],"picked":"After Image","floor":33},{"not_picked":["Outmaneuver+1","Dagger Throw+1","Deflect"],"picked":"SKIP","floor":35},{"not_picked":["HandOfGreed","Bandage Up"],"picked":"Purity","floor":37},{"not_picked":["Escape Plan","Quick Slash+1","Dagger Spray+1"],"picked":"SKIP","floor":38},{"not_picked":["Dagger Throw","Crippling Poison"],"picked":"Blade Dance","floor":39},{"not_picked":["Envenom","Expertise+1"],"picked":"Accuracy+1","floor":41},{"not_picked":["Dodge and Roll+1","Predator"],"picked":"Blade Dance+1","floor":42},{"not_picked":["Backflip+1","Outmaneuver+1"],"picked":"Leg Sweep+1","floor":45}],"player_experience":457121,"relics_obtained":[{"floor":6,"key":"Blood Vial"},{"floor":11,"key":"Vajra"},{"floor":13,"key":"Pear"},{"floor":23,"key":"Shuriken"},{"floor":26,"key":"Dream Catcher"},{"floor":26,"key":"Anchor"},{"floor":27,"key":"Smiling Mask"},{"floor":43,"key":"The Courier"},{"floor":43,"key":"Frozen Egg 2"}],"event_choices":[{"damage_healed":0,"gold_gain":0,"player_choice":"Bought 2 Potions","damage_taken":0,"max_hp_gain":0,"max_hp_loss":0,"event_name":"The Woman in Blue","floor":7,"gold_loss":0},{"damage_healed":0,"gold_gain":0,"player_choice":"Opened","damage_taken":0,"relics_obtained":["Matryoshka"],"max_hp_gain":0,"max_hp_loss":0,"event_name":"The Mausoleum","floor":19,"gold_loss":0},{"damage_healed":0,"gold_gain":99,"player_choice":"Stole From Cult","damage_taken":0,"max_hp_gain":0,"max_hp_loss":0,"event_name":"Nest","floor":20,"gold_loss":0},{"damage_healed":0,"gold_gain":200,"player_choice":"Gold","damage_taken":0,"max_hp_gain":0,"max_hp_loss":0,"event_name":"Wheel of Change","floor":22,"gold_loss":0},{"damage_healed":0,"gold_gain":0,"player_choice":"Got Potions","damage_taken":0,"max_hp_gain":0,"max_hp_loss":0,"event_name":"Lab","floor":29,"gold_loss":0},{"damage_healed":0,"gold_gain":0,"player_choice":"Ignored","damage_taken":0,"max_hp_gain":0,"max_hp_loss":0,"event_name":"Tomb of Lord Red Mask","floor":36,"gold_loss":0},{"damage_healed":0,"gold_gain":0,"player_choice":"Memory 1","damage_taken":0,"max_hp_gain":0,"max_hp_loss":0,"event_name":"SensoryStone","floor":37,"gold_loss":0},{"damage_healed":0,"gold_gain":0,"player_choice":"Ignored","damage_taken":0,"max_hp_gain":0,"max_hp_loss":0,"event_name":"Mysterious Sphere","floor":47,"gold_loss":0},{"damage_healed":23,"gold_gain":0,"player_choice":"Writhe","damage_taken":0,"max_hp_gain":0,"max_hp_loss":0,"event_name":"Winding Halls","floor":48,"gold_loss":0,"cards_obtained":["Writhe"]}],"is_beta":false,"boss_relics":[{"not_picked":["White Beast Statue","Orrery"],"picked":"Velvet Choker"},{"not_picked":["Philosopher\u0027s Stone","Ring of the Serpent"],"picked":"WristBlade"}],"items_purged_floors":[10,21,44],"is_endless":false,"potions_floor_spawned":[1,2,6,11,23,28,30,35,39,42,45],"ascension_level":1}