{"gold_per_floor":[364,377,396,138,153,153,166,166,190,190,151,185,38,66,66,164,164,176,276,287,299,299],"floor_reached":22,"playtime":1457,"items_purged":["Strike_G"],"score":283,"play_id":"30d1b285-17c2-428d-aa64-16ed8ed84ca1","local_time":"20190329073908","is_ascension_mode":true,"campfire_choices":[{"data":"Neutralize","floor":6,"key":"SMITH"},{"floor":8,"key":"REST"},{"data":"Catalyst","floor":15,"key":"SMITH"}],"neow_cost":"PERCENT_DAMAGE","seed_source_timestamp":8238919683094972,"circlet_count":0,"master_deck":["Defend_G","Defend_G","Defend_G","Defend_G","Strike_G","Strike_G","Strike_G","Strike_G","Survivor","Neutralize+1","PiercingWail","Catalyst+1","Deadly Poison","Crippling Poison","Dash","Bouncing Flask","All Out Attack","Deflect","Adrenaline","Backflip","A Thousand Cuts","Acrobatics"],"relics":["Ring of the Snake","Regal Pillow","Art of War","Dream Catcher","Sozu","Mango","Paper Crane"],"potions_floor_usage":[14,14,19],"damage_taken":[{"damage":15,"enemies":"2 Louse","floor":1,"turns":4},{"damage":0,"enemies":"Cultist","floor":2,"turns":5},{"damage":0,"enemies":"Small Slimes","floor":3,"turns":4},{"damage":0,"enemies":"2 Fungi Beasts","floor":5,"turns":4},{"damage":0,"enemies":"Exordium Wildlife","floor":7,"turns":3},{"damage":22,"enemies":"Lagavulin","floor":12,"turns":5},{"damage":6,"enemies":"3 Sentries","floor":14,"turns":6},{"damage":0,"enemies":"The Guardian","floor":16,"turns":6},{"damage":0,"enemies":"Shell Parasite","floor":18,"turns":5},{"damage":22,"enemies":"Colosseum Slavers","floor":19,"turns":4},{"damage":26,"enemies":"Colosseum Nobs","floor":19,"turns":5},{"damage":10,"enemies":"Chosen","floor":20,"turns":6},{"damage":4,"enemies":"Centurion and Healer","floor":21,"turns":6},{"damage":22,"enemies":"Sentry and Sphere","floor":22,"turns":3}],"seed_played":"-64688007198832408","potions_obtained":[{"floor":3,"key":"SpeedPotion"},{"floor":5,"key":"Explosive Potion"}],"is_trial":false,"path_per_floor":["M","M","M","$","M","R","M","R","T","?","$","E","$","E","R","B",null,"M","?","M","M","M"],"character_chosen":"THE_SILENT","items_purchased":["Crippling Poison","Fire Potion","Block Potion","All Out Attack","Adrenaline"],"campfire_rested":1,"item_purchase_floors":[4,4,4,11,13],"current_hp_per_floor":[34,34,34,34,34,34,34,55,55,55,55,33,33,27,27,27,70,70,36,26,22,0],"gold":299,"neow_bonus":"TWO_FIFTY_GOLD","is_prod":false,"is_daily":false,"chose_seed":false,"campfire_upgraded":2,"win_rate":0,"timestamp":1553859548,"path_taken":["M","M","M","$","M","R","M","R","T","?","?","E","$","E","R","BOSS","M","?","M","M","M"],"build_version":"2019-01-23","purchased_purges":1,"victory":false,"max_hp_per_floor":[70,70,70,70,70,70,70,70,70,70,70,70,70,70,70,70,70,70,84,84,84,84],"card_choices":[{"not_picked":["Underhanded Strike","Terror"],"picked":"PiercingWail","floor":1},{"not_picked":["Deflect","Accuracy"],"picked":"Catalyst","floor":2},{"not_picked":["Acrobatics","Bane"],"picked":"Deadly Poison","floor":3},{"not_picked":["Acrobatics","All Out Attack"],"picked":"Dash","floor":5},{"not_picked":["Deadly Poison","Predator"],"picked":"Bouncing Flask","floor":7},{"not_picked":["Expertise","Masterful Stab"],"picked":"Deflect","floor":12},{"not_picked":["Blade Dance","Outmaneuver"],"picked":"Backflip","floor":14},{"not_picked":["Tools of the Trade","Envenom"],"picked":"A Thousand Cuts","floor":16},{"not_picked":["Expertise","Deadly Poison","Outmaneuver"],"picked":"SKIP","floor":18},{"not_picked":["Outmaneuver+1","Deflect"],"picked":"Acrobatics","floor":19},{"not_picked":["All Out Attack+1","Endless Agony","Slice"],"picked":"SKIP","floor":20},{"not_picked":["Accuracy+1","Escape Plan","Blade Dance+1"],"picked":"SKIP","floor":21}],"player_experience":598584,"relics_obtained":[{"floor":9,"key":"Regal Pillow"},{"floor":12,"key":"Art of War"},{"floor":14,"key":"Dream Catcher"},{"floor":19,"key":"Mango"},{"floor":19,"key":"Paper Crane"}],"event_choices":[{"cards_removed":["Defend_G"],"damage_healed":0,"gold_gain":0,"player_choice":"Purged","damage_taken":0,"max_hp_gain":0,"max_hp_loss":0,"event_name":"Purifier","floor":10,"gold_loss":0},{"damage_healed":0,"gold_gain":0,"player_choice":"Fight","damage_taken":0,"max_hp_gain":0,"max_hp_loss":0,"event_name":"Colosseum","floor":19,"gold_loss":0},{"damage_healed":0,"gold_gain":0,"player_choice":"Fought Nobs","damage_taken":0,"max_hp_gain":0,"max_hp_loss":0,"event_name":"Colosseum","floor":19,"gold_loss":0}],"is_beta":false,"boss_relics":[{"not_picked":["Orrery","Black Star"],"picked":"Sozu"}],"items_purged_floors":[4],"is_endless":false,"potions_floor_spawned":[3,5,18,20],"killed_by":"Sentry and Sphere","ascension_level":3}