{"gold_per_floor":[112,62,76,76,1,1,30,205,205,225,225,244,144,154,154,249,249,263,362,412,412,81,107,107,107,181,200,210,224,238,238],"floor_reached":31,"playtime":683,"items_purged":["Defend_R","Doubt"],"score":255,"play_id":"6c9cdbae-bf50-43e1-bba4-70356c0ff82b","local_time":"20180803002203","is_ascension_mode":false,"campfire_choices":[{"data":"Thunderclap","floor":6,"key":"SMITH"},{"data":"Shrug It Off","floor":11,"key":"SMITH"},{"data":"Flex","floor":15,"key":"SMITH"},{"floor":24,"key":"REST"}],"neow_cost":"NONE","seed_source_timestamp":1959283845171105,"circlet_count":0,"master_deck":["Strike_R+1","Strike_R","Strike_R","Strike_R","Defend_R+1","Bash","Thunderclap+1","Shrug It Off+1","Flex+1","Limit Break","Inflame","Inflame","Battle Trance","Shrug It Off+1"],"relics":["Burning Blood","Letter Opener","Bottled Flame","Empty Cage","Bag of Preparation","Molten Egg 2","Bag of Marbles","Blue Candle","Matryoshka"],"potions_floor_usage":[7,16,30,31],"damage_taken":[{"damage":11,"enemies":"Jaw Worm","floor":1,"turns":2},{"damage":0,"enemies":"Small Slimes","floor":3,"turns":3},{"damage":14,"enemies":"Gremlin Nob","floor":7,"turns":3},{"damage":0,"enemies":"Cultist","floor":10,"turns":3},{"damage":0,"enemies":"3 Louse","floor":12,"turns":4},{"damage":11,"enemies":"Exordium Thugs","floor":14,"turns":4},{"damage":13,"enemies":"Slime Boss","floor":16,"turns":6},{"damage":10,"enemies":"Chosen","floor":18,"turns":4},{"damage":75,"enemies":"Slavers","floor":23,"turns":6},{"damage":15,"enemies":"3 Byrds","floor":27,"turns":3},{"damage":0,"enemies":"3 Cultists","floor":28,"turns":2},{"damage":21,"enemies":"Snake Plant","floor":29,"turns":3},{"damage":0,"enemies":"Cultist and Chosen","floor":30,"turns":3},{"damage":25,"enemies":"Slaver and Parasite","floor":31,"turns":3}],"seed_played":"5171479418676787757","potions_obtained":[{"floor":1,"key":"Energy Potion"},{"floor":12,"key":"PowerPotion"},{"floor":16,"key":"GamblersBrew"},{"floor":27,"key":"LiquidBronze"},{"floor":29,"key":"Strength Potion"},{"floor":30,"key":"GamblersBrew"}],"is_trial":false,"path_per_floor":["M","?","M","?","$","R","E","?","T","M","R","M","$","M","R","B",null,"M","?","?","?","$","E","R","T","T","M","M","M","M"],"character_chosen":"IRONCLAD","items_purchased":["Inflame","Molten Egg 2"],"campfire_rested":1,"item_purchase_floors":[22,22],"current_hp_per_floor":[75,75,80,64,64,64,56,56,56,62,62,68,68,63,63,56,80,76,76,76,76,76,7,31,31,31,22,28,13,19,0],"gold":238,"neow_bonus":"TRANSFORM_CARD","is_prod":false,"is_daily":false,"chose_seed":false,"campfire_upgraded":3,"win_rate":0,"timestamp":1533270123,"path_taken":["M","?","M","?","$","R","E","?","T","M","R","M","$","M","R","BOSS","M","?","?","?","$","E","R","?","T","M","M","M","M","M"],"build_version":"2018-08-02","purchased_purges":2,"victory":false,"max_hp_per_floor":[80,80,80,80,80,80,80,80,80,80,80,80,80,80,80,80,80,80,80,80,80,80,80,80,80,80,80,80,80,80,80],"card_choices":[{"not_picked":["Uppercut","Armaments","Headbutt"],"picked":"SKIP","floor":1},{"not_picked":["Sword Boomerang","Body Slam"],"picked":"Thunderclap","floor":3},{"not_picked":["Combust","Pummel"],"picked":"Shrug It Off","floor":7},{"not_picked":["Disarm","Perfected Strike","Wild Strike"],"picked":"SKIP","floor":10},{"not_picked":["Heavy Blade","Whirlwind"],"picked":"Flex","floor":12},{"not_picked":["Sever Soul","Body Slam","Fiend Fire"],"picked":"SKIP","floor":14},{"not_picked":["Demon Form","Dark Embrace"],"picked":"Limit Break","floor":16},{"not_picked":["Clash","Iron Wave+1"],"picked":"Inflame","floor":18},{"not_picked":["Reaper+1","Uppercut+1"],"picked":"Battle Trance","floor":23},{"not_picked":["Shockwave+1","Wild Strike+1"],"picked":"Shrug It Off+1","floor":27},{"not_picked":["True Grit","Warcry","Metallicize+1"],"picked":"SKIP","floor":28},{"not_picked":["Twin Strike+1","Wild Strike+1","Cleave+1"],"picked":"SKIP","floor":29},{"not_picked":["Sword Boomerang+1","Evolve","Heavy Blade+1"],"picked":"SKIP","floor":30}],"player_experience":332714,"relics_obtained":[{"floor":7,"key":"Letter Opener"},{"floor":9,"key":"Bottled Flame"},{"floor":23,"key":"Bag of Marbles"},{"floor":25,"key":"Blue Candle"},{"floor":26,"key":"Matryoshka"}],"event_choices":[{"event_name":"The Cleric","player_choice":"Card Removal","floor":2,"damage_taken":0},{"event_name":"Shining Light","player_choice":"Entered Light","floor":4,"damage_taken":0},{"event_name":"Liars Game","player_choice":"agreed","floor":8,"damage_taken":0},{"event_name":"Nest","player_choice":"Stole From Cult","floor":19,"damage_taken":0},{"event_name":"The Joust","player_choice":"Bet on Murderer","floor":20,"damage_taken":0},{"event_name":"WeMeetAgain","player_choice":"Potion","floor":21,"damage_taken":0}],"is_beta":false,"boss_relics":[{"not_picked":["Velvet Choker","Calling Bell"],"picked":"Empty Cage"}],"items_purged_floors":[5,13],"is_endless":false,"potions_floor_spawned":[1,12,16,27,29,30],"killed_by":"Slaver and Parasite","ascension_level":0}