{"gold_per_floor":[114,114,47,64,80,80,105,115,190,190,190,22,56,74,74,173,173,188,198,198,46,46,71,71,71],"floor_reached":25,"playtime":1395,"items_purged":[],"score":323,"play_id":"f7632788-6090-45af-af85-dfab8a84d659","local_time":"20190326181636","is_ascension_mode":true,"campfire_choices":[{"data":"Dark Embrace","floor":6,"key":"SMITH"},{"data":"Havoc","floor":10,"key":"SMITH"},{"data":"Havoc","floor":15,"key":"SMITH"},{"data":"Demon Form","floor":24,"key":"SMITH"}],"neow_cost":"NONE","seed_source_timestamp":22287667305200,"circlet_count":0,"master_deck":["Defend_R","Defend_R","Defend_R","Defend_R","Bash","True Grit","Rampage","Evolve","Dark Embrace+1","Havoc+1","Power Through","Havoc+1","True Grit","Spot Weakness","Demon Form+1","Bite","Bite","Bite","Bite","Bite","Disarm"],"relics":["Burning Blood","Bag of Preparation","Ice Cream","Bottled Flame","Vajra","Strawberry","Busted Crown","Oddly Smooth Stone","Orichalcum"],"potions_floor_usage":[23,23,23,23,23],"damage_taken":[{"damage":9,"enemies":"2 Louse","floor":1,"turns":3},{"damage":1,"enemies":"Cultist","floor":4,"turns":3},{"damage":11,"enemies":"Small Slimes","floor":5,"turns":3},{"damage":40,"enemies":"Lagavulin","floor":7,"turns":10},{"damage":12,"enemies":"Blue Slaver","floor":8,"turns":6},{"damage":10,"enemies":"3 Sentries","floor":13,"turns":9},{"damage":0,"enemies":"Large Slime","floor":14,"turns":6},{"damage":43,"enemies":"Hexaghost","floor":16,"turns":10},{"damage":16,"enemies":"Spheric Guardian","floor":18,"turns":5},{"damage":1,"enemies":"Chosen","floor":19,"turns":5},{"damage":36,"enemies":"Book of Stabbing","floor":23,"turns":6},{"damage":52,"enemies":"Slavers","floor":25,"turns":4}],"seed_played":"2107548356256060773","potions_obtained":[{"floor":4,"key":"GamblersBrew"},{"floor":7,"key":"EntropicBrew"},{"floor":8,"key":"Poison Potion"}],"is_trial":false,"path_per_floor":["?","M","?","?","?"],"character_chosen":"IRONCLAD","items_purchased":["Rampage","Vajra","Havoc","Oddly Smooth Stone"],"campfire_rested":0,"item_purchase_floors":[3,12,12,21],"current_hp_per_floor":[69,69,69,74,69,69,35,29,29,29,55,55,58,64,64,27,72,62,67,67,67,60,44,44,0],"gold":71,"neow_bonus":"RANDOM_COMMON_RELIC","is_prod":false,"is_daily":false,"chose_seed":false,"campfire_upgraded":4,"win_rate":0,"timestamp":1553638596,"path_taken":["M","?","$","?","M","R","E","M","T","R","?","$","E","M","R","BOSS","M","M","?","$","?","E","R","E"],"build_version":"2019-01-23","purchased_purges":0,"victory":false,"max_hp_per_floor":[80,80,80,80,80,80,80,80,80,80,80,80,87,87,87,87,87,87,87,87,87,60,60,60,60],"card_choices":[{"not_picked":["Body Slam","Sword Boomerang"],"picked":"True Grit","floor":1},{"not_picked":["Thunderclap","Armaments"],"picked":"Evolve","floor":4},{"not_picked":["Shrug It Off","Perfected Strike"],"picked":"Dark Embrace","floor":5},{"not_picked":["Metallicize","Second Wind"],"picked":"Havoc","floor":7},{"not_picked":["Sword Boomerang","Twin Strike"],"picked":"Power Through","floor":8},{"not_picked":["Inflame","Flex"],"picked":"True Grit","floor":13},{"not_picked":["Immolate","Metallicize"],"picked":"Spot Weakness","floor":14},{"not_picked":["Dark Embrace","Reaper"],"picked":"Demon Form","floor":16},{"not_picked":["Twin Strike"],"picked":"SKIP","floor":18},{"not_picked":["Thunderclap+1"],"picked":"SKIP","floor":19},{"not_picked":[],"picked":"Disarm","floor":23}],"player_experience":305554,"relics_obtained":[{"floor":7,"key":"Ice Cream"},{"floor":9,"key":"Bottled Flame"},{"floor":13,"key":"Strawberry"},{"floor":23,"key":"Orichalcum"}],"event_choices":[{"cards_removed":["Strike_R"],"damage_healed":0,"gold_gain":0,"player_choice":"Offered Basic","damage_taken":0,"max_hp_gain":0,"max_hp_loss":0,"event_name":"Bonfire Elementals","floor":2,"gold_loss":0},{"damage_healed":26,"gold_gain":0,"player_choice":"Banana","damage_taken":0,"max_hp_gain":0,"max_hp_loss":0,"event_name":"Big Fish","floor":11,"gold_loss":0},{"damage_healed":0,"gold_gain":0,"player_choice":"Ignored","damage_taken":0,"max_hp_gain":0,"max_hp_loss":0,"event_name":"Beggar","floor":20,"gold_loss":0},{"damage_healed":0,"gold_gain":0,"player_choice":"Became a vampire","damage_taken":0,"max_hp_gain":0,"max_hp_loss":27,"event_name":"Vampires","floor":22,"gold_loss":0,"cards_obtained":["Bite","Bite","Bite","Bite","Bite"]}],"is_beta":false,"boss_relics":[{"not_picked":["Lizard Tail","Eternal Feather"],"picked":"Busted Crown"}],"items_purged_floors":[],"is_endless":false,"potions_floor_spawned":[4,7,8,13],"killed_by":"Slavers","ascension_level":6}