{"gold_per_floor":[119,134,146,221,221,221,19,32,55,66,125,125,143,143,143,143],"floor_reached":16,"playtime":1106,"items_purged":[],"score":102,"play_id":"fa58be04-2e8a-4e00-80c8-a89c2eac8274","local_time":"20190213154311","is_ascension_mode":false,"campfire_choices":[{"data":"Bash","floor":6,"key":"SMITH"},{"floor":15,"key":"REST"}],"neow_cost":"NONE","seed_source_timestamp":194314858293270,"circlet_count":0,"master_deck":["Strike_R","Strike_R","Strike_R","Strike_R","Strike_R","Defend_R","Defend_R","Defend_R","Defend_R","Bash+1","Flex","Searing Blow","Shrug It Off"],"relics":["Burning Blood","Lee\u0027s Waffle","Tiny Chest","Bag of Preparation"],"potions_floor_usage":[2,8,16],"damage_taken":[{"damage":6,"enemies":"Cultist","floor":1,"turns":3},{"damage":8,"enemies":"Jaw Worm","floor":2,"turns":4},{"damage":12,"enemies":"2 Louse","floor":3,"turns":3},{"damage":9,"enemies":"Lots of Slimes","floor":8,"turns":6},{"damage":19,"enemies":"Blue Slaver","floor":10,"turns":3},{"damage":36,"enemies":"Gremlin Nob","floor":11,"turns":5},{"damage":5,"enemies":"Looter","floor":13,"turns":5},{"damage":74,"enemies":"Slime Boss","floor":16,"turns":11}],"seed_played":"-3663088076132265345","potions_obtained":[{"floor":1,"key":"Block Potion"},{"floor":3,"key":"EssenceOfSteel"},{"floor":11,"key":"LiquidBronze"}],"is_trial":false,"path_per_floor":["?","?","$","T"],"character_chosen":"IRONCLAD","items_purchased":["Lee\u0027s Waffle"],"campfire_rested":1,"item_purchase_floors":[7],"current_hp_per_floor":[80,78,72,61,58,58,87,84,84,71,41,41,42,42,68,0],"gold":143,"neow_bonus":"THREE_CARDS","is_prod":false,"is_daily":false,"chose_seed":false,"campfire_upgraded":1,"win_rate":0,"timestamp":1550083391,"path_taken":["M","M","M","?","?","R","?","M","T","M","E","$","M","?","R","BOSS"],"build_version":"2019-01-23","purchased_purges":0,"victory":false,"max_hp_per_floor":[80,80,80,80,80,80,87,87,87,87,87,87,87,87,87,87],"card_choices":[{"not_picked":["Body Slam","Wild Strike"],"picked":"Flex","floor":0},{"not_picked":["Reckless Charge","Combust"],"picked":"Searing Blow","floor":1},{"not_picked":["Wild Strike","True Grit","Hemokinesis"],"picked":"SKIP","floor":2},{"not_picked":["Feel No Pain","Flex"],"picked":"Shrug It Off","floor":3},{"not_picked":["Battle Trance","Anger","Power Through"],"picked":"SKIP","floor":8},{"not_picked":["Heavy Blade","Dropkick","Seeing Red"],"picked":"SKIP","floor":10},{"not_picked":["Evolve","Hemokinesis","Disarm"],"picked":"SKIP","floor":11},{"not_picked":["Perfected Strike","Entrench","Body Slam"],"picked":"SKIP","floor":13}],"player_experience":177761,"relics_obtained":[{"floor":11,"key":"Tiny Chest"},{"floor":14,"key":"Bag of Preparation"}],"event_choices":[{"damage_healed":0,"gold_gain":75,"player_choice":"Gather Gold","damage_taken":11,"max_hp_gain":0,"max_hp_loss":0,"event_name":"World of Goop","floor":4,"gold_loss":0},{"damage_healed":0,"gold_gain":0,"player_choice":"Fled","damage_taken":3,"max_hp_gain":0,"max_hp_loss":0,"event_name":"Scrap Ooze","floor":5,"gold_loss":0}],"is_beta":false,"boss_relics":[],"items_purged_floors":[],"is_endless":false,"potions_floor_spawned":[1,3,11],"killed_by":"Slime Boss","ascension_level":0}