{"gold_per_floor":[109,119,219,169,187,187,65,65,65,65,80,80,96,117,117,117],"floor_reached":16,"playtime":441,"items_purged":["Defend_G"],"score":95,"play_id":"4d14b5f4-d3f8-4cd0-8022-f557939f270d","local_time":"20180928152424","is_ascension_mode":true,"campfire_choices":[{"data":"Dagger Spray","floor":6,"key":"SMITH"},{"data":"Flying Knee","floor":10,"key":"SMITH"},{"data":"Backflip","floor":12,"key":"SMITH"},{"data":"Flying Knee","floor":15,"key":"SMITH"}],"neow_cost":"","seed_source_timestamp":620282467471991,"circlet_count":0,"master_deck":["Defend_G","Defend_G","Defend_G","Strike_G","Strike_G","Strike_G","Strike_G","Strike_G","Survivor","Neutralize","Flying Knee+1","Backflip+1","Dagger Spray+1","Flying Knee+1"],"relics":["Ring of the Snake","Bag of Marbles","Kunai","Odd Mushroom"],"potions_floor_usage":[5,13],"damage_taken":[{"damage":0,"enemies":"Small Slimes","floor":1,"turns":3},{"damage":0,"enemies":"Cultist","floor":2,"turns":4},{"damage":6,"enemies":"Jaw Worm","floor":5,"turns":3},{"damage":0,"enemies":"Exordium Thugs","floor":11,"turns":3},{"damage":0,"enemies":"Looter","floor":13,"turns":2},{"damage":0,"enemies":"The Mushroom Lair","floor":14,"turns":2},{"damage":79,"enemies":"The Guardian","floor":16,"turns":10}],"seed_played":"3366844858113751937","potions_obtained":[{"floor":2,"key":"PowerPotion"},{"floor":11,"key":"Regen Potion"}],"is_trial":false,"path_per_floor":["M","M","?","?","M","R","$","?","T","R","M","R","M","?","R"],"character_chosen":"THE_SILENT","items_purchased":["Flying Knee"],"campfire_rested":0,"item_purchase_floors":[7],"current_hp_per_floor":[70,70,70,70,64,64,64,57,57,57,57,57,62,62,62,0],"gold":117,"neow_bonus":"","is_prod":false,"is_daily":false,"chose_seed":false,"campfire_upgraded":4,"win_rate":0,"timestamp":1538162664,"path_taken":["M","M","?","?","M","R","$","?","T","R","M","R","M","?","R","BOSS"],"build_version":"2018-09-27","purchased_purges":1,"victory":false,"max_hp_per_floor":[70,70,70,70,70,70,70,70,70,70,70,70,70,70,70,70],"card_choices":[{"not_picked":["Poisoned Stab","Dagger Spray"],"picked":"Flying Knee","floor":1},{"not_picked":["Calculated Gamble","Underhanded Strike"],"picked":"Backflip","floor":2},{"not_picked":["Concentrate","Deflect"],"picked":"Dagger Spray","floor":5},{"not_picked":["Poisoned Stab","Slice","Prepared"],"picked":"SKIP","floor":11},{"not_picked":["Concentrate","Catalyst","Dodge and Roll"],"picked":"SKIP","floor":13}],"player_experience":433240,"relics_obtained":[{"floor":9,"key":"Kunai"},{"floor":14,"key":"Odd Mushroom"}],"event_choices":[{"event_name":"Golden Shrine","player_choice":"Pray","floor":3,"damage_taken":0},{"event_name":"The Cleric","player_choice":"Card Removal","floor":4,"damage_taken":0},{"event_name":"Scrap Ooze","player_choice":"success","floor":8,"damage_taken":7},{"event_name":"Mushrooms","player_choice":"Fought Mushrooms","floor":14,"damage_taken":0}],"is_beta":false,"boss_relics":[],"items_purged_floors":[7],"is_endless":false,"potions_floor_spawned":[2,11],"killed_by":"The Guardian","ascension_level":1}