{"gold_per_floor":[114,125,142,152,164,164,181,198,198,218,252,263,263,263,263,362,362,344,197,210,223,223,223,239,239,239,239,239,257,172,97,97,97],"floor_reached":33,"playtime":3749,"items_purged":["Zap"],"score":253,"play_id":"3ed1f70a-b255-481a-8825-feb6bc47cce0","local_time":"20190316224907","is_ascension_mode":false,"campfire_choices":[{"data":"Conserve Battery","floor":6,"key":"SMITH"},{"data":"Reinforced Body","floor":13,"key":"SMITH"},{"data":"Conserve Battery","floor":15,"key":"SMITH"},{"data":"Static Discharge","floor":23,"key":"SMITH"},{"floor":25,"key":"REST"},{"data":"Defragment","floor":27,"key":"SMITH"},{"floor":32,"key":"REST"}],"neow_cost":"NONE","seed_source_timestamp":38895172249400,"circlet_count":0,"master_deck":["Strike_B","Strike_B","Strike_B","Strike_B","Defend_B","Defend_B","Defend_B","Defend_B","Dualcast","Coolheaded","Conserve Battery+1","Consume+1","Reinforced Body+1","Core Surge","Conserve Battery+1","Echo Form","Static Discharge+1","Defragment+1","Skim","Coolheaded","Machine Learning"],"relics":["Cracked Core","PreservedInsect","Bag of Preparation","Peace Pipe","Runic Dome","MutagenicStrength","Juzu Bracelet","WingedGreaves"],"potions_floor_usage":[4,11,16,16,29],"damage_taken":[{"damage":0,"enemies":"Cultist","floor":1,"turns":4},{"damage":0,"enemies":"Small Slimes","floor":2,"turns":4},{"damage":0,"enemies":"2 Louse","floor":3,"turns":3},{"damage":5,"enemies":"Exordium Wildlife","floor":4,"turns":4},{"damage":13,"enemies":"2 Fungi Beasts","floor":5,"turns":3},{"damage":0,"enemies":"Large Slime","floor":7,"turns":7},{"damage":26,"enemies":"Gremlin Gang","floor":8,"turns":8},{"damage":0,"enemies":"Blue Slaver","floor":10,"turns":4},{"damage":3,"enemies":"3 Sentries","floor":11,"turns":7},{"damage":0,"enemies":"Large Slime","floor":12,"turns":9},{"damage":7,"enemies":"The Guardian","floor":16,"turns":15},{"damage":14,"enemies":"2 Thieves","floor":18,"turns":4},{"damage":12,"enemies":"3 Byrds","floor":20,"turns":5},{"damage":11,"enemies":"Centurion and Healer","floor":21,"turns":16},{"damage":37,"enemies":"Cultist and Chosen","floor":24,"turns":5},{"damage":0,"enemies":"Sentry and Sphere","floor":29,"turns":11},{"damage":65,"enemies":"Automaton","floor":33,"turns":12}],"seed_played":"-8671827029680582460","potions_obtained":[{"floor":1,"key":"Explosive Potion"},{"floor":5,"key":"FocusPotion"},{"floor":8,"key":"EssenceOfSteel"},{"floor":11,"key":"Block Potion"},{"floor":12,"key":"Poison Potion"},{"floor":24,"key":"Poison Potion"},{"floor":29,"key":"FearPotion"}],"is_trial":false,"path_per_floor":["M","?","M","?","T","?"],"character_chosen":"DEFECT","items_purchased":["Defragment","Skim"],"campfire_rested":2,"item_purchase_floors":[19,19],"current_hp_per_floor":[75,75,75,70,57,57,57,31,31,31,28,28,28,28,28,21,75,61,61,49,38,38,38,1,23,23,23,23,23,23,23,45,0],"gold":97,"neow_bonus":"RANDOM_COMMON_RELIC","is_prod":false,"is_daily":false,"chose_seed":false,"campfire_upgraded":5,"win_rate":0,"timestamp":1552790947,"path_taken":["M","M","M","?","M","R","M","M","T","M","E","M","R","?","R","BOSS","M","$","M","?","?","R","M","R","T","R","?","M","?","$","R","BOSS"],"build_version":"2019-01-23","purchased_purges":1,"victory":false,"max_hp_per_floor":[75,75,75,75,75,75,75,75,75,75,75,75,75,75,75,75,75,75,75,75,75,75,75,75,75,75,75,75,75,75,75,75,75],"card_choices":[{"not_picked":["FTL","Stack"],"picked":"Coolheaded","floor":1},{"not_picked":["Undo","Beam Cell"],"picked":"Conserve Battery","floor":2},{"not_picked":["Sweeping Beam","Self Repair"],"picked":"Consume","floor":3},{"not_picked":["Scrape","Sunder","Rebound"],"picked":"SKIP","floor":4},{"not_picked":["Barrage","Sunder","Force Field"],"picked":"SKIP","floor":5},{"not_picked":["Gash","Sweeping Beam","Double Energy"],"picked":"SKIP","floor":7},{"not_picked":["Stack","Sunder","Hello World"],"picked":"SKIP","floor":8},{"not_picked":["Hologram","Compile Driver"],"picked":"Reinforced Body","floor":10},{"not_picked":["Undo","Steam"],"picked":"Core Surge","floor":11},{"not_picked":["Ball Lightning","Cold Snap"],"picked":"Conserve Battery","floor":12},{"not_picked":["Amplify","Machine Learning"],"picked":"Echo Form","floor":16},{"not_picked":["Turbo","Barrage"],"picked":"Static Discharge","floor":18},{"not_picked":["Rebound","Steam","Blizzard"],"picked":"SKIP","floor":20},{"not_picked":["Compile Driver+1","Barrage+1","Rebound"],"picked":"SKIP","floor":21},{"not_picked":["Steam","Stack"],"picked":"Coolheaded","floor":24},{"not_picked":["Storm","Redo"],"picked":"Machine Learning","floor":29}],"player_experience":188949,"relics_obtained":[{"floor":9,"key":"Bag of Preparation"},{"floor":11,"key":"Peace Pipe"},{"floor":26,"key":"Juzu Bracelet"}],"event_choices":[{"damage_healed":0,"gold_gain":0,"player_choice":"Upgraded","damage_taken":0,"max_hp_gain":0,"max_hp_loss":0,"event_name":"Upgrade Shrine","floor":14,"gold_loss":0,"cards_upgraded":["Consume"]},{"damage_healed":0,"gold_gain":0,"player_choice":"Inject Mutagens","damage_taken":0,"relics_obtained":["MutagenicStrength"],"max_hp_gain":0,"max_hp_loss":0,"event_name":"Drug Dealer","floor":22,"gold_loss":0},{"damage_healed":0,"gold_gain":0,"player_choice":"Obtained Relic","damage_taken":0,"relics_obtained":["WingedGreaves"],"max_hp_gain":0,"max_hp_loss":0,"event_name":"Addict","floor":30,"gold_loss":85}],"is_beta":false,"boss_relics":[{"not_picked":["Orrery","Empty Cage"],"picked":"Runic Dome"}],"items_purged_floors":[31],"is_endless":false,"potions_floor_spawned":[1,5,8,11,12,24,29],"killed_by":"Automaton","ascension_level":0}