{"gold_per_floor":[117,117,67,80,255,289,289,324,324,156,156,166,199,30,30,132,132,145,158,158,171,71,71,71,32,32,32,32,32,45,79,79,176,176,190,190,210,210,61,61,87,87,87,105,105,105,105,139,139,139],"floor_reached":51,"playtime":2547,"items_purged":["Doubt","Strike_B"],"score":867,"play_id":"e5144b5e-eda1-4db2-a5dc-cf63f5a38776","local_time":"20190326005848","is_ascension_mode":true,"campfire_choices":[{"data":"Conserve Battery","floor":7,"key":"SMITH"},{"data":"Storm","floor":11,"key":"SMITH"},{"data":"Heatsinks","floor":15,"key":"SMITH"},{"floor":23,"key":"REST"},{"floor":32,"key":"REST"},{"data":"Biased Cognition","floor":40,"key":"SMITH"},{"data":"Creative AI","floor":47,"key":"SMITH"},{"data":"Defragment","floor":49,"key":"SMITH"}],"neow_cost":"NONE","seed_source_timestamp":7954576325605198,"circlet_count":0,"master_deck":["Strike_B+1","Strike_B+1","Defend_B+1","Defend_B+1","Defend_B+1","Defend_B+1","Zap","Dualcast+1","Conserve Battery+1","Hologram+1","Storm+1","Ball Lightning","Self Repair","Heatsinks+1","Defragment","Sweeping Beam","Defragment+1","Skim+1","Biased Cognition+1","Capacitor","Conserve Battery+1","Reprogram+1","Coolheaded+1","Loop","Decay","Seek+1","Coolheaded+1","Lockon+1","Creative AI+1","Writhe","Static Discharge+1"],"relics":["Cracked Core","NeowsBlessing","Ornamental Fan","Mercury Hourglass","War Paint","Juzu Bracelet","Toxic Egg 2","Orrery","Orichalcum","Bag of Preparation","Sozu","Shuriken","DataDisk","Bottled Flame","Bird Faced Urn","Potion Belt"],"potions_floor_usage":[8,13,21,33,44],"damage_taken":[{"damage":0,"enemies":"Jaw Worm","floor":1,"turns":1},{"damage":0,"enemies":"2 Louse","floor":4,"turns":1},{"damage":0,"enemies":"Gremlin Nob","floor":6,"turns":1},{"damage":13,"enemies":"3 Sentries","floor":8,"turns":6},{"damage":0,"enemies":"Small Slimes","floor":12,"turns":3},{"damage":10,"enemies":"Lagavulin","floor":13,"turns":5},{"damage":30,"enemies":"Slime Boss","floor":16,"turns":6},{"damage":12,"enemies":"Chosen","floor":18,"turns":3},{"damage":30,"enemies":"3 Byrds","floor":19,"turns":3},{"damage":24,"enemies":"Snake Plant","floor":21,"turns":4},{"damage":6,"enemies":"Cultist and Chosen","floor":30,"turns":4},{"damage":22,"enemies":"Gremlin Leader","floor":31,"turns":6},{"damage":34,"enemies":"Automaton","floor":33,"turns":12},{"damage":23,"enemies":"3 Shapes","floor":35,"turns":3},{"damage":15,"enemies":"3 Darklings","floor":37,"turns":4},{"damage":30,"enemies":"Nemesis","floor":41,"turns":7},{"damage":0,"enemies":"Maw","floor":44,"turns":4},{"damage":41,"enemies":"Reptomancer","floor":48,"turns":5},{"damage":69,"enemies":"Donu and Deca","floor":50,"turns":6}],"seed_played":"4423399504290170292","potions_obtained":[{"floor":4,"key":"Poison Potion"},{"floor":6,"key":"SkillPotion"},{"floor":8,"key":"LiquidBronze"},{"floor":13,"key":"Strength Potion"},{"floor":21,"key":"FearPotion"},{"floor":24,"key":"AttackPotion"},{"floor":30,"key":"Block Potion"}],"is_trial":false,"path_per_floor":["M","?","?","M","?","E","R","E","T","$","R","M","E","$","R","B",null,"M","M","?","M","$","R","?","$","T","?","?","$","M","E","R","B",null,"M","T","M","?","$","R","E","?","T","M","?","?","R","E","R","B",null],"character_chosen":"DEFECT","items_purchased":["Ball Lightning","Self Repair","Sweeping Beam","Defragment","Skim+1","Loop","DataDisk"],"campfire_rested":2,"item_purchase_floors":[10,10,14,14,14,25,39],"current_hp_per_floor":[75,75,75,75,75,75,75,62,62,62,62,69,66,66,66,43,75,63,40,40,16,16,38,38,38,38,38,38,38,39,24,46,19,75,59,59,51,51,51,51,28,28,28,55,74,74,74,59,59,19],"gold":139,"neow_bonus":"THREE_ENEMY_KILL","is_prod":false,"is_daily":false,"chose_seed":false,"campfire_upgraded":6,"win_rate":0,"timestamp":1553576328,"path_taken":["M","?","?","M","?","E","R","E","T","$","R","M","E","$","R","BOSS","M","M","?","M","$","R","?","$","T","?","?","?","M","E","R","BOSS","M","?","M","?","$","R","E","?","T","M","?","?","R","E","R","BOSS"],"build_version":"2019-01-23","purchased_purges":2,"victory":true,"max_hp_per_floor":[75,75,75,75,75,75,75,75,75,75,75,75,75,75,75,75,75,75,75,75,75,75,75,75,75,75,75,75,75,75,75,75,75,75,75,75,75,75,75,75,75,75,75,75,75,75,75,75,75,75],"card_choices":[{"not_picked":["Compile Driver","Undo"],"picked":"Conserve Battery","floor":1},{"not_picked":["Recycle","Blizzard","Barrage"],"picked":"SKIP","floor":4},{"not_picked":["Consume","Leap"],"picked":"Hologram","floor":6},{"not_picked":["Reboot","Force Field"],"picked":"Storm","floor":8},{"not_picked":["Beam Cell","Chaos"],"picked":"Heatsinks","floor":12},{"not_picked":["Gash","Loop"],"picked":"Defragment","floor":13},{"not_picked":["Machine Learning","Hyperbeam"],"picked":"Biased Cognition","floor":16},{"not_picked":["Aggregate+1","Consume+1"],"picked":"Capacitor","floor":17},{"not_picked":["Redo+1","Rebound"],"picked":"Conserve Battery+1","floor":17},{"not_picked":["White Noise+1","Fission+1"],"picked":"Reprogram+1","floor":18},{"not_picked":["Compile Driver","Leap+1"],"picked":"Coolheaded+1","floor":19},{"not_picked":["Genetic Algorithm+1","Loop","Tempest+1"],"picked":"SKIP","floor":21},{"not_picked":["Defragment+1","Sweeping Beam"],"picked":"Seek+1","floor":30},{"not_picked":["Leap+1","All For One","FTL+1"],"picked":"SKIP","floor":31},{"not_picked":["Doom and Gloom+1","Conserve Battery+1"],"picked":"Coolheaded+1","floor":35},{"not_picked":["Compile Driver","Sunder+1"],"picked":"Lockon+1","floor":37},{"not_picked":["Reinforced Body+1","Gash+1","Sweeping Beam+1"],"picked":"SKIP","floor":41},{"not_picked":["Rebound+1","Coolheaded+1","Redo+1"],"picked":"SKIP","floor":44},{"not_picked":["Tempest+1","Undo+1"],"picked":"Static Discharge+1","floor":48}],"player_experience":516364,"relics_obtained":[{"floor":6,"key":"Mercury Hourglass"},{"floor":8,"key":"War Paint"},{"floor":9,"key":"Juzu Bracelet"},{"floor":13,"key":"Toxic Egg 2"},{"floor":26,"key":"Orichalcum"},{"floor":31,"key":"Bag of Preparation"},{"floor":36,"key":"Shuriken"},{"floor":41,"key":"Bottled Flame"},{"floor":43,"key":"Bird Faced Urn"},{"floor":48,"key":"Potion Belt"}],"event_choices":[{"damage_healed":0,"gold_gain":0,"player_choice":"Box","damage_taken":0,"relics_obtained":["Ornamental Fan"],"max_hp_gain":0,"max_hp_loss":0,"event_name":"Big Fish","floor":2,"gold_loss":0,"cards_obtained":["Regret"]},{"cards_removed":["Regret"],"damage_healed":0,"gold_gain":0,"player_choice":"Card Removal","damage_taken":0,"max_hp_gain":0,"max_hp_loss":0,"event_name":"The Cleric","floor":3,"gold_loss":50},{"damage_healed":0,"gold_gain":175,"player_choice":"AGREE","damage_taken":0,"max_hp_gain":0,"max_hp_loss":0,"event_name":"Liars Game","floor":5,"gold_loss":0,"cards_obtained":["Doubt"]},{"cards_removed":["Strike_B"],"damage_healed":0,"gold_gain":0,"player_choice":"Purged","damage_taken":0,"max_hp_gain":0,"max_hp_loss":0,"event_name":"Purifier","floor":20,"gold_loss":0},{"damage_healed":0,"gold_gain":0,"player_choice":"Got Potions","damage_taken":0,"max_hp_gain":0,"max_hp_loss":0,"event_name":"Lab","floor":24,"gold_loss":0},{"damage_healed":0,"gold_gain":0,"player_choice":"Simplicity","damage_taken":0,"max_hp_gain":0,"max_hp_loss":0,"event_name":"Back to Basics","floor":27,"gold_loss":0,"cards_upgraded":["Strike_B","Strike_B","Defend_B","Defend_B","Defend_B","Defend_B"]},{"damage_healed":0,"gold_gain":0,"player_choice":"Cursed","damage_taken":0,"max_hp_gain":0,"max_hp_loss":0,"event_name":"Wheel of Change","floor":28,"gold_loss":0,"cards_obtained":["Decay"]},{"damage_healed":0,"gold_gain":0,"player_choice":"Ignored","damage_taken":0,"max_hp_gain":0,"max_hp_loss":0,"event_name":"Tomb of Lord Red Mask","floor":38,"gold_loss":0},{"damage_healed":0,"gold_gain":0,"player_choice":"1 cards matched","damage_taken":0,"max_hp_gain":0,"max_hp_loss":0,"event_name":"Match and Keep!","floor":42,"gold_loss":0,"cards_obtained":["Creative AI"]},{"damage_healed":19,"gold_gain":0,"player_choice":"Writhe","damage_taken":0,"max_hp_gain":0,"max_hp_loss":0,"event_name":"Winding Halls","floor":45,"gold_loss":0,"cards_obtained":["Writhe"]},{"damage_healed":0,"gold_gain":0,"player_choice":"Memory 1","damage_taken":0,"max_hp_gain":0,"max_hp_loss":0,"event_name":"SensoryStone","floor":46,"gold_loss":0}],"is_beta":false,"boss_relics":[{"not_picked":["Eternal Feather","Fusion Hammer"],"picked":"Orrery"},{"not_picked":["Pandora\u0027s Box","Tiny House"],"picked":"Sozu"}],"items_purged_floors":[10,22],"is_endless":false,"potions_floor_spawned":[4,6,8,13,21,30,37,41,44,48],"ascension_level":3}