{"gold_per_floor":[162,175,4,19,19,19,47,64,64,64,82,101,114,114,114,214,214,183,196,19,19,29,61,61,61],"floor_reached":25,"playtime":1383,"items_purged":["Decay"],"score":295,"play_id":"1b138c01-6dd7-405b-8126-cf972bf0928f","local_time":"20190330165809","is_ascension_mode":true,"campfire_choices":[{"data":"Neutralize","floor":6,"key":"SMITH"},{"data":"Footwork","floor":10,"key":"SMITH"},{"data":"Dagger Spray","floor":15,"key":"SMITH"},{"floor":24,"key":"REST"}],"neow_cost":"NONE","seed_source_timestamp":8358937977495529,"circlet_count":0,"master_deck":["Defend_G","Defend_G","Defend_G","Defend_G+1","Defend_G","Strike_G","Strike_G","Strike_G","Strike_G","Strike_G","Survivor","Neutralize+1","Finisher","Quick Slash","Dodge and Roll","Dagger Throw","Backflip","Dagger Spray","Footwork+1","Sucker Punch","Dagger Spray+1","Neutralize","After Image","PiercingWail","Dash","Caltrops","Quick Slash","Acrobatics+1","Backflip"],"relics":["Tiny House","Orichalcum","Gambling Chip","Pear","Velvet Choker","Enchiridion","Pantograph"],"potions_floor_usage":[7,16,16,22,22],"damage_taken":[{"damage":0,"enemies":"Small Slimes","floor":1,"turns":2},{"damage":6,"enemies":"Cultist","floor":2,"turns":5},{"damage":0,"enemies":"Jaw Worm","floor":4,"turns":4},{"damage":16,"enemies":"Lagavulin","floor":7,"turns":7},{"damage":3,"enemies":"Exordium Wildlife","floor":8,"turns":6},{"damage":1,"enemies":"Blue Slaver","floor":11,"turns":5},{"damage":7,"enemies":"Exordium Thugs","floor":12,"turns":5},{"damage":0,"enemies":"Exordium Wildlife","floor":13,"turns":2},{"damage":52,"enemies":"Slime Boss","floor":16,"turns":17},{"damage":19,"enemies":"2 Thieves","floor":18,"turns":5},{"damage":14,"enemies":"Spheric Guardian","floor":19,"turns":6},{"damage":12,"enemies":"Cultist and Chosen","floor":22,"turns":5},{"damage":19,"enemies":"Book of Stabbing","floor":23,"turns":7},{"damage":47,"enemies":"Slavers","floor":25,"turns":5}],"seed_played":"5355123181357050888","potions_obtained":[{"floor":0,"key":"AttackPotion"},{"floor":1,"key":"SmokeBomb"},{"floor":11,"key":"Regen Potion"},{"floor":13,"key":"Swift Potion"},{"floor":16,"key":"FearPotion"},{"floor":19,"key":"Regen Potion"}],"is_trial":false,"path_per_floor":["M","M","$","M","?","R","E","M","T","R","M","M","M","?","R","B",null,"M","M","$","?","M","E","R","E"],"character_chosen":"THE_SILENT","items_purchased":["Orichalcum","Dagger Throw","Caltrops","Quick Slash"],"campfire_rested":1,"item_purchase_floors":[3,3,20,20],"current_hp_per_floor":[75,69,69,69,69,69,53,50,60,60,59,52,52,52,52,15,85,66,52,52,36,38,19,44,0],"gold":61,"neow_bonus":"BOSS_RELIC","is_prod":false,"is_daily":false,"chose_seed":false,"campfire_upgraded":3,"win_rate":0,"timestamp":1553979489,"path_taken":["M","M","$","M","?","R","E","?","T","R","M","M","M","?","R","BOSS","M","M","$","?","M","E","R","E"],"build_version":"2019-01-23","purchased_purges":1,"victory":false,"max_hp_per_floor":[75,75,75,75,75,75,75,75,85,85,85,85,85,85,85,85,85,85,85,85,85,85,85,85,85],"card_choices":[{"not_picked":["Tactician","Reflex"],"picked":"Finisher","floor":0},{"not_picked":["Well Laid Plans","Skewer"],"picked":"Quick Slash","floor":1},{"not_picked":["Deflect","Tactician"],"picked":"Dodge and Roll","floor":2},{"not_picked":["Bane","Prepared"],"picked":"Backflip","floor":4},{"not_picked":["Outmaneuver","PiercingWail"],"picked":"Dagger Spray","floor":7},{"not_picked":["Dagger Throw","Quick Slash"],"picked":"Footwork","floor":8},{"not_picked":["Outmaneuver","Bane","Tactician"],"picked":"SKIP","floor":11},{"not_picked":["Skewer","Quick Slash"],"picked":"Sucker Punch","floor":12},{"not_picked":["Bullet Time","Poisoned Stab"],"picked":"Dagger Spray","floor":13},{"not_picked":["Venomology","Storm of Steel"],"picked":"After Image","floor":16},{"not_picked":["Acrobatics","Deflect"],"picked":"PiercingWail","floor":18},{"not_picked":["Deflect","Flechettes"],"picked":"Dash","floor":19},{"not_picked":["All Out Attack","Flying Knee"],"picked":"Acrobatics+1","floor":22},{"not_picked":["Riddle With Holes","Prepared"],"picked":"Backflip","floor":23}],"player_experience":626689,"relics_obtained":[{"floor":7,"key":"Gambling Chip"},{"floor":9,"key":"Pear"},{"floor":21,"key":"Enchiridion"},{"floor":23,"key":"Pantograph"}],"event_choices":[{"damage_healed":0,"gold_gain":0,"player_choice":"Cursed","damage_taken":0,"max_hp_gain":0,"max_hp_loss":0,"event_name":"Wheel of Change","floor":5,"gold_loss":0,"cards_obtained":["Decay"]},{"damage_healed":0,"gold_gain":0,"player_choice":"1 cards matched","damage_taken":0,"max_hp_gain":0,"max_hp_loss":0,"event_name":"Match and Keep!","floor":14,"gold_loss":0,"cards_obtained":["Neutralize"]},{"damage_healed":0,"gold_gain":0,"player_choice":"Obtained Book","damage_taken":16,"max_hp_gain":0,"max_hp_loss":0,"event_name":"Cursed Tome","floor":21,"gold_loss":0}],"is_beta":false,"boss_relics":[{"not_picked":["Runic Dome","Ectoplasm"],"picked":"Velvet Choker"}],"items_purged_floors":[20],"is_endless":false,"potions_floor_spawned":[1,11,13,16,19],"killed_by":"Slavers","ascension_level":4}