{"gold_per_floor":[110,35,48,67,16,50,64,84,84,84,97,55,55,68,68,68],"floor_reached":16,"playtime":437,"items_purged":["Strike_R"],"score":104,"play_id":"686b6911-6f3e-48c1-9efb-d4bc7b9baf2a","local_time":"20180801152204","is_ascension_mode":false,"campfire_choices":[{"floor":13,"key":"REST"},{"floor":15,"key":"REST"}],"neow_cost":"NONE","seed_source_timestamp":1840732204202119,"circlet_count":0,"master_deck":["Strike_R","Strike_R","Strike_R","Strike_R","Defend_R","Defend_R","Defend_R","Defend_R","Bash","Juggernaut","Body Slam","Armaments"],"relics":["Burning Blood","Happy Flower","Bottled Tornado","Champion Belt"],"potions_floor_usage":[7,11,14],"damage_taken":[{"damage":5,"enemies":"Small Slimes","floor":1,"turns":4},{"damage":13,"enemies":"Jaw Worm","floor":3,"turns":4},{"damage":0,"enemies":"2 Louse","floor":4,"turns":2},{"damage":50,"enemies":"Gremlin Nob","floor":6,"turns":6},{"damage":36,"enemies":"Exordium Thugs","floor":7,"turns":7},{"damage":8,"enemies":"Red Slaver","floor":8,"turns":4},{"damage":6,"enemies":"Exordium Wildlife","floor":11,"turns":2},{"damage":1,"enemies":"2 Fungi Beasts","floor":14,"turns":4},{"damage":25,"enemies":"Slime Boss","floor":16,"turns":7}],"seed_played":"2890710513626551845","potions_obtained":[{"floor":1,"key":"Ancient Potion"},{"floor":6,"key":"BloodPotion"},{"floor":7,"key":"Explosive Potion"},{"floor":11,"key":"BloodPotion"}],"is_trial":false,"path_per_floor":["M","$","M","M","$","E","M","M","T","?","M","?","R","M","R"],"character_chosen":"IRONCLAD","items_purchased":["Armaments"],"campfire_rested":2,"item_purchase_floors":[5],"current_hp_per_floor":[80,80,73,79,79,35,13,11,11,8,8,8,32,45,69,44],"gold":68,"neow_bonus":"ONE_RANDOM_RARE_CARD","is_prod":false,"is_daily":false,"chose_seed":false,"campfire_upgraded":0,"win_rate":0,"timestamp":1533151324,"path_taken":["M","$","M","M","$","E","M","M","T","?","M","?","R","M","R","BOSS"],"build_version":"2018-07-26","purchased_purges":1,"victory":false,"max_hp_per_floor":[80,80,80,80,80,80,80,80,80,80,80,80,80,80,80,80],"card_choices":[{"not_picked":["Rupture","Cleave"],"picked":"Body Slam","floor":1},{"not_picked":["Combust","Sever Soul","Perfected Strike"],"picked":"SKIP","floor":3},{"not_picked":["Thunderclap","Clothesline","Fiend Fire"],"picked":"SKIP","floor":4},{"not_picked":["Rampage","Armaments","Sword Boomerang"],"picked":"SKIP","floor":6},{"not_picked":["Feel No Pain","Bloodletting","Spot Weakness"],"picked":"SKIP","floor":7},{"not_picked":["Heavy Blade","Twin Strike","Ghostly Armor"],"picked":"SKIP","floor":8},{"not_picked":["Warcry","Body Slam","Iron Wave"],"picked":"SKIP","floor":11},{"not_picked":["Offering","Uppercut","Evolve"],"picked":"SKIP","floor":14}],"player_experience":319158,"relics_obtained":[{"floor":6,"key":"Happy Flower"},{"floor":9,"key":"Bottled Tornado"}],"event_choices":[{"event_name":"Scrap Ooze","player_choice":"success","floor":10,"damage_taken":3},{"event_name":"World of Goop","player_choice":"Left","floor":12,"damage_taken":0}],"is_beta":false,"boss_relics":[],"items_purged_floors":[2],"is_endless":false,"potions_floor_spawned":[1,6,7,11],"killed_by":"Slime Boss","ascension_level":0}