{"gold_per_floor":[119,119,119,44,69,69,31,31,31,44,44,64,84,105,105,231,231,245,71,71,71,171,171,209,209,209,209,223,244,204,225,225,225],"floor_reached":33,"playtime":1291,"items_purged":["Defend_G","Strike_G"],"score":268,"play_id":"55cc454d-30d1-4dca-8186-cb405ecaac22","local_time":"20180925141217","is_ascension_mode":true,"campfire_choices":[{"data":"Quick Slash","floor":6,"key":"SMITH"},{"data":"Footwork","floor":8,"key":"SMITH"},{"data":"Backflip","floor":11,"key":"SMITH"},{"floor":15,"key":"REST"},{"data":"All Out Attack","floor":23,"key":"SMITH"},{"data":"Quick Slash","floor":25,"key":"SMITH"},{"floor":27,"key":"REST"},{"floor":32,"key":"REST"}],"neow_cost":"NONE","seed_source_timestamp":355902112262428,"circlet_count":0,"master_deck":["Defend_G","Defend_G+1","Strike_G","Strike_G","Strike_G+1","Strike_G+1","Survivor+1","Neutralize","Quick Slash+1","Footwork+1","Backflip+1","Quick Slash+1","All Out Attack+1","Backstab+1"],"relics":["Empty Cage","Golden Idol","Blue Candle","Velvet Choker","Mummified Hand","Incense Burner"],"potions_floor_usage":[10,13,16,24],"damage_taken":[{"damage":3,"enemies":"Jaw Worm","floor":1,"turns":3},{"damage":0,"enemies":"2 Louse","floor":5,"turns":2},{"damage":0,"enemies":"Small Slimes","floor":10,"turns":1},{"damage":10,"enemies":"Looter","floor":12,"turns":3},{"damage":8,"enemies":"Exordium Thugs","floor":13,"turns":4},{"damage":10,"enemies":"Exordium Wildlife","floor":14,"turns":3},{"damage":31,"enemies":"The Guardian","floor":16,"turns":16},{"damage":4,"enemies":"Shell Parasite","floor":18,"turns":5},{"damage":40,"enemies":"Gremlin Leader","floor":24,"turns":9},{"damage":0,"enemies":"Spheric Guardian","floor":28,"turns":3},{"damage":12,"enemies":"Snecko","floor":29,"turns":6},{"damage":8,"enemies":"Centurion and Healer","floor":31,"turns":6},{"damage":54,"enemies":"Automaton","floor":33,"turns":8}],"seed_played":"-7269617912639483024","potions_obtained":[{"floor":1,"key":"SpeedPotion"},{"floor":5,"key":"Fire Potion"},{"floor":10,"key":"PowerPotion"},{"floor":18,"key":"FairyPotion"}],"is_trial":false,"path_per_floor":["M","?","?","$","M","R","$","R","T","M","R","M","M","M","R","B",null,"M","$","?","?","?","R","E","R","T","R","M","M","?","M","R"],"character_chosen":"THE_SILENT","items_purchased":["Footwork","Quick Slash","Fire Potion"],"campfire_rested":3,"item_purchase_floors":[7,19,19],"current_hp_per_floor":[67,65,52,52,52,52,52,52,52,52,52,42,34,24,43,12,65,61,61,61,61,61,61,21,21,21,40,40,28,28,20,39,0],"gold":225,"neow_bonus":"BOSS_RELIC","is_prod":false,"is_daily":false,"chose_seed":false,"campfire_upgraded":5,"win_rate":0,"timestamp":1537899137,"path_taken":["M","?","?","$","M","R","$","R","T","M","R","M","M","M","R","BOSS","M","$","?","?","?","R","E","R","T","R","?","?","?","M","R","BOSS"],"build_version":"2018-09-20","purchased_purges":2,"victory":false,"max_hp_per_floor":[70,65,65,65,65,65,65,65,65,65,65,65,65,65,65,65,65,65,65,65,65,65,65,65,65,65,65,65,65,65,65,65,65],"card_choices":[{"not_picked":["Riddle With Holes","Accuracy"],"picked":"Quick Slash","floor":1},{"not_picked":["Deadly Poison","PiercingWail","Skewer"],"picked":"SKIP","floor":5},{"not_picked":["Expertise","Dagger Throw"],"picked":"Backflip","floor":10},{"not_picked":["Acrobatics","Noxious Fumes","Cloak And Dagger"],"picked":"SKIP","floor":12},{"not_picked":["Slice","Underhanded Strike","Blur"],"picked":"SKIP","floor":13},{"not_picked":["Sucker Punch","Setup","Deflect"],"picked":"SKIP","floor":14},{"not_picked":["Calculated Gamble","Dodge and Roll","Well Laid Plans"],"picked":"SKIP","floor":18},{"not_picked":["Bouncing Flask+1","Setup"],"picked":"Backstab+1","floor":24},{"not_picked":["Outmaneuver+1","Caltrops","Catalyst"],"picked":"SKIP","floor":28},{"not_picked":["Masterful Stab+1","Outmaneuver","Well Laid Plans"],"picked":"SKIP","floor":29},{"not_picked":["Acrobatics","Well Laid Plans","Quick Slash+1"],"picked":"SKIP","floor":31}],"player_experience":411424,"relics_obtained":[{"floor":9,"key":"Blue Candle"},{"floor":24,"key":"Mummified Hand"},{"floor":26,"key":"Incense Burner"}],"event_choices":[{"event_name":"Golden Idol","player_choice":"Lose Max HP","floor":2,"damage_taken":0},{"event_name":"Shining Light","player_choice":"Entered Light","floor":3,"damage_taken":0},{"event_name":"The Library","player_choice":"Read","floor":20,"damage_taken":0},{"event_name":"Vampires","player_choice":"Ignored","floor":21,"damage_taken":0},{"event_name":"Golden Shrine","player_choice":"Pray","floor":22,"damage_taken":0},{"event_name":"Designer","player_choice":"Upgrade 2 Random Cards","floor":30,"damage_taken":0}],"is_beta":false,"boss_relics":[{"not_picked":["Astrolabe","Runic Pyramid"],"picked":"Velvet Choker"}],"items_purged_floors":[4,19],"is_endless":false,"potions_floor_spawned":[1,5,10,18],"killed_by":"Automaton","ascension_level":1}