{"gold_per_floor":[118,132,57,75,92,92,104,119,174,192,192,92,92,112,112,209,209,219,235,251,73,87,87],"floor_reached":23,"playtime":476,"items_purged":["Defend_R","Disarm"],"score":189,"play_id":"ad3e55ff-184f-4ed4-951d-885fb2bf0ec7","local_time":"20180803012547","is_ascension_mode":false,"campfire_choices":[{"data":"Perfected Strike","floor":6,"key":"SMITH"},{"data":"Sword Boomerang","floor":11,"key":"SMITH"},{"data":"Strike_R","floor":13,"key":"SMITH"},{"data":"Cleave","floor":15,"key":"SMITH"}],"neow_cost":"NONE","seed_source_timestamp":1963314994232089,"circlet_count":0,"master_deck":["Strike_R","Strike_R+1","Strike_R","Strike_R","Strike_R","Defend_R+1","Defend_R+1","Perfected Strike+1","Sword Boomerang+1","Cleave+1","Twin Strike","Flex","Perfected Strike"],"relics":["Burning Blood","Vajra","War Paint","Empty Cage","Orichalcum"],"potions_floor_usage":[10,14,16],"damage_taken":[{"damage":1,"enemies":"Cultist","floor":1,"turns":3},{"damage":0,"enemies":"Small Slimes","floor":2,"turns":3},{"damage":0,"enemies":"2 Louse","floor":4,"turns":2},{"damage":14,"enemies":"Blue Slaver","floor":5,"turns":3},{"damage":15,"enemies":"2 Fungi Beasts","floor":7,"turns":3},{"damage":10,"enemies":"Looter","floor":8,"turns":2},{"damage":1,"enemies":"Red Slaver","floor":10,"turns":4},{"damage":0,"enemies":"Large Slime","floor":14,"turns":3},{"damage":71,"enemies":"The Guardian","floor":16,"turns":9},{"damage":17,"enemies":"3 Byrds","floor":18,"turns":4},{"damage":10,"enemies":"Spheric Guardian","floor":19,"turns":3},{"damage":36,"enemies":"Snake Plant","floor":20,"turns":4},{"damage":8,"enemies":"Chosen and Byrds","floor":22,"turns":4},{"damage":37,"enemies":"Slavers","floor":23,"turns":2}],"seed_played":"-1987422324652311019","potions_obtained":[{"floor":1,"key":"Weak Potion"},{"floor":2,"key":"SpeedPotion"},{"floor":8,"key":"Poison Potion"},{"floor":14,"key":"BloodPotion"},{"floor":22,"key":"PowerPotion"}],"is_trial":false,"path_per_floor":["M","M","$","M","M","R","M","M","T","M","R","$","R","M","R","B",null,"M","M","M","$","M"],"character_chosen":"IRONCLAD","items_purchased":["Flex","Orichalcum"],"campfire_rested":0,"item_purchase_floors":[21,21],"current_hp_per_floor":[80,80,80,80,72,72,63,59,59,64,64,64,64,70,70,13,80,69,65,35,35,33,0],"gold":87,"neow_bonus":"RANDOM_COMMON_RELIC","is_prod":false,"is_daily":false,"chose_seed":false,"campfire_upgraded":4,"win_rate":0,"timestamp":1533273947,"path_taken":["M","M","$","M","M","R","M","M","T","M","R","$","R","?","R","BOSS","M","M","M","$","M","E"],"build_version":"2018-08-02","purchased_purges":2,"victory":false,"max_hp_per_floor":[80,80,80,80,80,80,80,80,80,80,80,80,80,80,80,80,80,80,80,80,80,80,80],"card_choices":[{"not_picked":["Ghostly Armor","Body Slam"],"picked":"Perfected Strike","floor":1},{"not_picked":["Burning Pact","Sever Soul"],"picked":"Sword Boomerang","floor":2},{"not_picked":["Sentinel","Body Slam","Anger"],"picked":"SKIP","floor":4},{"not_picked":["True Grit","Power Through","Blood for Blood"],"picked":"SKIP","floor":5},{"not_picked":["Havoc","Rage","Headbutt"],"picked":"SKIP","floor":7},{"not_picked":["Clothesline","Reckless Charge","Sentinel"],"picked":"SKIP","floor":8},{"not_picked":["Rupture","Sever Soul"],"picked":"Disarm","floor":10},{"not_picked":["Havoc","Shrug It Off"],"picked":"Cleave","floor":14},{"not_picked":["Disarm+1","Clash","Reckless Charge"],"picked":"SKIP","floor":18},{"not_picked":["Wild Strike+1","Armaments"],"picked":"Twin Strike","floor":19},{"not_picked":["Dropkick+1","Rampage+1","Clothesline"],"picked":"SKIP","floor":20},{"not_picked":["Second Wind","Searing Blow"],"picked":"Perfected Strike","floor":22}],"player_experience":336531,"relics_obtained":[{"floor":9,"key":"War Paint"}],"event_choices":[],"is_beta":false,"boss_relics":[{"not_picked":["Runic Dome","Tiny House"],"picked":"Empty Cage"}],"items_purged_floors":[3,12],"is_endless":false,"potions_floor_spawned":[1,2,8,14,22],"killed_by":"Slavers","ascension_level":0}