{"gold_per_floor":[116,128,128,148,166,166,181,181,181,181,201,201,226,226,226,326,326,346,360,360,360,159,159,159,177,177,177,177],"floor_reached":28,"playtime":2045,"items_purged":[],"score":243,"play_id":"80c782b7-30fb-4b9e-b4d4-9ae01bebc6d2","local_time":"20190228094939","is_ascension_mode":false,"campfire_choices":[{"data":"Body Slam","floor":6,"key":"SMITH"},{"floor":8,"key":"REST"},{"floor":10,"key":"RECALL"},{"data":"Barricade","floor":12,"key":"SMITH"},{"data":"Body Slam","floor":15,"key":"SMITH"},{"data":"Body Slam","floor":23,"key":"SMITH"}],"neow_cost":"NONE","seed_source_timestamp":36912297185392,"circlet_count":0,"master_deck":["Strike_R","Strike_R","Strike_R","Strike_R","Strike_R","Defend_R","Defend_R","Defend_R","Defend_R","Bash+1","Body Slam+1","Iron Wave","Barricade+1","Body Slam+1","Pommel Strike+1","Body Slam+1","Body Slam+1"],"relics":["Burning Blood","Blood Vial","Potion Belt","Sozu","DollysMirror","Nunchaku"],"potions_floor_usage":[7,11,13],"damage_taken":[{"damage":3,"enemies":"Jaw Worm","floor":1,"turns":5},{"damage":0,"enemies":"2 Louse","floor":2,"turns":3},{"damage":7,"enemies":"Small Slimes","floor":4,"turns":3},{"damage":21,"enemies":"Exordium Wildlife","floor":5,"turns":5},{"damage":0,"enemies":"Large Slime","floor":7,"turns":4},{"damage":25,"enemies":"Exordium Thugs","floor":11,"turns":7},{"damage":10,"enemies":"Gremlin Nob","floor":13,"turns":4},{"damage":63,"enemies":"The Guardian","floor":16,"turns":19},{"damage":5,"enemies":"Chosen","floor":18,"turns":4},{"damage":16,"enemies":"Shell Parasite","floor":19,"turns":6},{"damage":50,"enemies":"Snake Plant","floor":25,"turns":6},{"damage":50,"enemies":"Chosen and Byrds","floor":28,"turns":6}],"seed_played":"9116827971825881952","potions_obtained":[{"floor":1,"key":"GamblersBrew"},{"floor":5,"key":"Explosive Potion"},{"floor":11,"key":"AttackPotion"},{"floor":13,"key":"FairyPotion"},{"floor":16,"key":"EssenceOfSteel"}],"is_trial":false,"path_per_floor":["?","?","?","?","$","?","?","M"],"character_chosen":"IRONCLAD","items_purchased":["DollysMirror"],"campfire_rested":1,"item_purchase_floors":[22],"current_hp_per_floor":[80,80,68,67,52,52,58,80,80,80,61,61,59,59,59,14,80,80,70,70,70,70,70,70,28,28,28,0],"gold":177,"neow_bonus":"UPGRADE_CARD","is_prod":false,"is_daily":false,"chose_seed":false,"campfire_upgraded":4,"win_rate":0,"timestamp":1551358179,"path_taken":["M","M","?","M","M","R","M","R","T","R","M","R","E","?","R","BOSS","M","M","?","?","?","R","?","M","T","?","?"],"build_version":"2019-01-23","purchased_purges":0,"victory":false,"max_hp_per_floor":[80,80,80,80,80,80,80,80,80,80,80,80,80,80,80,80,80,80,80,80,80,80,80,80,80,80,80,80],"card_choices":[{"not_picked":["Hemokinesis","Thunderclap","Dropkick"],"picked":"SKIP","floor":1},{"not_picked":["Wild Strike","Warcry","True Grit"],"picked":"SKIP","floor":2},{"not_picked":["Evolve","Inflame"],"picked":"Body Slam","floor":4},{"not_picked":["Wild Strike","Anger"],"picked":"Iron Wave","floor":5},{"not_picked":["Clash","Flex","Dropkick"],"picked":"SKIP","floor":7},{"not_picked":["Body Slam","Carnage"],"picked":"Barricade","floor":11},{"not_picked":["Ghostly Armor","Armaments"],"picked":"Body Slam","floor":13},{"not_picked":["Clash","True Grit"],"picked":"Pommel Strike+1","floor":18},{"not_picked":["Carnage","Warcry+1","True Grit+1"],"picked":"SKIP","floor":19},{"not_picked":["Thunderclap","Whirlwind","Sword Boomerang+1"],"picked":"SKIP","floor":25}],"player_experience":237363,"relics_obtained":[{"floor":9,"key":"Blood Vial"},{"floor":13,"key":"Potion Belt"},{"floor":26,"key":"Nunchaku"}],"event_choices":[{"damage_healed":0,"gold_gain":0,"player_choice":"Fled","damage_taken":12,"max_hp_gain":0,"max_hp_loss":0,"event_name":"Scrap Ooze","floor":3,"gold_loss":0},{"damage_healed":0,"gold_gain":0,"player_choice":"Ignored","damage_taken":0,"max_hp_gain":0,"max_hp_loss":0,"event_name":"Shining Light","floor":14,"gold_loss":0},{"damage_healed":0,"gold_gain":0,"player_choice":"Read","damage_taken":0,"max_hp_gain":0,"max_hp_loss":0,"event_name":"The Library","floor":20,"gold_loss":0,"cards_obtained":["Body Slam"]},{"damage_healed":0,"gold_gain":0,"player_choice":"Ignored","damage_taken":0,"max_hp_gain":0,"max_hp_loss":0,"event_name":"Ghosts","floor":21,"gold_loss":0},{"damage_healed":0,"gold_gain":0,"player_choice":"Ignored","damage_taken":0,"max_hp_gain":0,"max_hp_loss":0,"event_name":"Vampires","floor":24,"gold_loss":0},{"damage_healed":0,"gold_gain":0,"player_choice":"0 cards matched","damage_taken":0,"max_hp_gain":0,"max_hp_loss":0,"event_name":"Match and Keep!","floor":27,"gold_loss":0,"cards_obtained":[]}],"is_beta":false,"boss_relics":[{"not_picked":["Calling Bell","Busted Crown"],"picked":"Sozu"}],"items_purged_floors":[],"is_endless":false,"potions_floor_spawned":[1,5,11,13,16,19],"killed_by":"Chosen and Byrds","ascension_level":0}