{"gold_per_floor":[110,185,110,110,110,120,120,135,216,216,10,10,25,45,45,173,173,196,121,121,146,160,160,15,114,190,208,247,41,62,39,39,164,164,187,27,27,46,67,67,85,109,135,158,158,491,237,257,257,257],"floor_reached":50,"playtime":1624,"items_purged":["Defend_B","Defend_B","Strike_B","Strike_B"],"score":729,"play_id":"9cef5b6d-840a-47cb-873c-dfa03abe70da","local_time":"20180710000451","is_ascension_mode":false,"campfire_choices":[{"data":"Gash","floor":7,"key":"SMITH"},{"data":"Zap","floor":10,"key":"SMITH"},{"data":"Beam Cell","floor":15,"key":"SMITH"},{"data":"Defend_B","floor":23,"key":"SMITH"},{"floor":32,"key":"REST"},{"data":"Reboot","floor":40,"key":"SMITH"},{"data":"Reboot","floor":45,"key":"SMITH"},{"data":"Reboot","floor":49,"key":"SMITH"}],"neow_cost":"NONE","seed_source_timestamp":1633952298803153,"circlet_count":0,"master_deck":["Defend_B+1","Zap+1","Dualcast","Gash+1","Gash+1","Beam Cell+1","Steam Power+1","Gash+1","Hologram","Gash","Reboot+1","Hologram","Reboot+1","FTL","Reboot+1","Scrape","Flash of Steel"],"relics":["Cracked Core","Pen Nib","Ornamental Fan","DollysMirror","Sozu","Cables","Bag of Preparation","Orrery","Bird Faced Urn","Anchor"],"potions_floor_usage":[16,16,28],"damage_taken":[{"damage":10,"enemies":"2 Louse","floor":1,"turns":2},{"damage":0,"enemies":"Small Slimes","floor":6,"turns":2},{"damage":1,"enemies":"Cultist","floor":8,"turns":3},{"damage":0,"enemies":"2 Fungi Beasts","floor":13,"turns":2},{"damage":0,"enemies":"Large Slime","floor":14,"turns":3},{"damage":17,"enemies":"Slime Boss","floor":16,"turns":7},{"damage":1,"enemies":"3 Byrds","floor":18,"turns":4},{"damage":7,"enemies":"Spheric Guardian","floor":21,"turns":3},{"damage":10,"enemies":"Centurion and Healer","floor":22,"turns":5},{"damage":9,"enemies":"Snake Plant","floor":27,"turns":2},{"damage":11,"enemies":"Book of Stabbing","floor":28,"turns":3},{"damage":0,"enemies":"Cultist and Chosen","floor":30,"turns":2},{"damage":36,"enemies":"Automaton","floor":33,"turns":6},{"damage":0,"enemies":"3 Darklings","floor":35,"turns":2},{"damage":0,"floor":37,"turns":1},{"damage":0,"enemies":"Orb Walker","floor":38,"turns":1},{"damage":0,"enemies":"Sphere and 2 Shapes","floor":39,"turns":1},{"damage":0,"enemies":"3 Darklings","floor":41,"turns":1},{"damage":0,"enemies":"Maw","floor":42,"turns":2},{"damage":0,"enemies":"4 Shapes","floor":44,"turns":1},{"damage":0,"enemies":"Sphere and 2 Shapes","floor":48,"turns":1},{"damage":70,"enemies":"Awakened One","floor":50,"turns":3}],"seed_played":"-3420403032261021593","potions_obtained":[{"floor":6,"key":"LiquidBronze"},{"floor":13,"key":"FearPotion"},{"floor":14,"key":"Explosive Potion"}],"is_trial":false,"path_per_floor":["M","?","$","?","?","M","R","M","T","R","$","?","M","M","R","B",null,"M","?","?","M","M","R","$","?","T","M","E","$","M","$","R","B",null,"M","$","?","M","M","R","M","M","T","M","R","?","$","M","R"],"character_chosen":"DEFECT","items_purchased":["DollysMirror","Hologram","Reboot","Hologram","Reboot","Flash of Steel"],"campfire_rested":1,"item_purchase_floors":[11,24,29,31,36,47],"current_hp_per_floor":[65,54,54,54,47,47,47,46,46,46,46,46,46,46,46,29,69,68,68,68,61,51,51,51,51,51,42,31,31,31,31,51,15,69,69,69,69,69,69,69,69,69,69,69,69,69,69,69,69,0],"gold":257,"neow_bonus":"RANDOM_COMMON_RELIC","is_prod":false,"is_daily":false,"chose_seed":false,"campfire_upgraded":7,"win_rate":0.0,"timestamp":1531195491,"path_taken":["M","?","$","?","?","?","R","M","T","R","$","?","M","M","R","BOSS","M","?","?","M","M","R","$","?","T","?","E","$","M","$","R","BOSS","M","$","?","M","M","R","M","M","T","M","R","?","$","M","R","BOSS"],"build_version":"2018-07-05","purchased_purges":4,"victory":false,"max_hp_per_floor":[75,75,75,75,75,75,75,75,75,75,75,69,69,69,69,69,69,69,69,69,69,69,69,69,69,69,69,69,69,69,69,69,69,69,69,69,69,69,69,69,69,69,69,69,69,69,69,69,69,69],"card_choices":[{"not_picked":["Redo","Rebound","Steam"],"picked":"SKIP","floor":1},{"not_picked":["Beam Cell","Tempest"],"picked":"Gash","floor":6},{"not_picked":["White Noise","Lockon","Force Field"],"picked":"SKIP","floor":8},{"not_picked":["Recycle","Conserve Battery","Turbo"],"picked":"SKIP","floor":13},{"not_picked":["Go for the Eyes","Compile Driver"],"picked":"Beam Cell","floor":14},{"not_picked":["Steam","Cold Snap"],"picked":"Steam Power+1","floor":18},{"not_picked":["Sweeping Beam+1","Leap","Lockon"],"picked":"SKIP","floor":21},{"not_picked":["Hologram","Leap"],"picked":"Gash+1","floor":22},{"not_picked":["Hello World","Sweeping Beam"],"picked":"Gash","floor":27},{"not_picked":["White Noise","Doom and Gloom","Sweeping Beam"],"picked":"SKIP","floor":28},{"not_picked":["Blizzard+1","Hello World","Leap+1"],"picked":"SKIP","floor":30},{"not_picked":["Echo Form","Thunder Strike"],"picked":"Reboot","floor":33},{"not_picked":["Hologram","Undo+1"],"picked":"FTL","floor":34},{"not_picked":["Steam Power","Stack+1","Compile Driver+1"],"picked":"SKIP","floor":35},{"not_picked":["Undo+1","Doom and Gloom+1"],"picked":"Scrape","floor":37},{"not_picked":["Lockon","Chaos","Cold Snap"],"picked":"SKIP","floor":38},{"not_picked":["Streamline","White Noise","Compile Driver"],"picked":"SKIP","floor":39},{"not_picked":["Capacitor+1","Barrage","Hello World+1"],"picked":"SKIP","floor":41},{"not_picked":["Rebound","Blizzard","Compile Driver"],"picked":"SKIP","floor":42},{"not_picked":["Recycle","Storm","Loop+1"],"picked":"SKIP","floor":44},{"not_picked":["Tempest","Echo Form","Go for the Eyes+1"],"picked":"SKIP","floor":48}],"player_experience":168291,"relics_obtained":[{"floor":9,"key":"Ornamental Fan"},{"floor":26,"key":"Cables"},{"floor":28,"key":"Bag of Preparation"},{"floor":37,"key":"Bird Faced Urn"},{"floor":43,"key":"Anchor"}],"event_choices":[{"event_name":"World of Goop","player_choice":"Gather Gold","floor":2,"damage_taken":0},{"event_name":"Living Wall","player_choice":"Change","floor":4,"damage_taken":0},{"event_name":"Golden Wing","player_choice":"Card Removal","floor":5,"damage_taken":0},{"event_name":"Golden Idol","player_choice":"Lose Max HP","floor":12,"damage_taken":0},{"event_name":"Beggar","player_choice":"Gave Gold","floor":19,"damage_taken":0},{"event_name":"Purifier","player_choice":"One Purge","floor":20,"damage_taken":0},{"event_name":"Nest","player_choice":"Stole From Cult","floor":25,"damage_taken":0},{"event_name":"MindBloom","player_choice":"Fight","floor":37,"damage_taken":0},{"event_name":"The Moai Head","player_choice":"Gave Idol","floor":46,"damage_taken":0}],"boss_relics":[{"not_picked":["Ectoplasm","Astrolabe"],"picked":"Sozu"},{"not_picked":["Busted Crown","Black Star"],"picked":"Orrery"}],"items_purged_floors":[3,24,29,47],"is_endless":false,"potions_floor_spawned":[6,13,14,21,27,30,33,37,38,39,42],"killed_by":"Awakened One","ascension_level":0}