{"gold_per_floor":[113,7,182,200,219,219,253,60,60,77,77,27,55,55,55,151,151,166,166,176,193,193,220,234,265,265,265,277,296,296,316,316,418,418,435,435,452,472,103,103,134,152,152,184,184,198,198,198,198,198,198,198,47,80,80],"floor_reached":55,"playtime":7430,"items_purged":["Doubt","Concentrate"],"score":890,"play_id":"a162c5be-b95f-4e48-a3fe-7821f18e8b93","local_time":"20190329123852","is_ascension_mode":true,"campfire_choices":[{"data":"Neutralize","floor":6.0,"key":"SMITH"},{"floor":11.0,"key":"REST"},{"data":"Noxious Fumes","floor":15.0,"key":"SMITH"},{"floor":27.0,"key":"REST"},{"floor":30,"key":"REST"},{"floor":32,"key":"RECALL"},{"data":"Catalyst","floor":40,"key":"SMITH"},{"floor":45,"key":"REST"},{"floor":47,"key":"REST"},{"floor":49,"key":"REST"},{"data":"Prepared","floor":52,"key":"SMITH"}],"neow_cost":"NONE","seed_source_timestamp":0,"circlet_count":0,"master_deck":["Survivor","Neutralize+1","Backflip","Noxious Fumes+1","Deflect","Dagger Throw","PiercingWail","Cloak And Dagger+1","Well Laid Plans+1","Glass Knife","Corpse Explosion","Acrobatics","Dagger Throw","Bouncing Flask","Grand Finale","Sucker Punch","All Out Attack","Prepared+1","Venomology","Footwork+1","Deflect","Noxious Fumes+1","Dodge and Roll","Footwork+1","Catalyst+1","Backflip+1","Caltrops+1","Finesse"],"special_seed":0,"relics":["Ring of the Snake","Frozen Egg 2","Snake Skull","Ancient Tea Set","Pandora\u0027s Box","MutagenicStrength","Blood Vial","Gremlin Horn","Letter Opener","Runic Dome","FaceOfCleric","Lee\u0027s Waffle","Sundial","Boot","Bag of Preparation","Bronze Scales"],"potions_floor_usage":[33,35,37,37,41,41,42,46,46,50,55],"damage_taken":[{"damage":1.0,"enemies":"Jaw Worm","floor":1.0,"turns":5.0},{"damage":6.0,"enemies":"2 Louse","floor":4.0,"turns":3.0},{"damage":0.0,"enemies":"Small Slimes","floor":5.0,"turns":4.0},{"damage":42.0,"enemies":"Lagavulin","floor":7.0,"turns":10.0},{"damage":2.0,"enemies":"2 Fungi Beasts","floor":10.0,"turns":4.0},{"damage":9.0,"enemies":"3 Sentries","floor":13.0,"turns":8.0},{"damage":8.0,"enemies":"Hexaghost","floor":16.0,"turns":10.0},{"damage":2.0,"enemies":"3 Byrds","floor":18.0,"turns":3.0},{"damage":7.0,"enemies":"Chosen","floor":20.0,"turns":5.0},{"damage":3.0,"enemies":"Centurion and Healer","floor":21.0,"turns":5.0},{"damage":34.0,"enemies":"Slavers","floor":23.0,"turns":3.0},{"damage":3.0,"enemies":"Cultist and Chosen","floor":24.0,"turns":5.0},{"damage":16.0,"enemies":"Book of Stabbing","floor":25.0,"turns":6.0},{"damage":0.0,"enemies":"3 Cultists","floor":28.0,"turns":4.0},{"damage":12.0,"enemies":"Snake Plant","floor":29.0,"turns":5.0},{"damage":6,"enemies":"Centurion and Healer","floor":31,"turns":5},{"damage":51,"enemies":"Champ","floor":33,"turns":10},{"damage":20,"enemies":"3 Darklings","floor":35,"turns":4},{"damage":4,"enemies":"3 Shapes","floor":37,"turns":3},{"damage":38,"enemies":"Sphere and 2 Shapes","floor":38,"turns":5},{"damage":32,"enemies":"Nemesis","floor":41,"turns":5},{"damage":36,"enemies":"4 Shapes","floor":42,"turns":5},{"damage":27,"enemies":"Reptomancer","floor":44,"turns":5},{"damage":15,"enemies":"3 Darklings","floor":46,"turns":4},{"damage":45,"enemies":"Awakened One","floor":50,"turns":12},{"damage":50,"enemies":"Shield and Spear","floor":54,"turns":4},{"damage":86,"enemies":"The Heart","floor":55,"turns":3}],"seed_played":"-2038918417778232096","potions_obtained":[{"floor":5.0,"key":"Swift Potion"},{"floor":16.0,"key":"Swift Potion"},{"floor":23.0,"key":"SteroidPotion"},{"floor":25.0,"key":"Strength Potion"},{"floor":31,"key":"Energy Potion"},{"floor":37,"key":"SpeedPotion"},{"floor":42,"key":"FairyPotion"},{"floor":44,"key":"Explosive Potion"}],"is_trial":false,"path_per_floor":["M","$","?","M","M","R","E","$","T","M","R","?","E","?","R","B",null,"M","?","M","M","?","E","M","E","T","R","M","M","R","M","R","B",null,"M","?","M","M","$","R","E","M","T","E","R","M","R","?","R","B",null,"R","$","E","B"],"character_chosen":"THE_SILENT","items_purchased":["Noxious Fumes","Deflect","Well Laid Plans+1","SteroidPotion","Lee\u0027s Waffle","Caltrops+1","Bag of Preparation"],"campfire_rested":6,"item_purchase_floors":[2,2,8,8,39,39,53],"current_hp_per_floor":[76,76,76,70,70,70,28,28,28,26,49,49,40,40,40,32,77,75,75,68,65,65,31,30,16,16,39,41,31,54,50,50,1,77,57,57,56,21,86,86,55,36,36,12,38,26,53,53,80,38,91,91,91,42,0],"gold":80,"neow_bonus":"TEN_PERCENT_HP_BONUS","is_prod":false,"is_daily":false,"chose_seed":false,"campfire_upgraded":4,"win_rate":0,"timestamp":1553877532,"path_taken":["M","$","?","M","M","R","E","$","T","M","R","?","E","?","R","BOSS","M","?","M","M","?","E","M","E","T","R","M","?","R","M","R","BOSS","M","?","?","M","$","R","E","M","T","E","R","M","R","?","R","BOSS","R","$","E","BOSS"],"build_version":"2019-01-23","purchased_purges":2,"victory":false,"max_hp_per_floor":[77,77,77,77,77,77,77,77,77,77,77,77,77,77,77,77,77,77,77,77,77,77,77,77,77,77,77,77,77,77,77,77,77,77,77,77,78,79,86,86,87,88,88,89,89,90,90,90,90,91,91,91,91,92,92],"card_choices":[{"not_picked":["Underhanded Strike","Setup"],"picked":"Backflip","floor":1.0},{"not_picked":["Caltrops","Acrobatics"],"picked":"Dagger Throw","floor":4.0},{"not_picked":["Infinite Blades","Bane"],"picked":"PiercingWail","floor":5.0},{"not_picked":["Poisoned Stab","Predator"],"picked":"Cloak And Dagger","floor":7.0},{"not_picked":["Riddle With Holes","Calculated Gamble","Bane"],"picked":"SKIP","floor":10.0},{"not_picked":["Poisoned Stab","Slice"],"picked":"Glass Knife","floor":13.0},{"not_picked":["After Image+1","Glass Knife"],"picked":"Corpse Explosion","floor":16.0},{"not_picked":["Dodge and Roll","Prepared"],"picked":"Footwork+1","floor":18.0},{"not_picked":["Bouncing Flask","Escape Plan"],"picked":"Deflect","floor":20.0},{"not_picked":["PiercingWail","Expertise","Deflect"],"picked":"SKIP","floor":21.0},{"not_picked":["Acrobatics","Predator"],"picked":"Dodge and Roll","floor":23.0},{"not_picked":["Riddle With Holes+1","Blade Dance+1","All Out Attack"],"picked":"SKIP","floor":24.0},{"not_picked":["Outmaneuver+1","Poisoned Stab"],"picked":"Footwork+1","floor":25.0},{"not_picked":["Endless Agony","Outmaneuver+1","Poisoned Stab"],"picked":"SKIP","floor":28.0},{"not_picked":["Heel Hook","Quick Slash+1","Finisher"],"picked":"SKIP","floor":29.0},{"not_picked":["Concentrate+1","Bane+1","Prepared"],"picked":"SKIP","floor":31},{"not_picked":["Concentrate+1","Heel Hook+1"],"picked":"Catalyst","floor":35},{"not_picked":["Dodge and Roll+1","Underhanded Strike+1"],"picked":"Backflip+1","floor":37},{"not_picked":["Outmaneuver+1","Calculated Gamble","Sucker Punch"],"picked":"SKIP","floor":38},{"not_picked":["Deadly Poison","Caltrops+1","Quick Slash+1"],"picked":"SKIP","floor":41},{"not_picked":["Flying Knee+1","Underhanded Strike","Acrobatics"],"picked":"SKIP","floor":42},{"not_picked":["Predator","Dodge and Roll+1","Flying Knee"],"picked":"SKIP","floor":44},{"not_picked":["Bane","Bullet Time","Setup"],"picked":"SKIP","floor":46},{"not_picked":["HandOfGreed","Apotheosis"],"picked":"Finesse","floor":48},{"not_picked":["Poisoned Stab","Blade Dance+1","Outmaneuver+1"],"picked":"SKIP","floor":54}],"player_experience":603488,"relics_obtained":[{"floor":7.0,"key":"Frozen Egg 2"},{"floor":9.0,"key":"Snake Skull"},{"floor":13.0,"key":"Ancient Tea Set"},{"floor":23.0,"key":"Blood Vial"},{"floor":25.0,"key":"Gremlin Horn"},{"floor":26.0,"key":"Letter Opener"},{"floor":41,"key":"Sundial"},{"floor":44,"key":"Boot"},{"floor":54,"key":"Bronze Scales"}],"event_choices":[{"damage_healed":0.0,"max_hp_gain":0.0,"max_hp_loss":0.0,"gold_gain":175.0,"event_name":"Liars Game","player_choice":"AGREE","floor":3.0,"gold_loss":0.0,"damage_taken":0.0,"cards_obtained":["Doubt"]},{"cards_removed":["Strike_G"],"damage_healed":0.0,"max_hp_gain":0.0,"max_hp_loss":0.0,"gold_gain":0.0,"event_name":"The Cleric","player_choice":"Card Removal","floor":12.0,"gold_loss":50.0,"damage_taken":0.0},{"damage_healed":0.0,"max_hp_gain":0.0,"max_hp_loss":0.0,"gold_gain":0.0,"event_name":"Living Wall","player_choice":"Grow","floor":14.0,"gold_loss":0.0,"damage_taken":0.0,"cards_upgraded":["Cloak And Dagger"]},{"damage_healed":0.0,"max_hp_gain":0.0,"max_hp_loss":0.0,"gold_gain":0.0,"event_name":"Drug Dealer","player_choice":"Inject Mutagens","floor":19.0,"gold_loss":0.0,"damage_taken":0.0,"relics_obtained":["MutagenicStrength"]},{"damage_healed":0.0,"max_hp_gain":0.0,"max_hp_loss":0.0,"gold_gain":0.0,"event_name":"Duplicator","player_choice":"Copied","floor":22.0,"gold_loss":0.0,"damage_taken":0.0,"cards_obtained":["Noxious Fumes"]},{"damage_healed":0,"gold_gain":0,"player_choice":"Trade","damage_taken":0,"relics_obtained":["FaceOfCleric"],"max_hp_gain":0,"max_hp_loss":0,"event_name":"FaceTrader","floor":36,"gold_loss":0},{"damage_healed":0,"gold_gain":0,"player_choice":"Memory 1","damage_taken":0,"max_hp_gain":0,"max_hp_loss":0,"event_name":"SensoryStone","floor":48,"gold_loss":0}],"is_beta":false,"boss_relics":[{"not_picked":["Astrolabe","Tiny House"],"picked":"Pandora\u0027s Box"},{"not_picked":["Black Star","Calling Bell"],"picked":"Runic Dome"}],"items_purged_floors":[8,39],"is_endless":false,"potions_floor_spawned":[5,16,20,23,25,31,37,42,44],"killed_by":"The Heart","ascension_level":3}