{"gold_per_floor":[117,192,192,192,205,234,234,246,246,259,279,72,72,99,99,199,199,209,39,54,54,54,54,70,84,84,113,133,133,146,171,171,171],"floor_reached":33,"playtime":1123,"items_purged":["Defend_R"],"score":322,"play_id":"fe7615bf-6f79-4108-8f96-77737dbfcd0b","local_time":"20190120085600","is_ascension_mode":false,"campfire_choices":[{"floor":7,"key":"REST"},{"floor":15,"key":"REST"},{"data":"Whirlwind","floor":23,"key":"SMITH"},{"floor":29,"key":"REST"},{"floor":32,"key":"REST"}],"neow_cost":"NONE","seed_source_timestamp":2372099269262612,"circlet_count":0,"master_deck":["Strike_R","Strike_R","Strike_R","Strike_R","Strike_R","Defend_R","Defend_R","Bash","Flex","Perfected Strike","Limit Break","Cleave","Flex","Inflame","Whirlwind+1","Perfected Strike","Perfected Strike","Flex","Inflame","Whirlwind"],"relics":["Burning Blood","NeowsBlessing","FossilizedHelix","Nunchaku","DollysMirror","Gambling Chip","Orrery","Magic Flower","Paper Frog","Du-Vu Doll"],"potions_floor_usage":[11,11,16,27,28,30],"damage_taken":[{"damage":0,"enemies":"Small Slimes","floor":1,"turns":1},{"damage":0,"enemies":"2 Louse","floor":5,"turns":1},{"damage":0,"enemies":"3 Sentries","floor":6,"turns":2},{"damage":0,"enemies":"Cultist","floor":8,"turns":3},{"damage":32,"enemies":"Exordium Thugs","floor":10,"turns":4},{"damage":0,"enemies":"3 Louse","floor":11,"turns":1},{"damage":36,"enemies":"Lagavulin","floor":14,"turns":6},{"damage":42,"enemies":"Hexaghost","floor":16,"turns":6},{"damage":3,"enemies":"3 Byrds","floor":18,"turns":4},{"damage":32,"enemies":"Shell Parasite","floor":20,"turns":5},{"damage":14,"enemies":"Snake Plant","floor":24,"turns":3},{"damage":21,"enemies":"3 Cultists","floor":25,"turns":4},{"damage":41,"enemies":"Slavers","floor":27,"turns":4},{"damage":20,"enemies":"Sentry and Sphere","floor":28,"turns":4},{"damage":14,"enemies":"Snake Plant","floor":30,"turns":3},{"damage":32,"enemies":"Gremlin Leader","floor":31,"turns":5},{"damage":86,"enemies":"Automaton","floor":33,"turns":6}],"seed_played":"4395336013213779120","potions_obtained":[{"floor":5,"key":"Regen Potion"},{"floor":10,"key":"EssenceOfSteel"},{"floor":11,"key":"PowerPotion"},{"floor":24,"key":"Swift Potion"},{"floor":25,"key":"Weak Potion"},{"floor":28,"key":"EssenceOfSteel"}],"is_trial":false,"path_per_floor":["M","?","?","?","M","E","R","M","T","M","M","$","$","E","R","B",null,"M","$","M","?","$","R","M","M","T","E","M","R","M","E","R","B"],"character_chosen":"IRONCLAD","items_purchased":["DollysMirror","Flex","Inflame"],"campfire_rested":4,"item_purchase_floors":[12,19,19],"current_hp_per_floor":[80,69,80,80,80,80,80,80,80,54,60,60,60,30,54,18,80,80,80,54,90,90,90,82,67,67,35,24,51,46,23,50,0],"gold":171,"neow_bonus":"THREE_ENEMY_KILL","is_prod":false,"is_daily":false,"chose_seed":false,"campfire_upgraded":1,"win_rate":0,"timestamp":1547992560,"path_taken":["M","?","?","?","M","E","R","?","T","M","M","?","$","E","R","BOSS","M","$","M","?","$","R","M","M","T","E","?","R","M","E","R","BOSS"],"build_version":"2019-01-17v2","purchased_purges":1,"victory":false,"max_hp_per_floor":[80,80,80,80,80,80,80,80,80,80,80,80,80,80,80,80,80,80,80,80,90,90,90,90,90,90,90,90,90,90,90,90,90],"card_choices":[{"not_picked":["Wild Strike","Body Slam"],"picked":"Flex","floor":1},{"not_picked":["Pummel","True Grit"],"picked":"Perfected Strike","floor":5},{"not_picked":["Clothesline","Clash"],"picked":"Limit Break","floor":6},{"not_picked":["Clothesline","Armaments","Reckless Charge"],"picked":"SKIP","floor":8},{"not_picked":["Ghostly Armor","Twin Strike"],"picked":"Cleave","floor":10},{"not_picked":["Anger","Headbutt","Wild Strike"],"picked":"SKIP","floor":11},{"not_picked":["Brutality","Metallicize","Heavy Blade"],"picked":"SKIP","floor":14},{"not_picked":["Barricade","Brutality"],"picked":"Demon Form","floor":16},{"not_picked":["Havoc","Rage"],"picked":"Inflame","floor":17},{"not_picked":["Feel No Pain","Heavy Blade"],"picked":"Whirlwind","floor":17},{"not_picked":["Havoc","Shrug It Off"],"picked":"Perfected Strike","floor":17},{"not_picked":["Iron Wave","Cleave"],"picked":"Perfected Strike","floor":18},{"not_picked":["Pommel Strike","Armaments","Corruption"],"picked":"SKIP","floor":20},{"not_picked":["Iron Wave","Ghostly Armor","Clothesline"],"picked":"SKIP","floor":24},{"not_picked":["Hemokinesis","Blood for Blood","Clash"],"picked":"SKIP","floor":25},{"not_picked":["Bludgeon","Dropkick","Shrug It Off"],"picked":"SKIP","floor":27},{"not_picked":["Bludgeon","Dropkick","Shrug It Off"],"picked":"SKIP","floor":27},{"not_picked":["Clothesline","Body Slam","Dropkick+1"],"picked":"SKIP","floor":28},{"not_picked":["Iron Wave","Shrug It Off"],"picked":"Whirlwind","floor":30},{"not_picked":["Feed","Sword Boomerang","Wild Strike"],"picked":"SKIP","floor":31}],"player_experience":447889,"relics_obtained":[{"floor":6,"key":"FossilizedHelix"},{"floor":9,"key":"Nunchaku"},{"floor":14,"key":"Gambling Chip"},{"floor":26,"key":"Magic Flower"},{"floor":27,"key":"Paper Frog"},{"floor":31,"key":"Du-Vu Doll"}],"event_choices":[{"damage_healed":0,"gold_gain":75,"player_choice":"Gather Gold","damage_taken":11,"max_hp_gain":0,"max_hp_loss":0,"event_name":"World of Goop","floor":2,"gold_loss":0},{"damage_healed":26,"gold_gain":0,"player_choice":"Banana","damage_taken":0,"max_hp_gain":0,"max_hp_loss":0,"event_name":"Big Fish","floor":3,"gold_loss":0},{"cards_removed":["Defend_R"],"damage_healed":0,"gold_gain":0,"player_choice":"Purged","damage_taken":0,"max_hp_gain":0,"max_hp_loss":0,"event_name":"Purifier","floor":4,"gold_loss":0},{"cards_removed":["Demon Form"],"damage_healed":26,"gold_gain":0,"player_choice":"Offered Rare","damage_taken":0,"max_hp_gain":10,"max_hp_loss":0,"event_name":"Bonfire Elementals","floor":21,"gold_loss":0}],"is_beta":false,"boss_relics":[{"not_picked":["White Beast Statue","Mark of Pain"],"picked":"Orrery"}],"items_purged_floors":[19],"is_endless":false,"potions_floor_spawned":[5,10,11,24,25,28],"killed_by":"Automaton","ascension_level":0}