{"gold_per_floor":[113,113,72,84,99,99,109,126,199,217,217,8,183,203,203,300,300,310,260,278,278,278],"floor_reached":22,"playtime":706,"items_purged":["Defend_R","Strike_R"],"score":228,"play_id":"4d222de5-1818-4a69-a47e-044e802893fd","local_time":"20180807105917","is_ascension_mode":false,"campfire_choices":[{"data":"Twin Strike","floor":6,"key":"SMITH"},{"floor":15,"key":"REST"}],"neow_cost":"","seed_source_timestamp":2343109877085975,"circlet_count":0,"master_deck":["Strike_R","Strike_R+1","Strike_R","Strike_R","Defend_R","Defend_R","Bash","Inflame","Inflame","Carnage","Twin Strike+1","Battle Trance+1","Offering","Flex","Offering","Sword Boomerang"],"relics":["Burning Blood","Smiling Mask","Empty Cage"],"potions_floor_usage":[16,16,16],"damage_taken":[{"damage":15,"enemies":"Cultist","floor":1,"turns":4},{"damage":12,"enemies":"2 Louse","floor":4,"turns":3},{"damage":12,"enemies":"Small Slimes","floor":5,"turns":3},{"damage":17,"enemies":"3 Louse","floor":7,"turns":3},{"damage":10,"enemies":"Looter","floor":8,"turns":2},{"damage":11,"enemies":"Exordium Wildlife","floor":10,"turns":2},{"damage":0,"enemies":"Large Slime","floor":14,"turns":4},{"damage":5,"enemies":"Slime Boss","floor":16,"turns":3},{"damage":30,"enemies":"3 Byrds","floor":18,"turns":5},{"damage":20,"enemies":"2 Thieves","floor":20,"turns":2},{"damage":26,"enemies":"3 Cultists","floor":22,"turns":4}],"seed_played":"8838359198333602525","potions_obtained":[{"floor":1,"key":"Dexterity Potion"},{"floor":4,"key":"Weak Potion"},{"floor":7,"key":"Strength Potion"},{"floor":14,"key":"Strength Potion"}],"is_trial":false,"path_per_floor":["M","?","$","M","M","R","M","M","T","M","?","$","?","M","R","B",null,"M","$","M","?"],"character_chosen":"IRONCLAD","items_purchased":["Inflame","Offering"],"campfire_rested":1,"item_purchase_floors":[3,12],"current_hp_per_floor":[71,71,71,65,59,59,48,44,44,39,23,23,23,29,53,54,80,56,56,42,42,16],"gold":278,"neow_bonus":"","is_prod":false,"is_daily":false,"chose_seed":false,"campfire_upgraded":1,"win_rate":0,"timestamp":1533653957,"path_taken":["M","?","$","M","M","R","?","M","T","M","?","$","?","M","R","BOSS","M","$","M","?","M"],"build_version":"2018-08-02","purchased_purges":2,"victory":false,"max_hp_per_floor":[80,80,80,80,80,80,80,80,80,80,80,80,80,80,80,80,80,80,80,80,80,80],"card_choices":[{"not_picked":["Perfected Strike","Metallicize"],"picked":"Inflame","floor":1},{"not_picked":["Bloodletting","Shrug It Off"],"picked":"Carnage","floor":4},{"not_picked":["Disarm","Body Slam"],"picked":"Twin Strike","floor":5},{"not_picked":["Havoc","Pommel Strike"],"picked":"Battle Trance","floor":7},{"not_picked":["Shockwave","Bloodletting","Havoc"],"picked":"SKIP","floor":8},{"not_picked":["Wild Strike","Body Slam","Metallicize"],"picked":"SKIP","floor":10},{"not_picked":["Evolve","Warcry"],"picked":"Flex","floor":14},{"not_picked":["Immolate","Barricade"],"picked":"Offering","floor":16},{"not_picked":["Burning Pact+1","Havoc+1"],"picked":"Sword Boomerang","floor":18},{"not_picked":["Perfected Strike+1","Sentinel+1","True Grit"],"picked":"SKIP","floor":20}],"player_experience":344831,"relics_obtained":[{"floor":9,"key":"Smiling Mask"}],"event_choices":[{"event_name":"Match and Keep!","player_choice":"0 cards matched","floor":2,"damage_taken":0},{"event_name":"Shining Light","player_choice":"Entered Light","floor":11,"damage_taken":0},{"event_name":"Liars Game","player_choice":"agreed","floor":13,"damage_taken":0},{"event_name":"Vampires","player_choice":"Ignored","floor":21,"damage_taken":0}],"is_beta":false,"boss_relics":[{"not_picked":["Runic Cube","Black Star"],"picked":"Empty Cage"}],"items_purged_floors":[12,19],"is_endless":false,"potions_floor_spawned":[1,4,7,14],"killed_by":"3 Cultists","ascension_level":0}