{"gold_per_floor":[112,131,131,4,14,14,42,68,80,92,137,169,198,226,238,355,367,390,418,430,460,571,583,201,201,201,232,232,60,60,10,10,113,113,123,141,41,41,59,59,59,59,59,59,9,9,9,26,26,26],"floor_reached":51,"playtime":1057,"items_purged":["Defend_R","Decay","Writhe","Clumsy","Bash","Clumsy"],"score":725,"play_id":"82f9e1e4-b30d-488a-88ef-c8ad8a1ddc50","local_time":"20180728163627","is_ascension_mode":false,"campfire_choices":[{"data":"Perfected Strike","floor":6,"key":"SMITH"},{"data":"Perfected Strike","floor":10,"key":"SMITH"},{"data":"Offering","floor":15,"key":"SMITH"},{"data":"Flex","floor":23,"key":"SMITH"},{"data":"Whirlwind","floor":28,"key":"SMITH"},{"data":"Limit Break","floor":32,"key":"SMITH"},{"data":"Perfected Strike","floor":42,"key":"SMITH"},{"data":"Perfected Strike","floor":44,"key":"SMITH"},{"data":"Spot Weakness","floor":46,"key":"SMITH"},{"floor":49,"key":"REST"}],"neow_cost":"NONE","seed_source_timestamp":1498955350263307,"circlet_count":0,"master_deck":["Strike_R","Strike_R","Strike_R","Strike_R","Strike_R","Defend_R","Defend_R","Flex+1","Perfected Strike+1","Perfected Strike+1","Pommel Strike","Offering+1","Perfected Strike+1","Limit Break+1","Whirlwind+1","Perfected Strike+1","Spot Weakness+1"],"relics":["Burning Blood","Oddly Smooth Stone","MawBank","Smiling Mask","Regal Pillow","Cursed Key","StoneCalendar","Bottled Lightning","Darkstone Periapt","Busted Crown","Spirit Poop","Meat on the Bone","GremlinMask"],"potions_floor_usage":[2,12,13,14,19,27,27,33,33,33,35,40,48,50],"damage_taken":[{"damage":8,"enemies":"Jaw Worm","floor":1,"turns":3},{"damage":5,"enemies":"2 Louse","floor":2,"turns":2},{"damage":0,"enemies":"Cultist","floor":5,"turns":2},{"damage":16,"enemies":"Gremlin Nob","floor":7,"turns":3},{"damage":18,"enemies":"3 Sentries","floor":11,"turns":5},{"damage":7,"enemies":"Exordium Wildlife","floor":12,"turns":3},{"damage":6,"enemies":"3 Louse","floor":13,"turns":2},{"damage":26,"enemies":"Lots of Slimes","floor":14,"turns":4},{"damage":40,"enemies":"Slime Boss","floor":16,"turns":8},{"damage":5,"enemies":"Shell Parasite","floor":18,"turns":1},{"damage":15,"enemies":"3 Byrds","floor":19,"turns":3},{"damage":7,"enemies":"Snake Plant","floor":21,"turns":2},{"damage":17,"enemies":"Book of Stabbing","floor":27,"turns":2},{"damage":12,"enemies":"Collector","floor":33,"turns":5},{"damage":6,"enemies":"3 Shapes","floor":35,"turns":3},{"damage":5,"enemies":"3 Darklings","floor":36,"turns":1},{"damage":26,"enemies":"Spire Growth","floor":39,"turns":4},{"damage":0,"enemies":"Nemesis","floor":40,"turns":1},{"damage":33,"enemies":"4 Shapes","floor":48,"turns":2},{"damage":91,"enemies":"Donu and Deca","floor":50,"turns":6}],"seed_played":"-8325547545827127478","potions_obtained":[{"floor":1,"key":"Fire Potion"},{"floor":2,"key":"PowerPotion"},{"floor":12,"key":"PowerPotion"},{"floor":13,"key":"Regen Potion"},{"floor":16,"key":"Poison Potion"},{"floor":21,"key":"Explosive Potion"},{"floor":33,"key":"Explosive Potion"},{"floor":39,"key":"SmokeBomb"},{"floor":48,"key":"Swift Potion"}],"is_trial":false,"path_per_floor":["M","M","?","$","M","R","E","T","T","R","E","M","M","M","R","B",null,"M","M","?","M","?","R","$","?","T","E","R","$","?","$","R","B",null,"M","M","$","?","M","E","?","R","T","R","$","R","?","M","R","B"],"character_chosen":"IRONCLAD","items_purchased":["Pommel Strike","Perfected Strike","Energy Potion","FearPotion","Limit Break","Whirlwind","Perfected Strike","AttackPotion","SteroidPotion","Energy Potion"],"campfire_rested":1,"item_purchase_floors":[4,24,24,24,24,24,29,29,29,37],"current_hp_per_floor":[78,79,79,79,80,80,70,70,70,70,58,57,57,49,49,15,80,80,71,71,70,70,70,70,70,70,59,59,59,59,59,59,53,80,80,80,80,86,66,72,72,72,78,78,78,78,78,63,92,19],"gold":26,"neow_bonus":"THREE_CARDS","is_prod":false,"is_daily":false,"chose_seed":false,"campfire_upgraded":9,"win_rate":0,"timestamp":1532810187,"path_taken":["M","M","?","$","M","R","E","?","T","R","E","?","M","M","R","BOSS","M","M","?","?","?","R","$","?","T","E","R","$","?","$","R","BOSS","M","M","$","?","M","E","?","R","T","R","?","R","?","M","R","BOSS"],"build_version":"2018-07-26","purchased_purges":6,"victory":true,"max_hp_per_floor":[80,80,80,80,80,80,80,80,80,80,80,80,80,80,80,80,80,80,80,80,80,80,80,80,80,80,80,80,80,80,80,80,80,80,80,80,80,86,86,86,86,86,92,92,92,92,92,92,92,92],"card_choices":[{"not_picked":["Warcry","Havoc"],"picked":"Flex","floor":0},{"not_picked":["Rupture","Entrench"],"picked":"Perfected Strike","floor":1},{"not_picked":["Dual Wield","Warcry"],"picked":"Perfected Strike","floor":2},{"not_picked":["Fire Breathing","Heavy Blade","Clothesline"],"picked":"SKIP","floor":5},{"not_picked":["Heavy Blade","Twin Strike","Flame Barrier"],"picked":"SKIP","floor":7},{"not_picked":["Heavy Blade","Twin Strike","Flame Barrier"],"picked":"SKIP","floor":7},{"not_picked":["Iron Wave","Barricade","Warcry"],"picked":"SKIP","floor":11},{"not_picked":["Anger","Bloodletting","Blood for Blood"],"picked":"SKIP","floor":12},{"not_picked":["Thunderclap","Rage","Reckless Charge"],"picked":"SKIP","floor":13},{"not_picked":["Havoc","Clash"],"picked":"Offering","floor":14},{"not_picked":["Cleave","Havoc","Reckless Charge"],"picked":"SKIP","floor":18},{"not_picked":["Havoc+1","Sever Soul","Burning Pact"],"picked":"SKIP","floor":19},{"not_picked":["Anger+1","Body Slam","Wild Strike"],"picked":"SKIP","floor":21},{"not_picked":["Limit Break","Rage","Anger"],"picked":"SKIP","floor":27},{"not_picked":["Sentinel+1"],"picked":"SKIP","floor":35},{"not_picked":["Sword Boomerang"],"picked":"SKIP","floor":36},{"not_picked":[],"picked":"Spot Weakness","floor":39},{"not_picked":["Havoc"],"picked":"SKIP","floor":48}],"player_experience":282107,"relics_obtained":[{"floor":7,"key":"Oddly Smooth Stone"},{"floor":8,"key":"MawBank"},{"floor":9,"key":"Smiling Mask"},{"floor":11,"key":"Regal Pillow"},{"floor":26,"key":"Bottled Lightning"},{"floor":27,"key":"Darkstone Periapt"},{"floor":43,"key":"Meat on the Bone"}],"event_choices":[{"event_name":"Living Wall","player_choice":"Forget","floor":3,"damage_taken":0},{"event_name":"Forgotten Altar","player_choice":"Smashed Altar","floor":20,"damage_taken":0},{"event_name":"Nest","player_choice":"Stole From Cult","floor":22,"damage_taken":0},{"event_name":"The Mausoleum","player_choice":"Yes","floor":25,"damage_taken":0},{"event_name":"Addict","player_choice":"Ignored","floor":30,"damage_taken":0},{"event_name":"Winding Halls","player_choice":"Writhe","floor":38,"damage_taken":0},{"event_name":"Bonfire Elementals","player_choice":"CURSE","floor":41,"damage_taken":0},{"event_name":"FaceTrader","player_choice":"Trade","floor":47,"damage_taken":0}],"is_beta":false,"boss_relics":[{"not_picked":["Lizard Tail","Ectoplasm"],"picked":"Cursed Key"},{"not_picked":["Mark of Pain","Tiny House"],"picked":"Busted Crown"}],"items_purged_floors":[4,24,29,31,37,45],"is_endless":false,"potions_floor_spawned":[1,2,12,13,16,21,33,39,40,48],"ascension_level":0}