{"gold_per_floor":[109,125,139,66,66,66,83,115,115],"floor_reached":9,"playtime":194,"items_purged":[],"score":69,"play_id":"79be78a5-95b1-4232-810b-ba8c2c71d329","local_time":"20180923223512","is_ascension_mode":true,"campfire_choices":[{"data":"Static Discharge","floor":6,"key":"SMITH"}],"neow_cost":"PERCENT_DAMAGE","seed_source_timestamp":214373460656245,"circlet_count":0,"master_deck":["Strike_B","Strike_B","Strike_B","Strike_B","Defend_B","Defend_B","Defend_B","Defend_B","Zap","Dualcast","Amplify+1","Sweeping Beam","Static Discharge+1","Self Repair","Chaos"],"relics":["Cracked Core","Meat on the Bone"],"potions_floor_usage":[8],"damage_taken":[{"damage":0,"enemies":"2 Louse","floor":1,"turns":2},{"damage":9,"enemies":"Jaw Worm","floor":2,"turns":3},{"damage":1,"enemies":"Cultist","floor":3,"turns":3},{"damage":17,"enemies":"2 Fungi Beasts","floor":7,"turns":3},{"damage":28,"enemies":"Gremlin Nob","floor":8,"turns":5}],"seed_played":"-706317726008722222","potions_obtained":[{"floor":1,"key":"Block Potion"},{"floor":2,"key":"FocusPotion"},{"floor":3,"key":"SteroidPotion"},{"floor":7,"key":"SkillPotion"}],"is_trial":false,"path_per_floor":["M","M","M","$","?","R","M","E"],"character_chosen":"DEFECT","items_purchased":["Self Repair"],"campfire_rested":0,"item_purchase_floors":[4],"current_hp_per_floor":[54,45,44,44,44,44,41,27,27],"gold":115,"neow_bonus":"THREE_RARE_CARDS","is_prod":false,"is_daily":false,"chose_seed":false,"campfire_upgraded":1,"win_rate":0,"timestamp":1537756512,"path_taken":["M","M","M","$","?","R","M","E","T"],"build_version":"2018-09-20","purchased_purges":0,"victory":false,"max_hp_per_floor":[75,75,75,75,75,75,75,75,75],"card_choices":[{"not_picked":["Multi-Cast","Biased Cognition"],"picked":"Amplify","floor":0},{"not_picked":["Skim","Aggregate"],"picked":"Sweeping Beam","floor":1},{"not_picked":["Sweeping Beam","Auto Shields","Lockon"],"picked":"SKIP","floor":2},{"not_picked":["Tempest","Streamline"],"picked":"Static Discharge","floor":3},{"not_picked":["Consume","Turbo"],"picked":"Chaos","floor":7},{"not_picked":["Beam Cell","Chaos","Coolheaded"],"picked":"SKIP","floor":8},{"not_picked":["Beam Cell","Chaos","Coolheaded"],"picked":"SKIP","floor":8}],"player_experience":391550,"relics_obtained":[{"floor":8,"key":"Meat on the Bone"}],"event_choices":[{"event_name":"Living Wall","player_choice":"Grow","floor":5,"damage_taken":0}],"is_beta":false,"boss_relics":[],"items_purged_floors":[],"is_endless":false,"potions_floor_spawned":[1,2,3,7],"ascension_level":2}