{"gold_per_floor":[115,134,150,166,341,341,368,368,368,270,289,289,304,304],"floor_reached":14,"playtime":235,"items_purged":[],"score":106,"play_id":"9a7ba5b0-97e6-4104-bd5e-08a2afa91247","local_time":"20190324233836","is_ascension_mode":true,"campfire_choices":[{"data":"Gash","floor":6,"key":"SMITH"},{"data":"1","floor":12,"key":"LIFT"}],"neow_cost":"NONE","seed_source_timestamp":7865693954497233,"circlet_count":0,"master_deck":["Strike_B","Strike_B","Strike_B+1","Strike_B","Defend_B","Defend_B","Defend_B","Defend_B","Zap","Dualcast","Gash+1","Rebound+1","Sweeping Beam","Skim","Doubt","Hologram","Beam Cell"],"relics":["Cracked Core","NeowsBlessing","Whetstone","Question Card","Nunchaku","Girya"],"potions_floor_usage":[4],"damage_taken":[{"damage":0,"enemies":"Cultist","floor":1,"turns":1},{"damage":0,"enemies":"2 Louse","floor":2,"turns":1},{"damage":0,"enemies":"Jaw Worm","floor":3,"turns":1},{"damage":7,"enemies":"3 Louse","floor":4,"turns":2},{"damage":32,"enemies":"Gremlin Nob","floor":7,"turns":4},{"damage":17,"enemies":"Exordium Thugs","floor":11,"turns":3},{"damage":13,"enemies":"Gremlin Gang","floor":13,"turns":3},{"damage":6,"enemies":"3 Louse","floor":14,"turns":1}],"seed_played":"3681163198452137614","potions_obtained":[{"floor":3,"key":"Strength Potion"}],"is_trial":false,"path_per_floor":["M","M","M","M","?","R","E","T","T","?","M","R","M","M"],"character_chosen":"DEFECT","items_purchased":[],"campfire_rested":0,"item_purchase_floors":[],"current_hp_per_floor":[75,75,75,68,68,68,36,36,36,36,19,19,6,0],"gold":304,"neow_bonus":"THREE_ENEMY_KILL","is_prod":false,"is_daily":false,"chose_seed":false,"campfire_upgraded":1,"win_rate":0,"timestamp":1553485116,"path_taken":["M","M","?","?","?","R","E","?","T","?","M","R","M","?"],"build_version":"2019-01-23","purchased_purges":0,"victory":false,"max_hp_per_floor":[75,75,75,75,75,75,75,75,75,75,75,75,75,75],"card_choices":[{"not_picked":["Loop","Turbo"],"picked":"Gash","floor":1},{"not_picked":["Coolheaded","Stack"],"picked":"Rebound","floor":2},{"not_picked":["Genetic Algorithm","Heatsinks"],"picked":"Sweeping Beam","floor":3},{"not_picked":["BootSequence","Ball Lightning"],"picked":"Skim","floor":4},{"not_picked":["Compile Driver","Reboot"],"picked":"Hologram","floor":7},{"not_picked":["Turbo","Blizzard","Sweeping Beam","Redo"],"picked":"SKIP","floor":11},{"not_picked":["Go for the Eyes","Steam","Barrage"],"picked":"Beam Cell","floor":13}],"player_experience":486753,"relics_obtained":[{"floor":7,"key":"Whetstone"},{"floor":8,"key":"Question Card"},{"floor":9,"key":"Nunchaku"}],"event_choices":[{"damage_healed":0,"gold_gain":175,"player_choice":"AGREE","damage_taken":0,"max_hp_gain":0,"max_hp_loss":0,"event_name":"Liars Game","floor":5,"gold_loss":0,"cards_obtained":["Doubt"]},{"damage_healed":0,"gold_gain":0,"player_choice":"Paid Gold","damage_taken":0,"relics_obtained":["Girya"],"max_hp_gain":0,"max_hp_loss":0,"event_name":"WeMeetAgain","floor":10,"gold_loss":98}],"is_beta":false,"boss_relics":[],"items_purged_floors":[],"is_endless":false,"potions_floor_spawned":[3],"killed_by":"3 Louse","ascension_level":3}