{"gold_per_floor":[119,132,61,61,38,73,73,87,110,140,140,140,140,65,65,161,161,176,251,251,341,0,0,18,18,44,44,60,60,93,103,103,203,203,223,223,223,236,118,118,136,150,150,150,150,38,38,52,52,52],"floor_reached":51,"playtime":3265,"items_purged":["Strike_G","Strike_G"],"score":674,"play_id":"eccde7b3-a79c-481e-b022-657097e1140d","local_time":"20190202014420","is_ascension_mode":false,"campfire_choices":[{"data":"Neutralize","floor":7.0,"key":"SMITH"},{"data":"Footwork","floor":13.0,"key":"SMITH"},{"data":"Backflip","floor":15.0,"key":"SMITH"},{"data":"Storm of Steel","floor":23,"key":"SMITH"},{"data":"Cloak And Dagger","floor":25,"key":"SMITH"},{"data":"Backflip","floor":27,"key":"SMITH"},{"data":"Adrenaline","floor":32,"key":"SMITH"},{"data":"Accuracy","floor":40,"key":"SMITH"},{"data":"Storm of Steel","floor":45,"key":"SMITH"},{"data":"Accuracy","floor":47,"key":"SMITH"},{"data":"Backflip","floor":49,"key":"SMITH"}],"neow_cost":"NONE","seed_source_timestamp":0,"circlet_count":0,"master_deck":["Defend_G+1","Defend_G+1","Defend_G+1","Defend_G+1","Defend_G+1","Survivor","Neutralize+1","Blur","Quick Slash","Footwork+1","Cloak And Dagger+1","Dagger Throw","Storm of Steel+1","Backflip+1","Footwork+1","Choke+1","Flying Knee","Backflip+1","Adrenaline+1","Storm of Steel+1","Trip","Accuracy+1","Blur","Accuracy+1"],"special_seed":0,"relics":["Ring of the Snake","Oddly Smooth Stone","Vajra","Juzu Bracelet","Bottled Tornado","Runic Pyramid","Paper Crane","Potion Belt","Red Mask","Philosopher\u0027s Stone","Bag of Marbles","Ornamental Fan"],"potions_floor_usage":[28,33,35,41,50,50,50,50],"damage_taken":[{"damage":3.0,"enemies":"Cultist","floor":1.0,"turns":5.0},{"damage":0.0,"enemies":"2 Louse","floor":2.0,"turns":2.0},{"damage":11.0,"enemies":"3 Sentries","floor":6.0,"turns":16.0},{"damage":0.0,"enemies":"Small Slimes","floor":8.0,"turns":3.0},{"damage":4.0,"enemies":"Gremlin Nob","floor":10.0,"turns":6.0},{"damage":5.0,"enemies":"Hexaghost","floor":16.0,"turns":14.0},{"damage":0.0,"enemies":"Chosen","floor":18.0,"turns":4.0},{"damage":4,"enemies":"2 Thieves","floor":24,"turns":5},{"damage":5,"enemies":"Snake Plant","floor":28,"turns":6},{"damage":2,"enemies":"Masked Bandits","floor":30,"turns":5},{"damage":0,"enemies":"Snecko","floor":31,"turns":4},{"damage":17,"enemies":"Champ","floor":33,"turns":11},{"damage":0,"enemies":"3 Darklings","floor":35,"turns":6},{"damage":0,"enemies":"Orb Walker","floor":38,"turns":3},{"damage":0,"enemies":"4 Shapes","floor":41,"turns":6},{"damage":0,"enemies":"Sphere and 2 Shapes","floor":42,"turns":5},{"damage":0,"enemies":"3 Darklings","floor":48,"turns":4},{"damage":0,"enemies":"Donu and Deca","floor":50,"turns":9}],"seed_played":"-1242897891225808497","potions_obtained":[{"floor":2.0,"key":"GhostInAJar"},{"floor":8.0,"key":"PowerPotion"},{"floor":16.0,"key":"Swift Potion"},{"floor":24,"key":"SkillPotion"},{"floor":28,"key":"SteroidPotion"},{"floor":33,"key":"SteroidPotion"},{"floor":35,"key":"Fruit Juice"},{"floor":41,"key":"Energy Potion"},{"floor":48,"key":"AttackPotion"}],"is_trial":false,"path_per_floor":["$","?","?","?","$","?","?","?","$","?","?","?","?","T"],"character_chosen":"THE_SILENT","items_purchased":["Footwork","Backflip","Paper Crane","Accuracy","Blur","Accuracy","EssenceOfSteel"],"campfire_rested":0,"item_purchase_floors":[3,5,22,39,39,46,46],"current_hp_per_floor":[67,67,67,67,67,56,56,56,56,52,52,45,45,45,45,40,70,70,63,63,49,49,49,45,45,45,45,40,40,38,38,38,21,70,75,75,75,75,75,75,75,75,75,75,75,75,75,75,75,75],"gold":52,"neow_bonus":"RANDOM_COMMON_RELIC","is_prod":false,"is_daily":false,"chose_seed":false,"campfire_upgraded":11,"win_rate":0,"timestamp":1549089860,"path_taken":["M","M","?","?","$","E","R","M","T","E","?","?","R","?","R","BOSS","M","?","?","?","?","R","M","R","T","R","M","?","?","M","R","BOSS","M","?","?","M","$","R","M","M","T","?","R","$","R","M","R","BOSS"],"build_version":"2019-01-23","purchased_purges":2,"victory":true,"max_hp_per_floor":[70,70,70,70,70,70,70,70,70,70,70,70,70,70,70,70,70,70,70,70,70,70,70,70,70,70,70,70,70,70,70,70,70,70,75,75,75,75,75,75,75,75,75,75,75,75,75,75,75,75],"card_choices":[{"not_picked":["Blade Dance","Cloak And Dagger"],"picked":"Blur","floor":1.0},{"not_picked":["Flechettes","Expertise"],"picked":"Quick Slash","floor":2.0},{"not_picked":["Dodge and Roll","Outmaneuver"],"picked":"Cloak And Dagger","floor":6.0},{"not_picked":["Heel Hook","Calculated Gamble","Catalyst"],"picked":"SKIP","floor":8.0},{"not_picked":["Underhanded Strike","Accuracy"],"picked":"Dagger Throw","floor":10.0},{"not_picked":["Unload","Glass Knife"],"picked":"Storm of Steel","floor":16.0},{"not_picked":["Flying Knee","Poisoned Stab"],"picked":"Backflip","floor":18.0},{"not_picked":["Dagger Throw","Noxious Fumes"],"picked":"Choke+1","floor":24},{"not_picked":["Expertise+1","Dagger Throw"],"picked":"Flying Knee","floor":28},{"not_picked":["PiercingWail","Choke"],"picked":"Backflip","floor":30},{"not_picked":["Expertise","Skewer"],"picked":"Adrenaline","floor":31},{"not_picked":["Bullet Time","Adrenaline"],"picked":"Storm of Steel","floor":33},{"not_picked":["PiercingWail+1","Dodge and Roll","Dagger Throw+1"],"picked":"SKIP","floor":35},{"not_picked":["Blind","Purity"],"picked":"Trip","floor":37},{"not_picked":["Deadly Poison","Underhanded Strike","Flying Knee+1"],"picked":"SKIP","floor":38},{"not_picked":["Cloak And Dagger","Well Laid Plans+1","Dagger Spray+1"],"picked":"SKIP","floor":41},{"not_picked":["Predator","Blade Dance+1","Deflect"],"picked":"SKIP","floor":42},{"not_picked":["Expertise+1","Cloak And Dagger","Dagger Throw+1"],"picked":"SKIP","floor":48}],"player_experience":79024,"relics_obtained":[{"floor":6.0,"key":"Vajra"},{"floor":9.0,"key":"Juzu Bracelet"},{"floor":10.0,"key":"Bottled Tornado"},{"floor":26,"key":"Potion Belt"},{"floor":30,"key":"Red Mask"},{"floor":43,"key":"Bag of Marbles"},{"floor":44,"key":"Ornamental Fan"}],"event_choices":[{"cards_removed":["Strike_G"],"damage_healed":0.0,"max_hp_gain":0.0,"max_hp_loss":0.0,"gold_gain":0.0,"event_name":"Bonfire Elementals","player_choice":"Offered Basic","floor":4.0,"gold_loss":0.0,"damage_taken":0.0},{"cards_removed":["Strike_G"],"damage_healed":0.0,"max_hp_gain":0.0,"max_hp_loss":0.0,"gold_gain":0.0,"event_name":"Living Wall","player_choice":"Forget","floor":11.0,"gold_loss":0.0,"damage_taken":0.0},{"cards_removed":["Strike_G"],"damage_healed":0.0,"max_hp_gain":0.0,"max_hp_loss":0.0,"gold_gain":0.0,"event_name":"Golden Wing","player_choice":"Card Removal","floor":12.0,"gold_loss":0.0,"damage_taken":7.0},{"damage_healed":0.0,"max_hp_gain":0.0,"max_hp_loss":0.0,"gold_gain":75.0,"event_name":"FaceTrader","player_choice":"Touch","floor":19.0,"gold_loss":0.0,"damage_taken":7.0},{"damage_healed":0.0,"max_hp_gain":0.0,"max_hp_loss":0.0,"gold_gain":0.0,"event_name":"Duplicator","player_choice":"Copied","floor":20.0,"gold_loss":0.0,"damage_taken":0.0,"cards_obtained":["Footwork"]},{"damage_healed":0.0,"max_hp_gain":0.0,"max_hp_loss":0.0,"gold_gain":90.0,"event_name":"Knowing Skull","player_choice":"GOLD ","floor":21.0,"potions_obtained":[],"gold_loss":0.0,"damage_taken":14.0,"cards_obtained":[]},{"damage_healed":0,"gold_gain":0,"player_choice":"Simplicity","damage_taken":0,"max_hp_gain":0,"max_hp_loss":0,"event_name":"Back to Basics","floor":29,"gold_loss":0,"cards_upgraded":["Defend_G","Defend_G","Defend_G","Defend_G","Defend_G"]},{"damage_healed":0,"gold_gain":0,"player_choice":"Fought Bandits","damage_taken":0,"max_hp_gain":0,"max_hp_loss":0,"event_name":"Masked Bandits","floor":30,"gold_loss":0},{"cards_removed":["Backflip"],"damage_healed":0,"gold_gain":0,"player_choice":"Removed Skill","damage_taken":0,"max_hp_gain":0,"max_hp_loss":0,"event_name":"Falling","floor":36,"gold_loss":0},{"damage_healed":0,"gold_gain":0,"player_choice":"Memory 1","damage_taken":0,"max_hp_gain":0,"max_hp_loss":0,"event_name":"SensoryStone","floor":37,"gold_loss":0}],"is_beta":false,"boss_relics":[{"not_picked":["Empty Cage","Orrery"],"picked":"Runic Pyramid"},{"not_picked":["Fusion Hammer","Astrolabe"],"picked":"Philosopher\u0027s Stone"}],"items_purged_floors":[14,22],"is_endless":false,"potions_floor_spawned":[2,8,16,24,28,33,35,41,48],"ascension_level":0}