{"gold_per_floor":[112,112,112,124,138,138,154,174,174,192,192,192,192,202,202,297,297,310,277,148,164,177,177],"floor_reached":23,"playtime":1526,"items_purged":[],"score":187,"play_id":"62e84469-2d3b-4269-8525-a5536ccede01","local_time":"20190313104054","is_ascension_mode":false,"campfire_choices":[{"data":"Juggernaut","floor":6,"key":"SMITH"},{"data":"Ghostly Armor","floor":11,"key":"SMITH"},{"data":"Dual Wield","floor":15,"key":"SMITH"}],"neow_cost":"NONE","seed_source_timestamp":989886504398794,"circlet_count":0,"master_deck":["Strike_R","Strike_R","Strike_R","Strike_R","Strike_R","Defend_R","Defend_R","Defend_R","Defend_R","Bash","Entrench+1","Ghostly Armor+1","Juggernaut+1","Headbutt","Dual Wield+1","Juggernaut","Whirlwind","Shrug It Off","Good Instincts","Entrench+1","Entrench"],"relics":["Burning Blood","Ice Cream","Philosopher\u0027s Stone"],"potions_floor_usage":[7,16,16,16,22,23],"damage_taken":[{"damage":5,"enemies":"Small Slimes","floor":1,"turns":4},{"damage":6,"enemies":"2 Louse","floor":4,"turns":2},{"damage":1,"enemies":"Jaw Worm","floor":5,"turns":3},{"damage":11,"enemies":"Blue Slaver","floor":7,"turns":4},{"damage":11,"enemies":"Lots of Slimes","floor":8,"turns":5},{"damage":23,"enemies":"Exordium Wildlife","floor":10,"turns":6},{"damage":0,"enemies":"Red Slaver","floor":14,"turns":3},{"damage":63,"enemies":"The Guardian","floor":16,"turns":12},{"damage":22,"enemies":"Spheric Guardian","floor":18,"turns":5},{"damage":24,"enemies":"2 Thieves","floor":19,"turns":5},{"damage":38,"enemies":"Snake Plant","floor":21,"turns":4},{"damage":22,"enemies":"Snecko","floor":22,"turns":5},{"damage":20,"enemies":"Slavers","floor":23,"turns":1}],"seed_played":"2608325892664341266","potions_obtained":[{"floor":4,"key":"Poison Potion"},{"floor":5,"key":"Strength Potion"},{"floor":7,"key":"SteroidPotion"},{"floor":10,"key":"Energy Potion"},{"floor":19,"key":"FearPotion"},{"floor":22,"key":"EssenceOfSteel"}],"is_trial":false,"path_per_floor":["?","?","M","?","T","M"],"character_chosen":"IRONCLAD","items_purchased":["Shrug It Off","Good Instincts"],"campfire_rested":0,"item_purchase_floors":[20,20],"current_hp_per_floor":[88,88,93,93,93,93,88,83,83,66,66,66,66,72,72,15,93,77,59,59,27,11,0],"gold":177,"neow_bonus":"TEN_PERCENT_HP_BONUS","is_prod":false,"is_daily":false,"chose_seed":false,"campfire_upgraded":3,"win_rate":0,"timestamp":1552484454,"path_taken":["M","?","?","M","M","R","?","M","T","M","R","?","?","M","R","BOSS","M","M","$","?","M","E"],"build_version":"2019-01-23","purchased_purges":0,"victory":false,"max_hp_per_floor":[88,88,93,93,93,93,93,93,93,93,93,93,93,93,93,93,93,93,93,93,93,93,93],"card_choices":[{"not_picked":["Warcry","Wild Strike"],"picked":"Entrench","floor":1},{"not_picked":["True Grit","Evolve"],"picked":"Ghostly Armor","floor":4},{"not_picked":["Flex","Clothesline"],"picked":"Juggernaut","floor":5},{"not_picked":["Carnage","Evolve"],"picked":"Headbutt","floor":7},{"not_picked":["Carnage","True Grit","Rupture"],"picked":"SKIP","floor":8},{"not_picked":["Rampage","Heavy Blade","Clash"],"picked":"SKIP","floor":10},{"not_picked":["Havoc","Warcry"],"picked":"Dual Wield","floor":14},{"not_picked":["Exhume","Reaper"],"picked":"Juggernaut","floor":16},{"not_picked":["Twin Strike","Sentinel"],"picked":"Whirlwind","floor":18},{"not_picked":["Blood for Blood","Perfected Strike","Sever Soul+1"],"picked":"SKIP","floor":19},{"not_picked":["Headbutt","Fire Breathing"],"picked":"Entrench+1","floor":21},{"not_picked":["Combust","Clothesline"],"picked":"Entrench","floor":22}],"player_experience":301418,"relics_obtained":[{"floor":13,"key":"Ice Cream"}],"event_choices":[{"damage_healed":0,"gold_gain":0,"player_choice":"Grow","damage_taken":0,"max_hp_gain":0,"max_hp_loss":0,"event_name":"Living Wall","floor":2,"gold_loss":0,"cards_upgraded":["Entrench"]},{"damage_healed":0,"gold_gain":0,"player_choice":"Donut","damage_taken":0,"max_hp_gain":5,"max_hp_loss":0,"event_name":"Big Fish","floor":3,"gold_loss":0},{"damage_healed":0,"gold_gain":0,"player_choice":"Ignored","damage_taken":0,"max_hp_gain":0,"max_hp_loss":0,"event_name":"Liars Game","floor":12,"gold_loss":0}],"is_beta":false,"boss_relics":[{"not_picked":["Astrolabe","Fusion Hammer"],"picked":"Philosopher\u0027s Stone"}],"items_purged_floors":[],"is_endless":false,"potions_floor_spawned":[4,5,7,10,19,22],"killed_by":"Slavers","ascension_level":0}