{"gold_per_floor":[12,26,36,36,36,36,111,111,111,126,142,175,175,204,204,303,303,313,313,313,329,74,108,108,142,195,195,209,209,138,156,156,255,255,273,273,37,50,50,50,50,50,50,64,64,64,64,29,29,29],"floor_reached":51,"playtime":2413,"items_purged":[],"score":805,"play_id":"27beb8b5-0acf-4d6b-9329-dc27c055e58f","local_time":"20190323015419","is_ascension_mode":true,"campfire_choices":[{"data":"Loop","floor":6,"key":"SMITH"},{"data":"Cold Snap","floor":8,"key":"SMITH"},{"floor":13,"key":"REST"},{"floor":15,"key":"REST"},{"data":"Barrage","floor":24,"key":"SMITH"},{"floor":27,"key":"REST"},{"data":"Glacier","floor":29,"key":"SMITH"},{"data":"Defragment","floor":32,"key":"SMITH"},{"data":"Blizzard","floor":40,"key":"SMITH"},{"data":"Machine Learning","floor":42,"key":"SMITH"},{"data":"Reinforced Body","floor":46,"key":"SMITH"},{"data":"Defragment","floor":49,"key":"SMITH"}],"neow_cost":"NO_GOLD","seed_source_timestamp":50737355881100,"circlet_count":0,"master_deck":["Defend_B","Defend_B","Defend_B+1","Defend_B","Zap+1","Dualcast","Loop+1","Cold Snap+1","Capacitor","Loop","Capacitor","Conserve Battery","Machine Learning","Glacier+1","Self Repair","Bite","Bite","Bite","Bite","Bite","Cold Snap+1","Barrage+1","Coolheaded+1","Blizzard+1","Defragment+1","BootSequence","Machine Learning+1","Reinforced Body+1","Defragment+1"],"relics":["Cracked Core","WingedGreaves","Ginger","Lantern","Cables","Sozu","Bottled Tornado","StoneCalendar","Calipers","Pen Nib","War Paint","Strawberry","Bottled Flame"],"potions_floor_usage":[25],"damage_taken":[{"damage":5,"enemies":"Small Slimes","floor":1,"turns":4},{"damage":4,"enemies":"Jaw Worm","floor":2,"turns":4},{"damage":0,"enemies":"2 Louse","floor":3,"turns":2},{"damage":5,"enemies":"Looter","floor":10,"turns":4},{"damage":11,"enemies":"3 Louse","floor":11,"turns":4},{"damage":31,"enemies":"3 Sentries","floor":12,"turns":7},{"damage":19,"enemies":"Lagavulin","floor":14,"turns":6},{"damage":27,"enemies":"Hexaghost","floor":16,"turns":10},{"damage":19,"enemies":"Shell Parasite","floor":18,"turns":6},{"damage":0,"enemies":"Spheric Guardian","floor":21,"turns":3},{"damage":7,"enemies":"Book of Stabbing","floor":23,"turns":10},{"damage":63,"enemies":"Gremlin Leader","floor":25,"turns":7},{"damage":23,"enemies":"Snake Plant","floor":28,"turns":4},{"damage":16,"enemies":"Centurion and Healer","floor":31,"turns":19},{"damage":24,"enemies":"Collector","floor":33,"turns":11},{"damage":14,"enemies":"Orb Walker","floor":35,"turns":4},{"damage":4,"enemies":"3 Shapes","floor":38,"turns":7},{"damage":50,"enemies":"Jaw Worm Horde","floor":44,"turns":7},{"damage":3,"enemies":"Donu and Deca","floor":50,"turns":13}],"seed_played":"-8811515116894125962","potions_obtained":[{"floor":1,"key":"Swift Potion"},{"floor":10,"key":"SpeedPotion"},{"floor":12,"key":"SteroidPotion"}],"is_trial":false,"path_per_floor":["?","?","?","?","?","?","M","?","?","M","T","?"],"character_chosen":"DEFECT","items_purchased":["Bottled Tornado","Defragment","Reinforced Body","War Paint","Defragment"],"campfire_rested":3,"item_purchase_floors":[22,30,37,37,48],"current_hp_per_floor":[70,66,66,66,66,66,55,55,55,50,39,8,30,11,33,6,75,56,56,52,52,52,52,52,14,14,29,21,21,21,52,52,47,52,42,42,42,51,49,49,49,49,56,21,21,21,49,49,49,49],"gold":29,"neow_bonus":"ONE_RARE_RELIC","is_prod":false,"is_daily":false,"chose_seed":false,"campfire_upgraded":9,"win_rate":0,"timestamp":1553320459,"path_taken":["M","M","M","?","?","R","?","R","T","M","M","E","R","E","R","BOSS","M","?","?","M","$","E","R","E","T","R","M","R","$","M","R","BOSS","M","?","$","?","?","R","?","R","T","?","?","R","?","$","R","BOSS"],"build_version":"2019-01-23","purchased_purges":0,"victory":true,"max_hp_per_floor":[75,75,75,75,75,75,75,75,75,75,75,75,75,75,75,75,75,75,75,52,52,52,52,52,52,52,52,52,52,52,52,52,52,52,52,52,52,52,49,49,49,49,56,56,56,56,49,49,49,49],"card_choices":[{"not_picked":["Aggregate","Sweeping Beam"],"picked":"Loop","floor":1},{"not_picked":["Recycle","Rebound"],"picked":"Cold Snap","floor":2},{"not_picked":["Steam Power","Cold Snap"],"picked":"Capacitor","floor":3},{"not_picked":["Barrage","Sweeping Beam"],"picked":"Loop","floor":10},{"not_picked":["Hologram","Skim"],"picked":"Capacitor","floor":11},{"not_picked":["Force Field","Go for the Eyes","Fusion"],"picked":"SKIP","floor":12},{"not_picked":["Steam","Static Discharge"],"picked":"Conserve Battery","floor":14},{"not_picked":["Fission","Buffer"],"picked":"Machine Learning","floor":16},{"not_picked":["Loop","Cold Snap+1"],"picked":"Glacier","floor":18},{"not_picked":["Go for the Eyes","Leap"],"picked":"Cold Snap+1","floor":21},{"not_picked":["Rebound","Go for the Eyes"],"picked":"Barrage","floor":23},{"not_picked":["White Noise","Sweeping Beam+1"],"picked":"Coolheaded+1","floor":25},{"not_picked":["Hologram","Static Discharge"],"picked":"Blizzard","floor":28},{"not_picked":["Ball Lightning+1","Meteor Strike"],"picked":"BootSequence","floor":31},{"not_picked":["Hyperbeam","Meteor Strike"],"picked":"Machine Learning","floor":33},{"not_picked":["Coolheaded","Go for the Eyes+1","Streamline+1"],"picked":"SKIP","floor":35},{"not_picked":["Sunder","Beam Cell+1","Rebound"],"picked":"SKIP","floor":38},{"not_picked":["Scrape+1","Redo","Reprogram+1"],"picked":"SKIP","floor":44}],"player_experience":234542,"relics_obtained":[{"floor":9,"key":"Ginger"},{"floor":12,"key":"Lantern"},{"floor":14,"key":"Cables"},{"floor":23,"key":"StoneCalendar"},{"floor":25,"key":"Calipers"},{"floor":26,"key":"Pen Nib"},{"floor":43,"key":"Strawberry"},{"floor":45,"key":"Bottled Flame"}],"event_choices":[{"damage_healed":0,"gold_gain":0,"player_choice":"Ignored","damage_taken":0,"max_hp_gain":0,"max_hp_loss":0,"event_name":"Liars Game","floor":4,"gold_loss":0},{"cards_removed":["Strike_B"],"damage_healed":0,"gold_gain":0,"player_choice":"Forget","damage_taken":0,"max_hp_gain":0,"max_hp_loss":0,"event_name":"Living Wall","floor":5,"gold_loss":0},{"damage_healed":0,"gold_gain":75,"player_choice":"Gather Gold","damage_taken":11,"max_hp_gain":0,"max_hp_loss":0,"event_name":"World of Goop","floor":7,"gold_loss":0},{"damage_healed":0,"gold_gain":0,"player_choice":"Read","damage_taken":0,"max_hp_gain":0,"max_hp_loss":0,"event_name":"The Library","floor":19,"gold_loss":0,"cards_obtained":["Self Repair"]},{"damage_healed":0,"gold_gain":0,"player_choice":"Became a vampire","damage_taken":0,"max_hp_gain":0,"max_hp_loss":23,"event_name":"Vampires","floor":20,"gold_loss":0,"cards_obtained":["Bite","Bite","Bite","Bite","Bite"]},{"damage_healed":0,"gold_gain":0,"player_choice":"Ignored","damage_taken":0,"max_hp_gain":0,"max_hp_loss":0,"event_name":"SecretPortal","floor":36,"gold_loss":0},{"damage_healed":0,"gold_gain":0,"player_choice":"Max HP","damage_taken":0,"max_hp_gain":0,"max_hp_loss":3,"event_name":"Winding Halls","floor":39,"gold_loss":0},{"damage_healed":0,"gold_gain":0,"player_choice":"Bought 0 Potions","damage_taken":0,"max_hp_gain":0,"max_hp_loss":0,"event_name":"The Woman in Blue","floor":41,"gold_loss":0},{"damage_healed":49,"gold_gain":0,"player_choice":"Heal","damage_taken":0,"max_hp_gain":0,"max_hp_loss":7,"event_name":"The Moai Head","floor":47,"gold_loss":0}],"is_beta":false,"boss_relics":[{"not_picked":["Velvet Choker","FrozenCore"],"picked":"Sozu"},{"not_picked":["Philosopher\u0027s Stone","Coffee Dripper","Snecko Eye"]}],"items_purged_floors":[],"is_endless":false,"potions_floor_spawned":[1,10,12,16,23,28,31,33,35,38],"ascension_level":2}