{"gold_per_floor":[116,134,146,321,335,365,365,380,380,393,393,393,318,338,338,434,434,449,468,468,479,578,578,578,282,359,359,379,397,408,215,215,315,315,331,350,350,366,70,70,88,107,155,167,194,219,245,257,269,281],"floor_reached":50,"playtime":1443,"items_purged":["Defend_R","Defend_R","Defend_R"],"score":527,"play_id":"fd4dc444-ba03-4fed-8131-8b013b5cf203","local_time":"20180731090046","is_ascension_mode":false,"campfire_choices":[{"data":"Flex","floor":7,"key":"SMITH"},{"data":"Double Tap","floor":15,"key":"SMITH"},{"data":"Sword Boomerang","floor":23,"key":"SMITH"},{"data":"Sword Boomerang","floor":27,"key":"SMITH"},{"data":"Inflame","floor":32,"key":"SMITH"},{"data":"Bludgeon","floor":40,"key":"SMITH"},{"data":"Bash","floor":49,"key":"SMITH"}],"neow_cost":"NONE","seed_source_timestamp":1730446348953617,"circlet_count":0,"master_deck":["Strike_R","Strike_R","Strike_R","Strike_R","Strike_R","Defend_R","Bash+1","Flex+1","Sword Boomerang+1","Twin Strike","Inflame+1","Bludgeon+1","Shrug It Off","Pain"],"relics":["Burning Blood","NeowsBlessing","Centennial Puzzle","Shuriken","Singing Bowl","Busted Crown","Blood Vial","TheAbacus","Darkstone Periapt","Cursed Key","Bird Faced Urn","Ice Cream","MawBank"],"potions_floor_usage":[5,10,16,19,30,33,33,38,47,47,47,50],"damage_taken":[{"damage":0,"enemies":"Cultist","floor":1,"turns":1},{"damage":0,"enemies":"Jaw Worm","floor":2,"turns":1},{"damage":0,"enemies":"Small Slimes","floor":3,"turns":1},{"damage":0,"enemies":"2 Fungi Beasts","floor":5,"turns":2},{"damage":28,"enemies":"Gremlin Nob","floor":6,"turns":4},{"damage":16,"enemies":"Large Slime","floor":8,"turns":3},{"damage":3,"enemies":"Blue Slaver","floor":10,"turns":3},{"damage":10,"enemies":"Looter","floor":14,"turns":2},{"damage":29,"enemies":"Hexaghost","floor":16,"turns":7},{"damage":9,"enemies":"3 Byrds","floor":18,"turns":4},{"damage":18,"enemies":"2 Thieves","floor":19,"turns":3},{"damage":10,"enemies":"Chosen and Byrds","floor":21,"turns":4},{"damage":16,"enemies":"Snake Plant","floor":28,"turns":2},{"damage":3,"enemies":"Snecko","floor":29,"turns":3},{"damage":10,"enemies":"Chosen and Byrds","floor":30,"turns":3},{"damage":20,"enemies":"Champ","floor":33,"turns":4},{"damage":10,"enemies":"Orb Walker","floor":35,"turns":2},{"damage":9,"enemies":"Flame Bruiser 1 Orb","floor":36,"turns":2},{"damage":0,"floor":37,"turns":2},{"damage":25,"enemies":"3 Darklings","floor":38,"turns":3},{"damage":19,"enemies":"Sphere and 2 Shapes","floor":41,"turns":3},{"damage":44,"enemies":"Spire Growth","floor":42,"turns":4},{"damage":18,"enemies":"Flame Bruiser 2 Orb","floor":45,"turns":3},{"damage":27,"enemies":"3 Darklings","floor":46,"turns":3},{"damage":21,"enemies":"Spire Growth","floor":47,"turns":2},{"damage":113,"enemies":"Donu and Deca","floor":50,"turns":5}],"seed_played":"7984788884584983861","potions_obtained":[{"floor":1,"key":"GamblersBrew"},{"floor":3,"key":"Explosive Potion"},{"floor":8,"key":"EssenceOfSteel"},{"floor":14,"key":"SkillPotion"},{"floor":16,"key":"Energy Potion"},{"floor":18,"key":"Block Potion"},{"floor":21,"key":"Explosive Potion"},{"floor":30,"key":"Ancient Potion"},{"floor":36,"key":"SkillPotion"},{"floor":37,"key":"SpeedPotion"},{"floor":42,"key":"Fire Potion"},{"floor":47,"key":"PowerPotion"}],"is_trial":false,"path_per_floor":["M","M","M","?","M","E","R","M","T","M","?","T","$","M","R","B",null,"M","M","?","M","?","R","?","$","T","R","M","M","M","$","R","B",null,"M","M","?","M","$","R","M","M","T","?","M","M","M","?","R"],"character_chosen":"IRONCLAD","items_purchased":["TheAbacus","Inflame","Ice Cream"],"campfire_rested":0,"item_purchase_floors":[25,31,39],"current_hp_per_floor":[80,80,80,80,80,58,58,48,48,51,51,51,51,49,49,28,84,83,73,98,96,96,96,96,96,96,96,90,97,97,97,97,85,106,104,105,110,93,93,93,86,54,60,60,54,39,30,112,112,0],"gold":281,"neow_bonus":"THREE_ENEMY_KILL","is_prod":false,"is_daily":false,"chose_seed":false,"campfire_upgraded":7,"win_rate":0,"timestamp":1533042046,"path_taken":["M","M","?","?","M","E","R","M","T","M","?","?","?","M","R","BOSS","M","M","?","M","?","R","?","$","T","R","M","M","?","$","R","BOSS","M","M","?","M","$","R","M","M","T","?","M","M","M","?","R","BOSS"],"build_version":"2018-07-26","purchased_purges":3,"victory":false,"max_hp_per_floor":[80,80,80,80,80,80,80,80,80,80,80,80,80,82,82,84,84,86,88,98,100,100,100,100,100,100,100,102,104,106,106,106,106,106,108,110,110,112,112,112,114,116,122,122,124,126,128,112,112,112],"card_choices":[{"not_picked":["Battle Trance","True Grit"],"picked":"Flex","floor":1},{"not_picked":["Cleave","Pommel Strike","Clash"],"picked":"SKIP","floor":2},{"not_picked":["Corruption","Headbutt"],"picked":"Sword Boomerang","floor":3},{"not_picked":["Infernal Blade","Armaments"],"picked":"Double Tap","floor":5},{"not_picked":["Dual Wield","Anger"],"picked":"Sword Boomerang","floor":6},{"not_picked":["Bloodletting","Headbutt"],"picked":"Twin Strike","floor":8},{"not_picked":["Pommel Strike","Reckless Charge","Wild Strike"],"picked":"SKIP","floor":10},{"not_picked":["Reckless Charge","Searing Blow","Perfected Strike"],"picked":"Singing Bowl","floor":14},{"not_picked":["Brutality","Limit Break","Double Tap"],"picked":"Singing Bowl","floor":16},{"not_picked":["Infernal Blade"],"picked":"Singing Bowl","floor":18},{"not_picked":["Second Wind"],"picked":"Singing Bowl","floor":19},{"not_picked":["Entrench"],"picked":"Singing Bowl","floor":21},{"not_picked":["Heavy Blade"],"picked":"Singing Bowl","floor":28},{"not_picked":["Corruption"],"picked":"Singing Bowl","floor":29},{"not_picked":["Pommel Strike"],"picked":"Singing Bowl","floor":30},{"not_picked":[],"picked":"Bludgeon","floor":33},{"not_picked":["Inflame"],"picked":"Singing Bowl","floor":35},{"not_picked":["Headbutt"],"picked":"Singing Bowl","floor":36},{"not_picked":[],"picked":"Shrug It Off","floor":37},{"not_picked":["Dual Wield"],"picked":"Singing Bowl","floor":38},{"not_picked":["Dropkick"],"picked":"Singing Bowl","floor":41},{"not_picked":["Combust+1"],"picked":"Singing Bowl","floor":42},{"not_picked":["Shrug It Off"],"picked":"Singing Bowl","floor":45},{"not_picked":["Clash"],"picked":"Singing Bowl","floor":46},{"not_picked":["Pummel+1"],"picked":"Singing Bowl","floor":47}],"player_experience":289469,"relics_obtained":[{"floor":6,"key":"Centennial Puzzle"},{"floor":9,"key":"Shuriken"},{"floor":12,"key":"Singing Bowl"},{"floor":26,"key":"Darkstone Periapt"},{"floor":37,"key":"Bird Faced Urn"},{"floor":43,"key":"MawBank"}],"event_choices":[{"event_name":"Liars Game","player_choice":"agreed","floor":4,"damage_taken":0},{"event_name":"Living Wall","player_choice":"Forget","floor":11,"damage_taken":0},{"event_name":"Bonfire Elementals","player_choice":"RARE","floor":20,"damage_taken":0},{"event_name":"Nest","player_choice":"Stole From Cult","floor":22,"damage_taken":0},{"event_name":"The Mausoleum","player_choice":"Yes","floor":24,"damage_taken":0},{"event_name":"MindBloom","player_choice":"Fight","floor":37,"damage_taken":0},{"event_name":"Falling","player_choice":"Removed Attack","floor":44,"damage_taken":0},{"event_name":"The Moai Head","player_choice":"Heal","floor":48,"damage_taken":0}],"is_beta":false,"boss_relics":[{"not_picked":["Black Star","Velvet Choker"],"picked":"Busted Crown"},{"not_picked":["Snecko Eye","Fusion Hammer"],"picked":"Cursed Key"}],"items_purged_floors":[13,25,31],"is_endless":false,"potions_floor_spawned":[1,3,8,14,16,18,21,30,36,37,42,46,47],"killed_by":"Donu and Deca","ascension_level":0}