{"gold_per_floor":[216,216,232,245,245,279,198,198,198,229,245,264,264,275,275,373,373,386,191,201,57,69,69,69,69,69,69,82,82,95,113,113,113],"floor_reached":33,"playtime":3684,"items_purged":[],"score":284,"play_id":"bfbacac3-ec2d-4215-98a2-ad0a728c5dc0","local_time":"20190209152435","is_ascension_mode":false,"campfire_choices":[{"floor":13,"key":"REST"},{"floor":15,"key":"RECALL"},{"data":"Bludgeon","floor":23,"key":"SMITH"},{"data":"Rampage","floor":25,"key":"SMITH"},{"data":"Searing Blow","floor":27,"key":"SMITH"},{"floor":29,"key":"REST"},{"floor":32,"key":"REST"}],"neow_cost":"NONE","seed_source_timestamp":2900720468332,"circlet_count":0,"master_deck":["Strike_R+1","Strike_R","Strike_R","Strike_R","Strike_R","Defend_R","Defend_R","Defend_R","Defend_R","Bash","Iron Wave+1","Pommel Strike","Searing Blow+1","Ghostly Armor","Dual Wield","Bludgeon+1","Whirlwind+1","Rampage+1","Pommel Strike+1","Headbutt","Inflame","Iron Wave","Feed"],"relics":["Burning Blood","Mango","GremlinMask","StoneCalendar","Smiling Mask","Velvet Choker","Dream Catcher","Omamori"],"potions_floor_usage":[10,18,22,30,30,33,33],"damage_taken":[{"damage":2,"enemies":"Small Slimes","floor":1,"turns":4},{"damage":4,"enemies":"Jaw Worm","floor":3,"turns":2},{"damage":0,"enemies":"Cultist","floor":4,"turns":3},{"damage":32,"enemies":"Lagavulin","floor":6,"turns":8},{"damage":48,"enemies":"Gremlin Nob","floor":10,"turns":6},{"damage":10,"enemies":"Exordium Wildlife","floor":11,"turns":4},{"damage":4,"enemies":"Large Slime","floor":12,"turns":7},{"damage":0,"enemies":"Blue Slaver","floor":14,"turns":6},{"damage":18,"enemies":"Slime Boss","floor":16,"turns":7},{"damage":20,"enemies":"Spheric Guardian","floor":18,"turns":5},{"damage":10,"enemies":"2 Thieves","floor":20,"turns":4},{"damage":23,"enemies":"Cultist and Chosen","floor":22,"turns":6},{"damage":32,"enemies":"Sentry and Sphere","floor":28,"turns":5},{"damage":46,"enemies":"Shelled Parasite and Fungi","floor":30,"turns":5},{"damage":21,"enemies":"Snake Plant","floor":31,"turns":3},{"damage":56,"enemies":"Automaton","floor":33,"turns":6}],"seed_played":"-7179662179649774471","potions_obtained":[{"floor":3,"key":"EssenceOfSteel"},{"floor":12,"key":"LiquidBronze"},{"floor":16,"key":"SkillPotion"},{"floor":18,"key":"LiquidBronze"},{"floor":28,"key":"BloodPotion"},{"floor":30,"key":"Dexterity Potion"},{"floor":31,"key":"EssenceOfSteel"}],"is_trial":false,"path_per_floor":["?","?","?","?"],"character_chosen":"IRONCLAD","items_purchased":["Searing Blow","Dream Catcher","SteroidPotion","Omamori"],"campfire_rested":3,"item_purchase_floors":[7,19,19,21],"current_hp_per_floor":[80,64,66,72,77,65,65,65,65,23,19,21,50,56,56,44,99,85,85,81,81,64,64,64,64,64,64,38,67,36,21,50,0],"gold":113,"neow_bonus":"HUNDRED_GOLD","is_prod":false,"is_daily":false,"chose_seed":false,"campfire_upgraded":3,"win_rate":0,"timestamp":1549736675,"path_taken":["M","?","M","M","?","E","$","?","T","E","M","M","R","M","R","BOSS","M","$","M","$","M","R","?","R","T","R","M","R","M","M","R","BOSS"],"build_version":"2019-01-23","purchased_purges":0,"victory":false,"max_hp_per_floor":[80,80,80,80,85,99,99,99,99,99,99,99,99,99,99,99,99,99,99,99,99,99,99,99,99,99,99,99,99,99,99,99,99],"card_choices":[{"not_picked":["Clothesline","Perfected Strike"],"picked":"Iron Wave","floor":1},{"not_picked":["Flame Barrier","Anger"],"picked":"Pommel Strike","floor":3},{"not_picked":["True Grit","Clothesline","Whirlwind"],"picked":"SKIP","floor":4},{"not_picked":["Spot Weakness","Juggernaut","Burning Pact"],"picked":"SKIP","floor":6},{"not_picked":["Fire Breathing","Havoc"],"picked":"Ghostly Armor","floor":10},{"not_picked":["Bloodletting","Rupture"],"picked":"Dual Wield","floor":11},{"not_picked":["Perfected Strike","Pummel","Havoc"],"picked":"SKIP","floor":12},{"not_picked":["Wild Strike","Havoc","Clothesline"],"picked":"SKIP","floor":14},{"not_picked":["Juggernaut","Exhume"],"picked":"Bludgeon","floor":16},{"not_picked":["Armaments","True Grit","Body Slam"],"picked":"SKIP","floor":18},{"not_picked":["Ghostly Armor","Power Through"],"picked":"Whirlwind+1","floor":20},{"not_picked":["Anger","Uppercut+1"],"picked":"Rampage","floor":22},{"not_picked":["Anger","Cleave+1"],"picked":"Pommel Strike+1","floor":28},{"not_picked":["Inflame","Clothesline"],"picked":"Headbutt","floor":29},{"not_picked":["Battle Trance","Armaments"],"picked":"Inflame","floor":30},{"not_picked":["Anger","Dropkick+1"],"picked":"Iron Wave","floor":31},{"not_picked":["Rupture","Havoc"],"picked":"Feed","floor":32}],"player_experience":138552,"relics_obtained":[{"floor":6,"key":"Mango"},{"floor":9,"key":"StoneCalendar"},{"floor":10,"key":"Smiling Mask"}],"event_choices":[{"damage_healed":0,"gold_gain":0,"player_choice":"Entered Light","damage_taken":16,"max_hp_gain":0,"max_hp_loss":0,"event_name":"Shining Light","floor":2,"gold_loss":0,"cards_upgraded":["Iron Wave","Strike_R"]},{"damage_healed":0,"gold_gain":0,"player_choice":"Donut","damage_taken":0,"max_hp_gain":5,"max_hp_loss":0,"event_name":"Big Fish","floor":5,"gold_loss":0},{"damage_healed":0,"gold_gain":0,"player_choice":"Trade","damage_taken":0,"relics_obtained":["GremlinMask"],"max_hp_gain":0,"max_hp_loss":0,"event_name":"FaceTrader","floor":8,"gold_loss":0},{"damage_healed":0,"gold_gain":0,"player_choice":"Smashed Altar","damage_taken":0,"max_hp_gain":0,"max_hp_loss":0,"event_name":"Forgotten Altar","floor":24,"gold_loss":0,"cards_obtained":["Decay"]}],"is_beta":false,"boss_relics":[{"not_picked":["Coffee Dripper","Black Star"],"picked":"Velvet Choker"}],"items_purged_floors":[],"is_endless":false,"potions_floor_spawned":[3,12,16,18,28,30,31],"killed_by":"Automaton","ascension_level":0}