{"gold_per_floor":[210,210,135,151,51,84,84,103,103,103,113,113,127,138,138,240,240,259,259,259,134,150,150,176,190,213,225,225,236,236,86,86,86],"floor_reached":33,"playtime":1685,"items_purged":["Zap","Defend_B","Capacitor","Defend_B+1"],"score":267,"play_id":"76a379a7-c871-4add-a7ba-0892a5100b87","local_time":"20180801140653","is_ascension_mode":false,"campfire_choices":[{"floor":7,"key":"REST"},{"data":"Gash","floor":10,"key":"SMITH"},{"data":"Beam Cell","floor":15,"key":"SMITH"},{"data":"All For One","floor":23,"key":"SMITH"},{"floor":28,"key":"REST"},{"floor":30,"key":"REST"},{"floor":32,"key":"REST"}],"neow_cost":"NONE","seed_source_timestamp":1834972227722785,"circlet_count":0,"master_deck":["Strike_B+1","Strike_B+1","Strike_B+1","Strike_B+1","Defend_B+1","Defend_B+1","Steam Power","Leap","Gash+1","Beam Cell+1","All For One+1","Leap+1"],"relics":["Cracked Core","Gremlin Horn","Happy Flower","Busted Crown","Art of War","Blood Vial"],"potions_floor_usage":[13,13,16,33],"damage_taken":[{"damage":5,"enemies":"2 Louse","floor":1,"turns":2},{"damage":1,"enemies":"Cultist","floor":4,"turns":3},{"damage":40,"enemies":"3 Sentries","floor":6,"turns":12},{"damage":4,"enemies":"Jaw Worm","floor":8,"turns":3},{"damage":9,"enemies":"Exordium Wildlife","floor":11,"turns":4},{"damage":0,"enemies":"Blue Slaver","floor":13,"turns":2},{"damage":7,"enemies":"2 Fungi Beasts","floor":14,"turns":2},{"damage":39,"enemies":"The Guardian","floor":16,"turns":13},{"damage":6,"enemies":"3 Byrds","floor":18,"turns":5},{"damage":2,"enemies":"Shell Parasite","floor":22,"turns":2},{"damage":43,"enemies":"Gremlin Leader","floor":24,"turns":7},{"damage":1,"enemies":"3 Cultists","floor":25,"turns":4},{"damage":12,"enemies":"Sentry and Sphere","floor":27,"turns":4},{"damage":12,"enemies":"Snake Plant","floor":29,"turns":4},{"damage":79,"enemies":"Champ","floor":33,"turns":9}],"seed_played":"-8772830041119508220","potions_obtained":[{"floor":1,"key":"SkillPotion"},{"floor":2,"key":"Ancient Potion"},{"floor":2,"key":"Dexterity Potion"},{"floor":6,"key":"Fire Potion"},{"floor":11,"key":"AttackPotion"},{"floor":18,"key":"Strength Potion"},{"floor":24,"key":"GamblersBrew"},{"floor":25,"key":"EssenceOfSteel"},{"floor":27,"key":"Energy Potion"}],"is_trial":false,"path_per_floor":["M","?","$","M","$","E","R","M","T","R","M","?","M","M","R","B",null,"M","?","?","$","M","R","E","M","T","M","R","M","R","$","R"],"character_chosen":"DEFECT","items_purchased":[],"campfire_rested":4,"item_purchase_floors":[],"current_hp_per_floor":[70,70,70,69,69,29,51,47,47,47,38,63,63,56,56,17,75,69,69,69,69,67,67,24,23,23,13,35,25,47,47,69,0],"gold":86,"neow_bonus":"HUNDRED_GOLD","is_prod":false,"is_daily":false,"chose_seed":false,"campfire_upgraded":3,"win_rate":0,"timestamp":1533146813,"path_taken":["M","?","?","M","$","E","R","M","T","R","M","?","M","M","R","BOSS","M","?","?","$","M","R","E","?","T","?","R","M","R","?","R","BOSS"],"build_version":"2018-07-26","purchased_purges":4,"victory":false,"max_hp_per_floor":[75,75,75,75,75,75,75,75,75,75,75,75,75,75,75,75,75,75,75,75,75,75,75,75,75,75,75,75,75,75,75,75,75],"card_choices":[{"not_picked":["Hologram","Static Discharge"],"picked":"Steam Power","floor":1},{"not_picked":["Ball Lightning","Skim"],"picked":"Leap","floor":4},{"not_picked":["Ball Lightning","White Noise"],"picked":"Gash","floor":6},{"not_picked":["Go for the Eyes","Rip and Tear"],"picked":"Beam Cell","floor":8},{"not_picked":["Turbo","Ball Lightning","Fusion"],"picked":"SKIP","floor":11},{"not_picked":["Melter","Tempest","Doom and Gloom"],"picked":"SKIP","floor":13},{"not_picked":["Ball Lightning","Self Repair","Doom and Gloom"],"picked":"SKIP","floor":14},{"not_picked":["Core Surge","Machine Learning"],"picked":"All For One","floor":16},{"not_picked":["Chill"],"picked":"SKIP","floor":18},{"not_picked":["Stack"],"picked":"SKIP","floor":22},{"not_picked":["Auto Shields+1"],"picked":"SKIP","floor":24},{"not_picked":["Stack"],"picked":"SKIP","floor":25},{"not_picked":[],"picked":"Leap+1","floor":27},{"not_picked":["Blizzard"],"picked":"SKIP","floor":29}],"player_experience":313607,"relics_obtained":[{"floor":6,"key":"Gremlin Horn"},{"floor":9,"key":"Happy Flower"},{"floor":24,"key":"Art of War"},{"floor":26,"key":"Blood Vial"}],"event_choices":[{"event_name":"The Lab","player_choice":"Got Potions","floor":2,"damage_taken":0},{"event_name":"Big Fish","player_choice":"Banana","floor":12,"damage_taken":0},{"event_name":"Back to Basics","player_choice":"Simplicity","floor":19,"damage_taken":0},{"event_name":"Transmorgrifier","player_choice":"Transform","floor":20,"damage_taken":0}],"is_beta":false,"boss_relics":[{"not_picked":["Fusion Hammer","Lizard Tail"],"picked":"Busted Crown"}],"items_purged_floors":[3,5,21,31],"is_endless":false,"potions_floor_spawned":[1,6,8,11,18,24,25,27],"killed_by":"Champ","ascension_level":0}