{"gold_per_floor":[119,69,80,5,21,49,49,66,66,77,90,109,125,140,140,140],"floor_reached":16,"playtime":462,"items_purged":["Defend_R"],"score":108,"play_id":"f9c1927b-546b-4a7b-88d4-1c92663bfb2b","local_time":"20180706000323","is_ascension_mode":false,"campfire_choices":[{"floor":7,"key":"REST"},{"floor":15,"key":"REST"}],"neow_cost":"","seed_source_timestamp":1289438319958917,"circlet_count":0,"master_deck":["Strike_R","Strike_R","Strike_R","Strike_R","Strike_R","Defend_R","Defend_R","Bash","Wild Strike","Searing Blow","Pommel Strike","Flex","Double Tap"],"relics":["Burning Blood","Pantograph","Torii"],"potions_floor_usage":[14,14,16,16],"damage_taken":[{"damage":12,"enemies":"2 Louse","floor":1,"turns":3},{"damage":6,"enemies":"Cultist","floor":3,"turns":3},{"damage":8,"enemies":"Small Slimes","floor":5,"turns":3},{"damage":56,"enemies":"3 Sentries","floor":6,"turns":9},{"damage":21,"enemies":"Red Slaver","floor":8,"turns":4},{"damage":10,"enemies":"Looter","floor":10,"turns":2},{"damage":7,"enemies":"Lots of Slimes","floor":11,"turns":4},{"damage":19,"enemies":"2 Fungi Beasts","floor":12,"turns":3},{"damage":12,"enemies":"Large Slime","floor":13,"turns":4},{"damage":1,"enemies":"Blue Slaver","floor":14,"turns":2},{"damage":61,"enemies":"The Guardian","floor":16,"turns":7}],"seed_played":"465395227080716661","potions_obtained":[{"floor":1,"key":"SteroidPotion"},{"floor":8,"key":"SpeedPotion"},{"floor":10,"key":"SkillPotion"},{"floor":11,"key":"AttackPotion"},{"floor":14,"key":"Strength Potion"}],"is_trial":false,"path_per_floor":["M","?","M","$","M","E","R","M","T","M","M","M","M","M","R"],"character_chosen":"IRONCLAD","items_purchased":[],"campfire_rested":2,"item_purchase_floors":[],"current_hp_per_floor":[74,74,74,74,72,22,46,31,31,27,26,13,7,12,36,0],"gold":140,"neow_bonus":"","is_prod":false,"is_daily":false,"chose_seed":false,"campfire_upgraded":0,"win_rate":0.0,"timestamp":1530849803,"path_taken":["M","?","M","$","M","E","R","M","T","?","M","M","M","M","R","BOSS"],"build_version":"2018-06-28","purchased_purges":1,"victory":false,"max_hp_per_floor":[80,80,80,80,80,80,80,80,80,80,80,80,80,80,80,80],"card_choices":[{"not_picked":["Feel No Pain","Body Slam","Second Wind"],"picked":"SKIP","floor":1},{"not_picked":["True Grit","Clothesline"],"picked":"Wild Strike","floor":3},{"not_picked":["Dropkick","Shrug It Off","Havoc"],"picked":"SKIP","floor":5},{"not_picked":["Fiend Fire","Second Wind","Combust"],"picked":"SKIP","floor":6},{"not_picked":["Body Slam","Twin Strike"],"picked":"Searing Blow","floor":8},{"not_picked":["Anger","Fire Breathing"],"picked":"Pommel Strike","floor":10},{"not_picked":["Warcry","Disarm","Body Slam"],"picked":"SKIP","floor":11},{"not_picked":["Warcry","Disarm","Body Slam"],"picked":"SKIP","floor":11},{"not_picked":["Sword Boomerang","Heavy Blade","Spot Weakness"],"picked":"SKIP","floor":12},{"not_picked":["Rupture","Twin Strike"],"picked":"Flex","floor":13},{"not_picked":["Uppercut","Hemokinesis"],"picked":"Double Tap","floor":14}],"player_experience":68583,"relics_obtained":[{"floor":6,"key":"Pantograph"},{"floor":9,"key":"Torii"}],"event_choices":[{"event_name":"The Cleric","player_choice":"Card Removal","floor":2,"damage_taken":0}],"boss_relics":[],"items_purged_floors":[4],"is_endless":false,"potions_floor_spawned":[1,8,10,11,14],"killed_by":"The Guardian","ascension_level":0}