{"gold_per_floor":[113,127,137,137,137,167,179,179,204,218,218,230,247,269,269,371,371,336,193,213,232,249,249,19,19,66,77,97,97,0,15,15,114,114,129,229,229,229,229,229,242,193,193,193,219,234,246,246],"floor_reached":48,"playtime":5788,"items_purged":[],"score":516,"play_id":"26d7d0fa-5475-4311-99a8-15cb2c3b8980","local_time":"20190211114915","is_ascension_mode":false,"campfire_choices":[{"floor":11,"key":"RECALL"},{"data":"Metallicize","floor":15,"key":"SMITH"},{"data":"Limit Break","floor":23,"key":"SMITH"},{"data":"Metallicize","floor":25,"key":"SMITH"},{"floor":29,"key":"REST"},{"data":"Metallicize","floor":32,"key":"SMITH"},{"data":"Barricade","floor":40,"key":"SMITH"},{"data":"Metallicize","floor":44,"key":"SMITH"}],"neow_cost":"NONE","seed_source_timestamp":2782937069971,"circlet_count":0,"master_deck":["Strike_R","Strike_R","Defend_R","Defend_R","Defend_R","Defend_R","Bash","Iron Wave","Metallicize+1","Metallicize+1","Headbutt","Iron Wave","Pommel Strike","Demon Form","Limit Break+1","Headbutt+1","Metallicize+1","Headbutt","Pommel Strike","Inflame","Iron Wave","Body Slam+1","Body Slam","Barricade+1","Sentinel+1","Metallicize+1","Dramatic Entrance","Body Slam+1","Body Slam","Parasite","Inflame+1"],"relics":["Burning Blood","Art of War","Odd Mushroom","Velvet Choker","Pen Nib","Bag of Preparation","Oddly Smooth Stone","Cursed Key","Ginger","Bronze Scales"],"potions_floor_usage":[6,7,14,16,31,33,36,45,45,48,48],"damage_taken":[{"damage":10,"enemies":"Jaw Worm","floor":1,"turns":4},{"damage":0,"enemies":"Small Slimes","floor":2,"turns":4},{"damage":0,"enemies":"2 Louse","floor":3,"turns":3},{"damage":9,"enemies":"Gremlin Nob","floor":6,"turns":7},{"damage":21,"enemies":"Lots of Slimes","floor":7,"turns":2},{"damage":7,"enemies":"Blue Slaver","floor":10,"turns":5},{"damage":5,"enemies":"Looter","floor":12,"turns":4},{"damage":1,"enemies":"2 Fungi Beasts","floor":13,"turns":4},{"damage":15,"enemies":"The Mushroom Lair","floor":14,"turns":7},{"damage":38,"enemies":"Slime Boss","floor":16,"turns":13},{"damage":19,"enemies":"2 Thieves","floor":18,"turns":5},{"damage":5,"enemies":"Chosen","floor":20,"turns":4},{"damage":37,"enemies":"Centurion and Healer","floor":21,"turns":6},{"damage":10,"enemies":"Sentry and Sphere","floor":22,"turns":6},{"damage":0,"enemies":"Cultist and Chosen","floor":27,"turns":6},{"damage":8,"enemies":"3 Cultists","floor":28,"turns":7},{"damage":13,"enemies":"Snake Plant","floor":31,"turns":5},{"damage":38,"enemies":"Collector","floor":33,"turns":9},{"damage":6,"enemies":"Orb Walker","floor":35,"turns":3},{"damage":28,"enemies":"Mind Bloom Boss Battle","floor":36,"turns":6},{"damage":6,"enemies":"3 Shapes","floor":41,"turns":6},{"damage":15,"enemies":"Reptomancer","floor":45,"turns":7},{"damage":11,"enemies":"3 Darklings","floor":46,"turns":6},{"damage":22,"enemies":"Writhing Mass","floor":47,"turns":5},{"damage":45,"enemies":"Maw","floor":48,"turns":7}],"seed_played":"-4406608602980697509","potions_obtained":[{"floor":2,"key":"SteroidPotion"},{"floor":6,"key":"AttackPotion"},{"floor":10,"key":"FearPotion"},{"floor":14,"key":"Block Potion"},{"floor":18,"key":"SteroidPotion"},{"floor":28,"key":"PowerPotion"},{"floor":31,"key":"AttackPotion"},{"floor":33,"key":"AttackPotion"},{"floor":36,"key":"SkillPotion"},{"floor":46,"key":"Strength Potion"}],"is_trial":false,"path_per_floor":["?","?","?","M","?","?","?","?","?","?"],"character_chosen":"IRONCLAD","items_purchased":["Pen Nib","Inflame","Bag of Preparation","Block Potion"],"campfire_rested":1,"item_purchase_floors":[19,24,24,42],"current_hp_per_floor":[84,88,88,81,78,75,60,60,60,59,59,60,65,56,56,24,88,75,75,76,45,41,41,41,41,41,47,45,71,71,64,64,32,88,88,66,66,66,66,66,66,66,66,66,57,52,36,0],"gold":246,"neow_bonus":"TEN_PERCENT_HP_BONUS","is_prod":false,"is_daily":false,"chose_seed":false,"campfire_upgraded":6,"win_rate":0,"timestamp":1549896555,"path_taken":["M","M","M","?","?","E","M","?","T","M","R","?","M","?","R","BOSS","M","$","M","M","M","R","$","R","T","M","M","R","?","M","R","BOSS","M","?","?","?","?","R","M","$","T","R","E","M","M","M"],"build_version":"2019-01-23","purchased_purges":0,"victory":false,"max_hp_per_floor":[88,88,88,88,88,88,88,88,88,88,88,88,88,88,88,88,88,88,88,88,88,88,88,88,88,88,88,88,88,88,88,88,88,88,88,88,88,88,88,88,88,88,88,88,88,88,88,88],"card_choices":[{"not_picked":["Warcry","Havoc"],"picked":"Iron Wave","floor":1},{"not_picked":["Seeing Red","Twin Strike"],"picked":"Metallicize","floor":2},{"not_picked":["Sword Boomerang","Iron Wave"],"picked":"Metallicize","floor":3},{"not_picked":["Shockwave","Clothesline","Warcry"],"picked":"SKIP","floor":6},{"not_picked":["Intimidate","Pommel Strike"],"picked":"Headbutt","floor":7},{"not_picked":["Clothesline","Shockwave"],"picked":"Pommel Strike","floor":10},{"not_picked":["Wild Strike","Clothesline","Shockwave"],"picked":"SKIP","floor":12},{"not_picked":["Blood for Blood","Sentinel"],"picked":"Demon Form","floor":13},{"not_picked":["Offering","Feed"],"picked":"Limit Break","floor":16},{"not_picked":["Perfected Strike","Anger"],"picked":"Headbutt+1","floor":18},{"not_picked":["Shrug It Off","Havoc+1"],"picked":"Metallicize","floor":20},{"not_picked":["Anger+1","Havoc+1"],"picked":"Headbutt","floor":21},{"not_picked":["Clothesline+1","Havoc"],"picked":"Pommel Strike","floor":22},{"not_picked":["Exhume","Heavy Blade"],"picked":"Iron Wave","floor":27},{"not_picked":["Combust+1","Twin Strike"],"picked":"Body Slam+1","floor":28},{"not_picked":["Clash","Intimidate+1"],"picked":"Body Slam","floor":31},{"not_picked":["Demon Form","Feed"],"picked":"Barricade","floor":33},{"not_picked":["Corruption","Pommel Strike+1"],"picked":"Sentinel+1","floor":35},{"not_picked":["Anger+1","Pommel Strike"],"picked":"Metallicize","floor":36},{"not_picked":["Metamorphosis","Flash of Steel"],"picked":"Dramatic Entrance","floor":39},{"not_picked":["Hemokinesis+1","Uppercut+1"],"picked":"Body Slam+1","floor":41},{"not_picked":["Armaments+1","True Grit"],"picked":"Body Slam","floor":45},{"not_picked":["Clash","Thunderclap","Havoc+1"],"picked":"SKIP","floor":46},{"not_picked":["Reckless Charge+1","Perfected Strike+1"],"picked":"Inflame+1","floor":47}],"player_experience":156713,"relics_obtained":[{"floor":6,"key":"Art of War"},{"floor":14,"key":"Odd Mushroom"},{"floor":26,"key":"Oddly Smooth Stone"},{"floor":36,"key":"Ginger"},{"floor":45,"key":"Bronze Scales"}],"event_choices":[{"cards_removed":["Strike_R"],"damage_healed":0,"gold_gain":0,"player_choice":"Card Removal","damage_taken":7,"max_hp_gain":0,"max_hp_loss":0,"event_name":"Golden Wing","floor":4,"gold_loss":0},{"damage_healed":0,"gold_gain":0,"player_choice":"Fled","damage_taken":3,"max_hp_gain":0,"max_hp_loss":0,"event_name":"Scrap Ooze","floor":5,"gold_loss":0},{"cards_removed":["Strike_R"],"damage_healed":0,"gold_gain":0,"player_choice":"Took Card","damage_taken":0,"max_hp_gain":0,"max_hp_loss":0,"event_name":"NoteForYourself","floor":8,"gold_loss":0,"cards_obtained":["Iron Wave"]},{"damage_healed":0,"gold_gain":0,"player_choice":"Fought Mushrooms","damage_taken":0,"max_hp_gain":0,"max_hp_loss":0,"event_name":"Mushrooms","floor":14,"gold_loss":0},{"damage_healed":0,"gold_gain":0,"player_choice":"Paid Fearfully","damage_taken":0,"max_hp_gain":0,"max_hp_loss":0,"event_name":"Masked Bandits","floor":30,"gold_loss":97},{"damage_healed":0,"gold_gain":0,"player_choice":"Fight","damage_taken":0,"max_hp_gain":0,"max_hp_loss":0,"event_name":"MindBloom","floor":36,"gold_loss":0},{"cards_removed":["Strike_R"],"damage_healed":0,"gold_gain":0,"player_choice":"Removed Attack","damage_taken":0,"max_hp_gain":0,"max_hp_loss":0,"event_name":"Falling","floor":37,"gold_loss":0},{"damage_healed":0,"gold_gain":0,"player_choice":"Ignored","damage_taken":0,"max_hp_gain":0,"max_hp_loss":0,"event_name":"Tomb of Lord Red Mask","floor":38,"gold_loss":0},{"damage_healed":0,"gold_gain":0,"player_choice":"Memory 1","damage_taken":0,"max_hp_gain":0,"max_hp_loss":0,"event_name":"SensoryStone","floor":39,"gold_loss":0}],"is_beta":false,"boss_relics":[{"not_picked":["Philosopher\u0027s Stone","Empty Cage"],"picked":"Velvet Choker"},{"not_picked":["Black Blood","Runic Cube"],"picked":"Cursed Key"}],"items_purged_floors":[],"is_endless":false,"potions_floor_spawned":[2,6,10,14,18,28,31,33,36,46],"killed_by":"Maw","ascension_level":0}