{"gold_per_floor":[115,115,115,136,311,311,324,324,377,416,431,431,464,479,479,600,600,613,629,544,544,563,563,215,215,215,67,67,102,102,25,25,126,126,144,64,75,75,1,1,73,73,96,96,142,142,159,179,179,179],"floor_reached":51,"playtime":1291,"items_purged":["Defend_R","Defend_R"],"score":909,"play_id":"8fef632d-3b62-4734-b3c1-45bf8c8618d9","local_time":"20180706022153","is_ascension_mode":false,"campfire_choices":[{"data":"Flex","floor":8,"key":"SMITH"},{"floor":12,"key":"REST"},{"data":"Flex","floor":15,"key":"SMITH"},{"floor":23,"key":"REST"},{"data":"Sword Boomerang","floor":25,"key":"SMITH"},{"data":"Offering","floor":28,"key":"SMITH"},{"floor":32,"key":"REST"},{"floor":40,"key":"REST"},{"data":"Whirlwind","floor":42,"key":"SMITH"},{"data":"J.A.X.","floor":44,"key":"SMITH"},{"floor":49,"key":"REST"}],"neow_cost":"NONE","seed_source_timestamp":1296900593896623,"circlet_count":0,"master_deck":["Strike_R","Strike_R","Strike_R","Strike_R","Strike_R","Defend_R","Bash","Perfected Strike+1","Doubt","Cleave","Flex+1","Flex+1","Seeing Red","Offering+1","Sword Boomerang+1","Bludgeon+1","Thunderclap","J.A.X.+1","Whirlwind+1","Limit Break","Inflame","Thunderclap+1","Inflame"],"relics":["Burning Blood","NeowsBlessing","Bloody Idol","Bag of Preparation","Singing Bowl","Paper Frog","Odd Mushroom","Velvet Choker","Juzu Bracelet","Whetstone","Shuriken","Dream Catcher","Lizard Tail","Bird Faced Urn","Gremlin Horn","Strawberry","Sundial"],"potions_floor_usage":[16,16,16,22,38,50,50,50],"damage_taken":[{"damage":0,"enemies":"Cultist","floor":1,"turns":1},{"damage":0,"enemies":"Small Slimes","floor":4,"turns":1},{"damage":0,"enemies":"Jaw Worm","floor":7,"turns":1},{"damage":36,"enemies":"Gremlin Nob","floor":10,"turns":5},{"damage":12,"enemies":"3 Louse","floor":11,"turns":2},{"damage":18,"floor":13,"turns":4},{"damage":16,"enemies":"Large Slime","floor":14,"turns":5},{"damage":30,"enemies":"Slime Boss","floor":16,"turns":9},{"damage":9,"enemies":"Spheric Guardian","floor":18,"turns":3},{"damage":34,"enemies":"2 Thieves","floor":19,"turns":3},{"damage":42,"enemies":"3 Cultists","floor":22,"turns":6},{"damage":32,"enemies":"Slavers","floor":29,"turns":3},{"damage":58,"enemies":"Collector","floor":33,"turns":6},{"damage":43,"enemies":"3 Darklings","floor":35,"turns":4},{"damage":10,"enemies":"Orb Walker","floor":37,"turns":2},{"damage":26,"floor":38,"turns":3},{"damage":18,"floor":45,"turns":2},{"damage":70,"enemies":"Maw","floor":47,"turns":6},{"damage":13,"enemies":"4 Shapes","floor":48,"turns":1},{"damage":92,"enemies":"Time Eater","floor":50,"turns":7}],"seed_played":"5793818266937563869","potions_obtained":[{"floor":4,"key":"Strength Potion"},{"floor":11,"key":"SteroidPotion"},{"floor":14,"key":"Poison Potion"},{"floor":18,"key":"Weak Potion"},{"floor":29,"key":"SpeedPotion"},{"floor":33,"key":"Dexterity Potion"},{"floor":35,"key":"Weak Potion"},{"floor":45,"key":"SteroidPotion"}],"is_trial":false,"path_per_floor":["M","?","T","M","?","?","M","R","T","E","M","R","?","M","R","B",null,"M","M","?","?","M","R","$","R","T","$","R","E","$","?","R","B",null,"M","$","M","?","$","R","T","R","T","R","?","?","M","M","R","B"],"character_chosen":"IRONCLAD","items_purchased":["Sword Boomerang","Bludgeon","Whetstone","Thunderclap","Inflame","Inflame"],"campfire_rested":5,"item_purchase_floors":[24,24,24,27,36,39],"current_hp_per_floor":[80,60,60,66,66,66,72,72,72,42,38,62,50,42,42,18,84,83,57,57,57,28,55,55,55,55,55,55,36,36,36,63,16,92,62,62,65,45,45,75,80,80,92,92,91,93,40,40,75,56],"gold":179,"neow_bonus":"THREE_ENEMY_KILL","is_prod":false,"is_daily":false,"chose_seed":false,"campfire_upgraded":6,"win_rate":0.0,"timestamp":1530858113,"path_taken":["M","?","?","M","?","?","?","R","T","E","M","R","?","M","R","BOSS","M","M","?","?","M","R","$","R","T","$","R","E","$","?","R","BOSS","M","$","M","?","$","R","?","R","T","R","?","?","M","M","R","BOSS"],"build_version":"2018-06-28","purchased_purges":2,"victory":true,"max_hp_per_floor":[80,80,80,80,80,80,80,80,80,80,82,82,82,84,84,84,84,86,88,88,88,90,90,90,90,90,90,90,92,92,92,92,92,92,94,94,96,96,96,98,98,98,105,105,107,109,111,113,115,115],"card_choices":[{"not_picked":["Headbutt","Rage"],"picked":"Perfected Strike","floor":1},{"not_picked":["Cleave","Pommel Strike","Iron Wave"],"picked":"SKIP","floor":4},{"not_picked":["Armaments","Shrug It Off"],"picked":"Flex","floor":7},{"not_picked":["Twin Strike","Body Slam"],"picked":"Flex","floor":10},{"not_picked":["Feel No Pain","Dark Embrace","Warcry"],"picked":"Singing Bowl","floor":11},{"not_picked":["Reckless Charge","Corruption"],"picked":"Seeing Red","floor":13},{"not_picked":["Dual Wield","Burning Pact","Combust"],"picked":"Singing Bowl","floor":14},{"not_picked":["Immolate","Double Tap"],"picked":"Offering","floor":16},{"not_picked":["Metallicize","Shrug It Off","Iron Wave"],"picked":"Singing Bowl","floor":18},{"not_picked":["Second Wind","Dual Wield","Headbutt"],"picked":"Singing Bowl","floor":19},{"not_picked":["Heavy Blade","Twin Strike","Infernal Blade"],"picked":"Singing Bowl","floor":22},{"not_picked":["Cleave","Dropkick+1","Metallicize"],"picked":"Singing Bowl","floor":29},{"not_picked":["Perfected Strike","Combust+1"],"picked":"Whirlwind","floor":32},{"not_picked":["Demon Form","Dark Embrace"],"picked":"Limit Break","floor":33},{"not_picked":["Carnage+1","Wild Strike","Fire Breathing+1"],"picked":"Singing Bowl","floor":35},{"not_picked":["Blood for Blood","Uppercut+1","Clothesline"],"picked":"Singing Bowl","floor":37},{"not_picked":["Havoc","Flame Barrier+1"],"picked":"Thunderclap+1","floor":38},{"not_picked":["Thunderclap","Warcry","Anger"],"picked":"Singing Bowl","floor":40},{"not_picked":["Iron Wave","Dropkick","Twin Strike"],"picked":"Singing Bowl","floor":45},{"not_picked":["Panacea","Dark Shackles","Madness"],"picked":"Singing Bowl","floor":46},{"not_picked":["Blood for Blood","Carnage+1","True Grit+1"],"picked":"Singing Bowl","floor":47},{"not_picked":["Power Through","Havoc+1","Heavy Blade"],"picked":"Singing Bowl","floor":48},{"not_picked":["Feed","Perfected Strike","Headbutt+1"],"picked":"Singing Bowl","floor":49}],"player_experience":75263,"relics_obtained":[{"floor":3,"key":"Bag of Preparation"},{"floor":9,"key":"Singing Bowl"},{"floor":10,"key":"Paper Frog"},{"floor":13,"key":"Odd Mushroom"},{"floor":26,"key":"Shuriken"},{"floor":29,"key":"Dream Catcher"},{"floor":38,"key":"Bird Faced Urn"},{"floor":41,"key":"Gremlin Horn"},{"floor":43,"key":"Strawberry"},{"floor":45,"key":"Sundial"}],"event_choices":[{"event_name":"Golden Idol","player_choice":"Take Damage","floor":2,"damage_taken":0},{"event_name":"Liars Game","player_choice":"agreed","floor":5,"damage_taken":0},{"event_name":"Transmorgrifier","player_choice":"Transform","floor":6,"damage_taken":0},{"event_name":"Mushrooms","player_choice":"Fought Mushrooms","floor":13,"damage_taken":0},{"event_name":"Addict","player_choice":"Obtained Relic","floor":20,"damage_taken":0},{"event_name":"Forgotten Altar","player_choice":"Gave Idol","floor":21,"damage_taken":0},{"event_name":"Drug Dealer","player_choice":"Got JAXXED","floor":31,"damage_taken":0},{"event_name":"MindBloom","player_choice":"Fight","floor":38,"damage_taken":0},{"event_name":"Mysterious Sphere","player_choice":"Fight","floor":45,"damage_taken":0},{"event_name":"SensoryStone","player_choice":"Memory 1","floor":46,"damage_taken":0}],"boss_relics":[{"not_picked":["Runic Pyramid","Astrolabe"],"picked":"Velvet Choker"},{"not_picked":["Black Blood","Philosopher\u0027s Stone"],"picked":"Lizard Tail"}],"items_purged_floors":[24,27],"is_endless":false,"potions_floor_spawned":[4,11,14,18,29,33,35,45,47],"ascension_level":0}