{"gold_per_floor":[113,132,150,98,98,98,132,132,132,132,11,32,32,48,48,179,179,193,193,193,93,109,109,125,148,148,148,4,22,22,38,38,168,168,186,205,80,95,95,95,110,110,110,443,139,139,139,0,0,0],"floor_reached":51,"playtime":1851,"items_purged":["Defend_R","Strike_R","Bash+1","Strike_R"],"score":770,"play_id":"0ff24c79-53c6-42dd-986a-c3516dcfb918","local_time":"20180801145452","is_ascension_mode":false,"campfire_choices":[{"data":"Flex","floor":6,"key":"SMITH"},{"data":"Thunderclap","floor":10,"key":"SMITH"},{"floor":13,"key":"REST"},{"data":"Offering","floor":15,"key":"SMITH"},{"data":"Pommel Strike","floor":23,"key":"SMITH"},{"data":"Offering","floor":30,"key":"SMITH"},{"floor":32,"key":"REST"},{"data":"Defend_R","floor":40,"key":"SMITH"},{"data":"Madness","floor":47,"key":"SMITH"},{"data":"Madness","floor":49,"key":"SMITH"}],"neow_cost":"NONE","seed_source_timestamp":1837669422995919,"circlet_count":0,"master_deck":["Strike_R+1","Strike_R+1","Defend_R+1","Thunderclap+1","Flex+1","Offering+1","Pommel Strike+1","Offering+1","Pommel Strike+1","Rampage+1","Madness+1","Madness+1"],"relics":["Burning Blood","Singing Bowl","Frozen Egg 2","Empty Cage","Question Card","Sozu","Boot","Whetstone","Red Mask"],"potions_floor_usage":[16,16,33,33,50,50],"damage_taken":[{"damage":6,"enemies":"Cultist","floor":1,"turns":3},{"damage":11,"enemies":"2 Louse","floor":2,"turns":2},{"damage":10,"enemies":"Small Slimes","floor":3,"turns":3},{"damage":28,"enemies":"3 Sentries","floor":7,"turns":7},{"damage":15,"enemies":"Looter","floor":12,"turns":2},{"damage":5,"enemies":"Exordium Wildlife","floor":14,"turns":2},{"damage":42,"enemies":"The Guardian","floor":16,"turns":6},{"damage":15,"enemies":"Chosen","floor":18,"turns":3},{"damage":15,"enemies":"Spheric Guardian","floor":22,"turns":3},{"damage":20,"enemies":"Snecko","floor":24,"turns":3},{"damage":15,"enemies":"Chosen and Byrds","floor":25,"turns":2},{"damage":10,"enemies":"Centurion and Healer","floor":29,"turns":1},{"damage":10,"enemies":"3 Cultists","floor":31,"turns":1},{"damage":10,"enemies":"Collector","floor":33,"turns":2},{"damage":10,"enemies":"3 Darklings","floor":35,"turns":1},{"damage":5,"enemies":"Orb Walker","floor":36,"turns":1},{"damage":10,"enemies":"Spire Growth","floor":38,"turns":1},{"damage":5,"enemies":"4 Shapes","floor":41,"turns":1},{"damage":65,"enemies":"Awakened One","floor":50,"turns":4}],"seed_played":"1176522083799267643","potions_obtained":[{"floor":1,"key":"Swift Potion"},{"floor":3,"key":"PowerPotion"},{"floor":14,"key":"PowerPotion"},{"floor":16,"key":"Ancient Potion"},{"floor":22,"key":"GamblersBrew"},{"floor":24,"key":"Explosive Potion"},{"floor":33,"key":"GamblersBrew"}],"is_trial":false,"path_per_floor":["M","M","M","$","?","R","E","?","T","R","$","M","R","M","R","B",null,"M","?","?","$","M","R","M","M","T","$","$","M","R","M","R","B",null,"M","M","$","M","?","R","M","$","T","?","$","?","R","?","R","B"],"character_chosen":"IRONCLAD","items_purchased":["Flex","Pommel Strike","Offering","Whetstone"],"campfire_rested":2,"item_purchase_floors":[4,11,28,45],"current_hp_per_floor":[80,75,71,71,71,71,49,42,42,42,42,35,57,60,60,26,80,73,73,73,73,66,66,54,47,47,47,47,45,45,43,70,68,94,90,93,93,91,91,91,92,92,92,92,92,80,80,80,80,21],"gold":0,"neow_bonus":"REMOVE_CARD","is_prod":false,"is_daily":false,"chose_seed":false,"campfire_upgraded":8,"win_rate":0,"timestamp":1533149692,"path_taken":["M","M","?","$","?","R","E","?","T","R","$","M","R","M","R","BOSS","M","?","?","$","?","R","M","M","T","?","$","M","R","M","R","BOSS","M","M","$","M","?","R","M","$","T","?","$","?","R","?","R","BOSS"],"build_version":"2018-07-26","purchased_purges":4,"victory":true,"max_hp_per_floor":[80,80,80,80,74,74,74,74,74,74,74,76,76,78,78,80,80,82,82,82,82,84,84,86,88,88,88,88,90,90,92,92,94,94,94,96,96,98,98,98,98,98,98,98,98,98,98,98,98,98],"card_choices":[{"not_picked":["Evolve","Armaments","Intimidate"],"picked":"SKIP","floor":1},{"not_picked":["Rupture","Sever Soul","Havoc"],"picked":"SKIP","floor":2},{"not_picked":["True Grit","Blood for Blood"],"picked":"Thunderclap","floor":3},{"not_picked":["Wild Strike","Thunderclap"],"picked":"Offering","floor":7},{"not_picked":["Pommel Strike","Warcry","Clothesline"],"picked":"Singing Bowl","floor":12},{"not_picked":["Clash","Havoc","Twin Strike"],"picked":"Singing Bowl","floor":14},{"not_picked":["Double Tap","Limit Break","Exhume"],"picked":"Singing Bowl","floor":16},{"not_picked":["Searing Blow","Warcry","Clash+1"],"picked":"Singing Bowl","floor":18},{"not_picked":["True Grit+1","Headbutt","Sever Soul"],"picked":"Singing Bowl","floor":22},{"not_picked":["Clash","Headbutt","Clothesline"],"picked":"Singing Bowl","floor":24},{"not_picked":["Clash","Ghostly Armor","Havoc+1"],"picked":"Singing Bowl","floor":25},{"not_picked":["True Grit","Twin Strike+1","Second Wind","Hemokinesis"],"picked":"Singing Bowl","floor":29},{"not_picked":["Pummel","Inflame+1","Clothesline","Wild Strike+1"],"picked":"Singing Bowl","floor":31},{"not_picked":["Bludgeon","Barricade+1","Double Tap","Impervious"],"picked":"Singing Bowl","floor":33},{"not_picked":["Armaments","Dual Wield+1","Power Through+1"],"picked":"Pommel Strike+1","floor":35},{"not_picked":["Second Wind","Sword Boomerang+1","Twin Strike+1","Metallicize+1"],"picked":"Singing Bowl","floor":36},{"not_picked":["Warcry","Body Slam","Headbutt+1","Cleave"],"picked":"Singing Bowl","floor":38},{"not_picked":["Disarm","Shrug It Off","Twin Strike"],"picked":"Rampage+1","floor":41}],"player_experience":316273,"relics_obtained":[{"floor":7,"key":"Singing Bowl"},{"floor":26,"key":"Question Card"},{"floor":43,"key":"Boot"}],"event_choices":[{"event_name":"Golden Idol","player_choice":"Lose Max HP","floor":5,"damage_taken":0},{"event_name":"Scrap Ooze","player_choice":"success","floor":8,"damage_taken":7},{"event_name":"The Woman in Blue","player_choice":"Bought 0 Potions","floor":19,"damage_taken":0},{"event_name":"Accursed Blacksmith","player_choice":"Forge","floor":20,"damage_taken":0},{"event_name":"Upgrade Shrine","player_choice":"Upgraded","floor":39,"damage_taken":0},{"event_name":"The Moai Head","player_choice":"Gave Idol","floor":44,"damage_taken":0},{"event_name":"Winding Halls","player_choice":"Embrace Madness","floor":46,"damage_taken":0},{"event_name":"Tomb of Lord Red Mask","player_choice":"Paid","floor":48,"damage_taken":0}],"is_beta":false,"boss_relics":[{"not_picked":["Coffee Dripper","Orrery"],"picked":"Empty Cage"},{"not_picked":["Black Blood","Astrolabe"],"picked":"Sozu"}],"items_purged_floors":[11,21,37,45],"is_endless":false,"potions_floor_spawned":[1,3,14,16,22,24,33],"ascension_level":0}