{"gold_per_floor":[117,137,137,62,76,76,76,89,170,170,170,170,200,219,219,318,318,338,338,197,216,91,91,102,121,121,36,55,55,69,81,81,81],"floor_reached":33,"playtime":857,"items_purged":["Defend_R","Parasite","Strike_R"],"score":263,"play_id":"cbce3104-7acb-4bd1-9d30-00e5aa1495cb","local_time":"20180923033244","is_ascension_mode":true,"campfire_choices":[{"data":"Inflame","floor":6,"key":"SMITH"},{"data":"Thunderclap","floor":12,"key":"SMITH"},{"data":"Shrug It Off","floor":15,"key":"SMITH"},{"data":"Bash","floor":23,"key":"SMITH"},{"floor":32,"key":"REST"}],"neow_cost":"PERCENT_DAMAGE","seed_source_timestamp":145160416733034,"circlet_count":0,"master_deck":["Strike_R","Strike_R","Strike_R","Strike_R","Defend_R","Defend_R","Bash+1","Shrug It Off+1","Pommel Strike","Inflame+1","Thunderclap+1","Offering","Pommel Strike","Battle Trance"],"relics":["Burning Blood","Charon\u0027s Ashes","Blue Candle","Bag of Marbles","Tiny Chest","Mark of Pain","Pantograph","Omamori"],"potions_floor_usage":[5,25,33,33,33],"damage_taken":[{"damage":15,"enemies":"2 Louse","floor":1,"turns":2},{"damage":10,"enemies":"Cultist","floor":2,"turns":4},{"damage":2,"enemies":"Jaw Worm","floor":5,"turns":3},{"damage":19,"enemies":"3 Louse","floor":8,"turns":3},{"damage":3,"enemies":"Looter","floor":14,"turns":2},{"damage":26,"enemies":"Slime Boss","floor":16,"turns":10},{"damage":6,"enemies":"Spheric Guardian","floor":18,"turns":3},{"damage":18,"enemies":"3 Byrds","floor":21,"turns":3},{"damage":6,"enemies":"Snecko","floor":24,"turns":2},{"damage":29,"enemies":"Centurion and Healer","floor":25,"turns":3},{"damage":12,"enemies":"3 Cultists","floor":28,"turns":3},{"damage":18,"enemies":"Chosen and Byrds","floor":30,"turns":3},{"damage":20,"enemies":"Centurion and Healer","floor":31,"turns":5},{"damage":99,"enemies":"Champ","floor":33,"turns":7}],"seed_played":"-3124261357879714442","potions_obtained":[{"floor":2,"key":"SkillPotion"},{"floor":8,"key":"LiquidBronze"},{"floor":18,"key":"Regen Potion"},{"floor":28,"key":"Weak Potion"},{"floor":30,"key":"SneckoOil"},{"floor":31,"key":"Regen Potion"}],"is_trial":false,"path_per_floor":["M","M","?","$","M","R","?","M","T","?","?","R","?","M","R","B",null,"M","?","$","M","$","R","M","M","T","?","M","$","M","M","R"],"character_chosen":"IRONCLAD","items_purchased":["Battle Trance"],"campfire_rested":1,"item_purchase_floors":[20],"current_hp_per_floor":[47,43,43,43,47,47,73,60,60,80,80,80,77,80,80,60,80,80,80,77,65,65,65,65,47,47,47,41,41,29,15,38,0],"gold":81,"neow_bonus":"ONE_RARE_RELIC","is_prod":false,"is_daily":false,"chose_seed":false,"campfire_upgraded":4,"win_rate":0,"timestamp":1537687964,"path_taken":["M","M","?","$","M","R","?","M","T","?","?","R","?","M","R","BOSS","M","?","$","M","$","R","M","M","T","?","M","$","?","M","R","BOSS"],"build_version":"2018-09-20","purchased_purges":3,"victory":false,"max_hp_per_floor":[80,80,80,80,80,80,80,80,80,80,80,80,80,80,80,80,80,80,80,77,77,77,77,77,77,77,77,77,77,77,77,77,77],"card_choices":[{"not_picked":["Body Slam","Intimidate"],"picked":"Shrug It Off","floor":1},{"not_picked":["Headbutt","Armaments"],"picked":"Pommel Strike","floor":2},{"not_picked":["Wild Strike","Armaments"],"picked":"Inflame","floor":5},{"not_picked":["Iron Wave","Flame Barrier"],"picked":"Thunderclap","floor":8},{"not_picked":["True Grit","Iron Wave","Rampage"],"picked":"SKIP","floor":14},{"not_picked":["Exhume","Feed"],"picked":"Offering","floor":16},{"not_picked":["Perfected Strike","Armaments+1"],"picked":"Pommel Strike","floor":18},{"not_picked":["Burning Pact","Cleave","Feel No Pain"],"picked":"SKIP","floor":21},{"not_picked":["Flame Barrier","Armaments+1","Headbutt"],"picked":"SKIP","floor":24},{"not_picked":["Body Slam+1","Uppercut","Wild Strike"],"picked":"SKIP","floor":25},{"not_picked":["Perfected Strike","Clothesline+1","Body Slam"],"picked":"SKIP","floor":28},{"not_picked":["Searing Blow","Body Slam+1","Pummel+1"],"picked":"SKIP","floor":30},{"not_picked":["Shockwave","Havoc","Armaments+1"],"picked":"SKIP","floor":31}],"player_experience":385127,"relics_obtained":[{"floor":9,"key":"Blue Candle"},{"floor":26,"key":"Pantograph"}],"event_choices":[{"event_name":"Purifier","player_choice":"One Purge","floor":3,"damage_taken":0},{"event_name":"Big Fish","player_choice":"Banana","floor":7,"damage_taken":0},{"event_name":"Mushrooms","player_choice":"Healed and dodged fight","floor":10,"damage_taken":0},{"event_name":"Dead Adventurer","player_choice":"Searched \u00271\u0027 times","floor":11,"damage_taken":0},{"event_name":"Scrap Ooze","player_choice":"success","floor":13,"damage_taken":3},{"event_name":"Vampires","player_choice":"Ignored","floor":19,"damage_taken":0},{"event_name":"Addict","player_choice":"Obtained Relic","floor":27,"damage_taken":0}],"is_beta":false,"boss_relics":[{"not_picked":["Lizard Tail","White Beast Statue"],"picked":"Mark of Pain"}],"items_purged_floors":[4,20,22],"is_endless":false,"potions_floor_spawned":[2,8,18,28,30,31],"killed_by":"Champ","ascension_level":2}