{"gold_per_floor":[119,139,239,239,250,250,105,125,125,125,145,145,145,177,177,279,279,298,144,144,189,201,201,229,229,229,248,261,295,313,313,313,313],"floor_reached":33,"playtime":1493,"items_purged":["Defend_R","Defend_R"],"score":310,"play_id":"62b6f6e5-958d-469d-ad25-b7a2131ae170","local_time":"20180705095206","is_ascension_mode":false,"campfire_choices":[{"data":"Pommel Strike","floor":6,"key":"SMITH"},{"data":"Flex","floor":10,"key":"SMITH"},{"data":"Battle Trance","floor":13,"key":"SMITH"},{"floor":15,"key":"REST"},{"data":"Pommel Strike","floor":23,"key":"SMITH"},{"data":"Sword Boomerang","floor":25,"key":"SMITH"},{"data":"Pummel","floor":32,"key":"SMITH"}],"neow_cost":"FIFTY_PERCENT_DAMAGE","seed_source_timestamp":1237331963840129,"circlet_count":0,"master_deck":["Strike_R","Strike_R","Strike_R","Strike_R","Strike_R","Reckless Charge","Pommel Strike+1","Reckless Charge","Reckless Charge","Inflame","Flex+1","Demon Form","Battle Trance+1","Pommel Strike+1","Limit Break","Anger","Sword Boomerang+1","Reckless Charge+1","Anger","Twin Strike","Pummel+1","Flex+1","Pummel+1"],"relics":["Burning Blood","Darkstone Periapt","Omamori","Eternal Feather","Oddly Smooth Stone","Lantern","Unceasing Top","Calipers","Meat on the Bone"],"potions_floor_usage":[14,16,16,29,30,33],"damage_taken":[{"damage":8,"enemies":"Small Slimes","floor":1,"turns":3},{"damage":6,"enemies":"Cultist","floor":2,"turns":3},{"damage":11,"enemies":"Jaw Worm","floor":5,"turns":2},{"damage":17,"enemies":"Exordium Thugs","floor":8,"turns":3},{"damage":12,"enemies":"Blue Slaver","floor":11,"turns":2},{"damage":19,"enemies":"3 Sentries","floor":14,"turns":4},{"damage":20,"enemies":"Slime Boss","floor":16,"turns":8},{"damage":12,"enemies":"Shell Parasite","floor":18,"turns":2},{"damage":20,"enemies":"2 Thieves","floor":22,"turns":2},{"damage":30,"enemies":"Book of Stabbing","floor":24,"turns":3},{"damage":15,"enemies":"Snecko","floor":27,"turns":3},{"damage":10,"enemies":"Sentry and Sphere","floor":28,"turns":3},{"damage":35,"enemies":"Slavers","floor":29,"turns":4},{"damage":4,"enemies":"Centurion and Healer","floor":30,"turns":1},{"damage":78,"enemies":"Champ","floor":33,"turns":4}],"seed_played":"1960473894378099496","potions_obtained":[{"floor":1,"key":"AttackPotion"},{"floor":8,"key":"Ancient Potion"},{"floor":11,"key":"Block Potion"},{"floor":22,"key":"Poison Potion"},{"floor":27,"key":"Ancient Potion"},{"floor":29,"key":"SkillPotion"}],"is_trial":false,"path_per_floor":["M","M","?","?","M","R","$","M","T","R","M","?","R","E","R","B",null,"M","$","?","T","M","R","E","R","T","M","M","E","M","?","R"],"character_chosen":"IRONCLAD","items_purchased":["Inflame","Sword Boomerang"],"campfire_rested":1,"item_purchase_floors":[7,19],"current_hp_per_floor":[38,38,38,90,85,85,85,74,74,74,68,68,68,55,82,68,90,84,84,84,84,70,76,52,58,58,49,45,16,30,60,68,0],"gold":313,"neow_bonus":"TRANSFORM_TWO_CARDS","is_prod":false,"is_daily":false,"chose_seed":false,"campfire_upgraded":6,"win_rate":0.0,"timestamp":1530798726,"path_taken":["M","M","?","?","M","R","$","M","T","R","M","?","R","E","R","BOSS","M","$","?","?","M","R","E","R","T","M","M","E","M","?","R","BOSS"],"build_version":"2018-06-28","purchased_purges":2,"victory":false,"max_hp_per_floor":[80,80,80,90,90,90,90,90,90,90,90,90,90,90,90,90,90,90,90,90,90,90,90,90,90,90,90,90,90,90,90,90,90],"card_choices":[{"not_picked":["Seeing Red","Heavy Blade"],"picked":"Pommel Strike","floor":1},{"not_picked":["Shrug It Off","Perfected Strike"],"picked":"Reckless Charge","floor":2},{"not_picked":["Flame Barrier","Perfected Strike"],"picked":"Reckless Charge","floor":5},{"not_picked":["Sword Boomerang","Twin Strike"],"picked":"Flex","floor":8},{"not_picked":["Power Through","Rupture"],"picked":"Demon Form","floor":11},{"not_picked":["Dual Wield","Cleave"],"picked":"Pommel Strike","floor":14},{"not_picked":["Demon Form","Barricade"],"picked":"Limit Break","floor":16},{"not_picked":["Heavy Blade","Body Slam"],"picked":"Anger","floor":18},{"not_picked":["Sever Soul+1","True Grit"],"picked":"Reckless Charge+1","floor":22},{"not_picked":["Dark Embrace","Entrench+1"],"picked":"Anger","floor":24},{"not_picked":["Second Wind","True Grit"],"picked":"Twin Strike","floor":27},{"not_picked":["Blood for Blood","Armaments"],"picked":"Pummel","floor":28},{"not_picked":["Fiend Fire","Seeing Red+1"],"picked":"Flex+1","floor":29},{"not_picked":["Bloodletting","Second Wind"],"picked":"Pummel+1","floor":30}],"player_experience":32346,"relics_obtained":[{"floor":9,"key":"Darkstone Periapt"},{"floor":14,"key":"Omamori"},{"floor":21,"key":"Lantern"},{"floor":24,"key":"Unceasing Top"},{"floor":26,"key":"Calipers"},{"floor":29,"key":"Meat on the Bone"}],"event_choices":[{"event_name":"Golden Shrine","player_choice":"Pray","floor":3,"damage_taken":0},{"event_name":"Bonfire Elementals","player_choice":"RARE","floor":4,"damage_taken":0},{"event_name":"Transmorgrifier","player_choice":"Transform","floor":12,"damage_taken":0},{"event_name":"The Mausoleum","player_choice":"Yes","floor":20,"damage_taken":0},{"event_name":"The Library","player_choice":"Heal","floor":31,"damage_taken":0}],"boss_relics":[{"not_picked":["Black Star","White Beast Statue"],"picked":"Eternal Feather"}],"items_purged_floors":[7,19],"is_endless":false,"potions_floor_spawned":[1,8,11,22,27,29],"killed_by":"Champ","ascension_level":0}