{"gold_per_floor":[119,0,80,134,84,115,115,115,141,158,192,192,219,294,294,294],"floor_reached":16,"playtime":580,"items_purged":[],"score":114,"play_id":"2572e047-a7ec-4527-9ff9-b8eb8151665a","local_time":"20190327192304","is_ascension_mode":false,"campfire_choices":[{"data":"Die Die Die","floor":8,"key":"SMITH"},{"data":"Adrenaline","floor":12,"key":"SMITH"},{"floor":15,"key":"REST"}],"neow_cost":"TEN_PERCENT_HP_LOSS","seed_source_timestamp":8109226883776137,"circlet_count":0,"master_deck":["Defend_G","Defend_G","Defend_G","Defend_G","Defend_G","Strike_G","Strike_G","Strike_G","Strike_G","Survivor","Neutralize","Die Die Die+1","Catalyst","Noxious Fumes","Adrenaline+1","Grand Finale","Deadly Poison","Quick Slash","Escape Plan"],"relics":["Ring of the Snake","Oddly Smooth Stone","Smiling Mask","Ancient Tea Set","Lantern","Meat on the Bone"],"potions_floor_usage":[6,16],"damage_taken":[{"damage":2,"enemies":"Small Slimes","floor":1,"turns":4},{"damage":21,"enemies":"Lagavulin","floor":6,"turns":7},{"damage":0,"enemies":"Jaw Worm","floor":10,"turns":4},{"damage":18,"enemies":"3 Sentries","floor":11,"turns":7},{"damage":7,"enemies":"Lagavulin","floor":13,"turns":5},{"damage":23,"enemies":"Hexaghost","floor":16,"turns":9}],"seed_played":"-4404803808210360130","potions_obtained":[{"floor":6,"key":"FearPotion"}],"is_trial":false,"path_per_floor":["M","$","?","T","?","E","?","R","T","M","E","R","E","?","R","B"],"character_chosen":"THE_SILENT","items_purchased":["Noxious Fumes","Poison Potion"],"campfire_rested":1,"item_purchase_floors":[2,2],"current_hp_per_floor":[61,61,61,61,61,40,40,40,40,40,22,22,15,4,22,0],"gold":294,"neow_bonus":"THREE_RARE_CARDS","is_prod":false,"is_daily":false,"chose_seed":false,"campfire_upgraded":2,"win_rate":0,"timestamp":1553728984,"path_taken":["M","$","?","?","?","E","?","R","T","?","E","R","E","?","R","BOSS"],"build_version":"2019-01-23","purchased_purges":0,"victory":false,"max_hp_per_floor":[63,63,63,63,63,63,63,63,63,63,63,63,63,63,63,63],"card_choices":[{"not_picked":["Wraith Form v2","Night Terror"],"picked":"Die Die Die","floor":0},{"not_picked":["Outmaneuver","Backflip"],"picked":"Catalyst","floor":1},{"not_picked":["Blade Dance","Poisoned Stab"],"picked":"Adrenaline","floor":6},{"not_picked":["Masterful Stab","Flechettes"],"picked":"Deadly Poison","floor":10},{"not_picked":["Backstab","Skewer"],"picked":"Quick Slash","floor":11},{"not_picked":["Dagger Spray","Deadly Poison"],"picked":"Escape Plan","floor":13}],"player_experience":554477,"relics_obtained":[{"floor":4,"key":"Oddly Smooth Stone"},{"floor":6,"key":"Smiling Mask"},{"floor":9,"key":"Ancient Tea Set"},{"floor":11,"key":"Lantern"},{"floor":13,"key":"Meat on the Bone"}],"event_choices":[{"damage_healed":0,"gold_gain":80,"player_choice":"Gained Gold","damage_taken":0,"max_hp_gain":0,"max_hp_loss":0,"event_name":"Golden Wing","floor":3,"gold_loss":0},{"cards_removed":["Strike_G"],"damage_healed":0,"gold_gain":0,"player_choice":"Card Removal","damage_taken":0,"max_hp_gain":0,"max_hp_loss":0,"event_name":"The Cleric","floor":5,"gold_loss":50},{"damage_healed":0,"gold_gain":0,"player_choice":"1 cards matched","damage_taken":0,"max_hp_gain":0,"max_hp_loss":0,"event_name":"Match and Keep!","floor":7,"gold_loss":0,"cards_obtained":["Grand Finale"]},{"damage_healed":0,"gold_gain":0,"player_choice":"1 cards matched","damage_taken":0,"max_hp_gain":0,"max_hp_loss":0,"event_name":"Match and Keep!","floor":7,"gold_loss":0,"cards_obtained":["Grand Finale"]},{"damage_healed":0,"gold_gain":75,"player_choice":"Gather Gold","damage_taken":11,"max_hp_gain":0,"max_hp_loss":0,"event_name":"World of Goop","floor":14,"gold_loss":0}],"is_beta":false,"boss_relics":[],"items_purged_floors":[],"is_endless":false,"potions_floor_spawned":[6],"killed_by":"Hexaghost","ascension_level":0}