{"gold_per_floor":[117,133,148,223,148,174,74,74,74,93,111,123,123,141,141,244,244,264,264,275,289,94,94,105,105,182,195,195,48,48],"floor_reached":30,"playtime":619,"items_purged":["Defend_R","Defend_R","Strike_R"],"score":236,"play_id":"b1276fb2-327d-4ba1-ab9f-8a0a2542f866","local_time":"20180705234556","is_ascension_mode":false,"campfire_choices":[{"data":"Cleave","floor":8,"key":"SMITH"},{"floor":13,"key":"REST"},{"data":"Whirlwind","floor":15,"key":"SMITH"},{"floor":23,"key":"REST"},{"floor":25,"key":"REST"}],"neow_cost":"NONE","seed_source_timestamp":1288234118138200,"circlet_count":0,"master_deck":["Strike_R","Strike_R","Strike_R","Strike_R","Bash","Cleave+1","Reckless Charge","Bludgeon","Headbutt","Hemokinesis","Whirlwind+1","Immolate","Pommel Strike","RitualDagger","Carnage","Inflame","Flex"],"relics":["Velvet Choker","Sundial","Paper Frog","Empty Cage","Matryoshka"],"potions_floor_usage":[16,21,27,27,28,30,30],"damage_taken":[{"damage":11,"enemies":"Jaw Worm","floor":1,"turns":2},{"damage":0,"enemies":"Small Slimes","floor":2,"turns":2},{"damage":0,"enemies":"Cultist","floor":3,"turns":2},{"damage":26,"enemies":"Lagavulin","floor":6,"turns":5},{"damage":8,"enemies":"Red Slaver","floor":10,"turns":2},{"damage":0,"enemies":"Exordium Wildlife","floor":11,"turns":2},{"damage":7,"enemies":"3 Louse","floor":12,"turns":2},{"damage":13,"enemies":"Exordium Thugs","floor":14,"turns":2},{"damage":11,"enemies":"Slime Boss","floor":16,"turns":7},{"damage":13,"enemies":"Spheric Guardian","floor":18,"turns":3},{"damage":10,"enemies":"Chosen","floor":20,"turns":2},{"damage":27,"enemies":"Centurion and Healer","floor":21,"turns":3},{"damage":45,"enemies":"Snake Plant","floor":24,"turns":3},{"damage":3,"enemies":"Snecko","floor":27,"turns":2},{"damage":18,"enemies":"Chosen and Byrds","floor":28,"turns":3},{"damage":15,"enemies":"Slavers","floor":30,"turns":1}],"seed_played":"-5410428492084031919","potions_obtained":[{"floor":1,"key":"Strength Potion"},{"floor":2,"key":"Explosive Potion"},{"floor":6,"key":"AttackPotion"},{"floor":24,"key":"FearPotion"},{"floor":27,"key":"SmokeBomb"}],"is_trial":false,"path_per_floor":["M","M","M","?","$","E","$","R","T","M","M","M","R","M","R","B",null,"M","?","M","M","$","R","M","R","T","M","M","$"],"character_chosen":"IRONCLAD","items_purchased":["Inflame","Flex","SteroidPotion","FearPotion"],"campfire_rested":3,"item_purchase_floors":[22,29,29,29],"current_hp_per_floor":[69,69,69,58,58,32,32,32,32,24,24,17,41,28,28,17,80,67,61,51,24,24,48,3,27,27,24,6,6,0],"gold":48,"neow_bonus":"BOSS_RELIC","is_prod":false,"is_daily":false,"chose_seed":false,"campfire_upgraded":2,"win_rate":0.0,"timestamp":1530848756,"path_taken":["M","M","M","?","$","E","$","R","T","?","M","M","R","M","R","BOSS","M","?","M","M","?","R","M","R","T","M","M","$","E"],"build_version":"2018-06-28","purchased_purges":3,"victory":false,"max_hp_per_floor":[80,80,80,80,80,80,80,80,80,80,80,80,80,80,80,80,80,80,80,80,80,80,80,80,80,80,80,80,80,80],"card_choices":[{"not_picked":["Warcry","Flame Barrier","Fire Breathing"],"picked":"SKIP","floor":1},{"not_picked":["Thunderclap","Armaments"],"picked":"Cleave","floor":2},{"not_picked":["Armaments","Combust"],"picked":"Reckless Charge","floor":3},{"not_picked":["Inflame","Sword Boomerang"],"picked":"Bludgeon","floor":6},{"not_picked":["Blood for Blood","Thunderclap"],"picked":"Headbutt","floor":10},{"not_picked":["Disarm","Uppercut"],"picked":"Hemokinesis","floor":11},{"not_picked":["Thunderclap","Twin Strike","Uppercut"],"picked":"SKIP","floor":12},{"not_picked":["Bludgeon","Hemokinesis"],"picked":"Whirlwind","floor":14},{"not_picked":["Limit Break","Demon Form"],"picked":"Immolate","floor":16},{"not_picked":["Clash","Hemokinesis"],"picked":"Pommel Strike","floor":18},{"not_picked":["Corruption","Searing Blow+1"],"picked":"Carnage","floor":20},{"not_picked":["Hemokinesis","Thunderclap","Havoc"],"picked":"SKIP","floor":21},{"not_picked":["Rupture","Intimidate","Anger+1"],"picked":"SKIP","floor":24},{"not_picked":["Clash+1","Ghostly Armor","Metallicize"],"picked":"SKIP","floor":27}],"player_experience":67416,"relics_obtained":[{"floor":6,"key":"Sundial"},{"floor":9,"key":"Paper Frog"},{"floor":26,"key":"Matryoshka"}],"event_choices":[{"event_name":"World of Goop","player_choice":"Gather Gold","floor":4,"damage_taken":0},{"event_name":"Nest","player_choice":"Joined the Cult","floor":19,"damage_taken":0}],"boss_relics":[{"not_picked":["Ectoplasm","Sozu"],"picked":"Empty Cage"}],"items_purged_floors":[5,7,22],"is_endless":false,"potions_floor_spawned":[1,2,6,10,24,27],"killed_by":"Slavers","ascension_level":0}