{"gold_per_floor":[361,361,536,556,155,155,170,170,170,188,38,38,54,64,64,167,167,183,98,108,55,71,87,101,119,419,342,342],"floor_reached":28,"playtime":878,"items_purged":["Defend_B","Strike_B"],"score":264,"play_id":"1b060991-f9e6-4e2c-b1b5-f4541242e464","local_time":"20180709154742","is_ascension_mode":false,"campfire_choices":[{"data":"Coolheaded","floor":6,"key":"SMITH"},{"data":"Gash","floor":8,"key":"SMITH"},{"floor":15,"key":"REST"}],"neow_cost":"TEN_PERCENT_HP_LOSS","seed_source_timestamp":1604886764830026,"circlet_count":0,"master_deck":["Strike_B+1","Strike_B","Strike_B","Defend_B","Defend_B","Defend_B","Zap","Dualcast","Streamline+1","Doubt","Gash+1","Coolheaded+1","Gash+1","Coolheaded","Gash+1","Gash+1","FTL+1","J.A.X."],"relics":["Cracked Core","Shuriken","Molten Egg 2","Sozu","Bag of Marbles","Old Coin"],"potions_floor_usage":[16,18],"damage_taken":[{"damage":3,"enemies":"Small Slimes","floor":1,"turns":3},{"damage":1,"enemies":"Cultist","floor":4,"turns":3},{"damage":9,"enemies":"Jaw Worm","floor":7,"turns":2},{"damage":11,"enemies":"Looter","floor":10,"turns":3},{"damage":13,"enemies":"Exordium Thugs","floor":13,"turns":4},{"damage":0,"enemies":"3 Louse","floor":14,"turns":2},{"damage":7,"enemies":"Slime Boss","floor":16,"turns":8},{"damage":10,"enemies":"Shell Parasite","floor":18,"turns":4},{"damage":13,"enemies":"3 Byrds","floor":20,"turns":4},{"damage":7,"enemies":"Snecko","floor":22,"turns":4},{"damage":13,"enemies":"Sentry and Sphere","floor":23,"turns":5},{"damage":17,"enemies":"Cultist and Chosen","floor":24,"turns":5},{"damage":0,"enemies":"Centurion and Healer","floor":25,"turns":5},{"damage":11,"enemies":"Sentry and Sphere","floor":28,"turns":3}],"seed_played":"-6010998839585337830","potions_obtained":[{"floor":1,"key":"SkillPotion"},{"floor":4,"key":"GamblersBrew"},{"floor":7,"key":"Block Potion"},{"floor":16,"key":"Weak Potion"}],"is_trial":false,"path_per_floor":["M","?","?","M","$","R","M","R","T","M","$","?","M","M","R","B",null,"M","?","M","$","M","M","M","M","T","?"],"character_chosen":"DEFECT","items_purchased":["Gash","Coolheaded","Shuriken","Gash+1","Gash+1"],"campfire_rested":1,"item_purchase_floors":[5,5,5,11,21],"current_hp_per_floor":[65,51,51,50,50,50,41,41,41,30,30,52,39,39,59,52,68,58,58,45,45,38,25,8,8,8,8,0],"gold":342,"neow_bonus":"TWO_FIFTY_GOLD","is_prod":false,"is_daily":false,"chose_seed":false,"campfire_upgraded":2,"win_rate":0.0,"timestamp":1531165662,"path_taken":["M","?","?","M","$","R","M","R","T","M","$","?","M","?","R","BOSS","M","?","M","$","M","M","M","M","T","?","M"],"build_version":"2018-07-05","purchased_purges":2,"victory":false,"max_hp_per_floor":[68,68,68,68,68,68,68,68,68,68,68,68,68,68,68,68,68,68,68,68,68,68,68,68,68,68,68,68],"card_choices":[{"not_picked":["Coolheaded","Hologram"],"picked":"Streamline","floor":1},{"not_picked":["Streamline","Double Energy","Tempest"],"picked":"SKIP","floor":4},{"not_picked":["Genetic Algorithm","White Noise","Cold Snap"],"picked":"SKIP","floor":7},{"not_picked":["Capacitor","Darkness","Turbo"],"picked":"SKIP","floor":10},{"not_picked":["Tempest","Sweeping Beam+1"],"picked":"Coolheaded","floor":13},{"not_picked":["Darkness","Turbo"],"picked":"Gash+1","floor":14},{"not_picked":["Static Discharge+1","Streamline+1","Sunder+1"],"picked":"SKIP","floor":18},{"not_picked":["Stack+1","Sweeping Beam+1","Turbo"],"picked":"SKIP","floor":20},{"not_picked":["Streamline+1","Beam Cell+1"],"picked":"FTL+1","floor":22},{"not_picked":["Undo","Doom and Gloom+1","Streamline+1"],"picked":"SKIP","floor":23},{"not_picked":["Turbo+1","Sunder+1","Go for the Eyes+1"],"picked":"SKIP","floor":24},{"not_picked":["Rainbow","Consume","Hello World+1"],"picked":"SKIP","floor":25}],"player_experience":156515,"relics_obtained":[{"floor":9,"key":"Molten Egg 2"},{"floor":26,"key":"Old Coin"}],"event_choices":[{"event_name":"Shining Light","player_choice":"Entered Light","floor":2,"damage_taken":0},{"event_name":"Liars Game","player_choice":"agreed","floor":3,"damage_taken":0},{"event_name":"Big Fish","player_choice":"Banana","floor":12,"damage_taken":0},{"event_name":"Addict","player_choice":"Obtained Relic","floor":19,"damage_taken":0},{"event_name":"Drug Dealer","player_choice":"Got JAXXED","floor":27,"damage_taken":0}],"boss_relics":[{"not_picked":["Pandora\u0027s Box","Coffee Dripper"],"picked":"Sozu"}],"items_purged_floors":[5,11],"is_endless":false,"potions_floor_spawned":[1,4,7,16,24,25],"killed_by":"Sentry and Sphere","ascension_level":0}