{"gold_per_floor":[209,63,138,63,83,83,116,116,143,143,159,59,80,111,111,234,234,249,75,95,72,72,72,72,72,72,95,95,0,14,35,35,35],"floor_reached":33,"playtime":723,"items_purged":["Defend_R","Strike_R","Strike_R"],"score":278,"play_id":"80116fdd-9cbe-4024-8452-d5f8740c7786","local_time":"20180924085527","is_ascension_mode":true,"campfire_choices":[{"data":"Bludgeon","floor":6,"key":"SMITH"},{"data":"Cleave","floor":8,"key":"SMITH"},{"floor":15,"key":"REST"},{"data":"Flex","floor":23,"key":"SMITH"},{"data":"Shrug It Off","floor":25,"key":"SMITH"},{"data":"Defend_R","floor":28,"key":"SMITH"},{"data":"Bash","floor":32,"key":"SMITH"}],"neow_cost":"NONE","seed_source_timestamp":251060439751792,"circlet_count":0,"master_deck":["Strike_R","Strike_R","Strike_R","Defend_R","Defend_R","Defend_R+1","Bash+1","Bludgeon+1","Cleave+1","Flex+1","Flex+1","Shrug It Off+1"],"relics":["Burning Blood","Paper Frog","Vajra","Golden Idol","WingedGreaves","Coffee Dripper","The Courier","Mercury Hourglass"],"potions_floor_usage":[13,16,27,30],"damage_taken":[{"damage":14,"enemies":"Jaw Worm","floor":1,"turns":3},{"damage":1,"enemies":"Cultist","floor":5,"turns":3},{"damage":18,"enemies":"Lagavulin","floor":7,"turns":3},{"damage":10,"enemies":"Small Slimes","floor":11,"turns":2},{"damage":2,"enemies":"3 Louse","floor":13,"turns":2},{"damage":16,"enemies":"Gremlin Nob","floor":14,"turns":3},{"damage":54,"enemies":"The Guardian","floor":16,"turns":9},{"damage":14,"enemies":"Shell Parasite","floor":18,"turns":2},{"damage":26,"enemies":"3 Byrds","floor":20,"turns":5},{"damage":2,"enemies":"Cultist and Chosen","floor":27,"turns":3},{"damage":0,"enemies":"Snake Plant","floor":30,"turns":2},{"damage":20,"enemies":"Snecko","floor":31,"turns":4},{"damage":74,"enemies":"Automaton","floor":33,"turns":6}],"seed_played":"-880795331202889467","potions_obtained":[{"floor":1,"key":"SneckoOil"},{"floor":7,"key":"EssenceOfSteel"},{"floor":13,"key":"Dexterity Potion"},{"floor":27,"key":"SneckoOil"}],"is_trial":false,"path_per_floor":["M","$","?","$","M","R","E","R","T","?","M","$","M","E","R","B",null,"M","$","M","$","?","R","T","R","T","M","R","?","M","M","R"],"character_chosen":"IRONCLAD","items_purchased":["Bludgeon","Energy Potion","Shrug It Off"],"campfire_rested":1,"item_purchase_floors":[2,19,21],"current_hp_per_floor":[72,72,64,64,69,69,57,57,57,57,53,53,57,47,69,21,74,66,66,46,46,46,46,46,46,46,50,50,50,56,42,42,0],"gold":35,"neow_bonus":"HUNDRED_GOLD","is_prod":false,"is_daily":false,"chose_seed":false,"campfire_upgraded":6,"win_rate":0,"timestamp":1537793727,"path_taken":["M","$","?","?","M","R","E","R","T","?","M","$","M","E","R","BOSS","M","$","?","$","?","R","?","R","T","M","R","?","?","M","R","BOSS"],"build_version":"2018-09-20","purchased_purges":3,"victory":false,"max_hp_per_floor":[80,80,80,80,80,80,80,80,80,74,74,74,74,74,74,74,74,74,74,74,74,74,74,74,74,74,74,74,74,74,74,74,74],"card_choices":[{"not_picked":["Sword Boomerang","Power Through","Fire Breathing"],"picked":"SKIP","floor":1},{"not_picked":["Sword Boomerang","Infernal Blade"],"picked":"Cleave","floor":5},{"not_picked":["Dropkick","Whirlwind","Twin Strike"],"picked":"SKIP","floor":7},{"not_picked":["Body Slam","Burning Pact"],"picked":"Flex","floor":11},{"not_picked":["Heavy Blade","Hemokinesis"],"picked":"Flex","floor":13},{"not_picked":["Juggernaut","Blood for Blood","Exhume"],"picked":"SKIP","floor":14},{"not_picked":["Cleave+1","True Grit+1","Power Through"],"picked":"SKIP","floor":18},{"not_picked":["True Grit","Iron Wave","Shrug It Off"],"picked":"SKIP","floor":20},{"not_picked":["Armaments","Reckless Charge+1","Blood for Blood"],"picked":"SKIP","floor":27},{"not_picked":["True Grit+1","Flex","Combust"],"picked":"SKIP","floor":30},{"not_picked":["Juggernaut","Iron Wave","Thunderclap+1"],"picked":"SKIP","floor":31}],"player_experience":398579,"relics_obtained":[{"floor":7,"key":"Paper Frog"},{"floor":9,"key":"Vajra"},{"floor":14,"key":"WingedGreaves"},{"floor":24,"key":"The Courier"},{"floor":26,"key":"Mercury Hourglass"}],"event_choices":[{"event_name":"FaceTrader","player_choice":"Touch","floor":3,"damage_taken":0},{"event_name":"Golden Idol","player_choice":"Lose Max HP","floor":10,"damage_taken":0},{"event_name":"Upgrade Shrine","player_choice":"Upgraded","floor":22,"damage_taken":0},{"event_name":"Masked Bandits","player_choice":"Paid Fearfully","floor":29,"damage_taken":0}],"is_beta":false,"boss_relics":[{"not_picked":["Black Blood","Pandora\u0027s Box"],"picked":"Coffee Dripper"}],"items_purged_floors":[4,12,19],"is_endless":false,"potions_floor_spawned":[1,7,13,27],"killed_by":"Automaton","ascension_level":2}