{"gold_per_floor":[216,234,249,249,269,269,369,369,369,389,389,400,412,441,441,545,545,565,565,480,500,517,517,532,546,546,546,563,563,575,523,523,523],"floor_reached":33,"playtime":2651,"items_purged":[],"score":253,"play_id":"ae38ec28-f502-450e-8013-47b598c4fe84","local_time":"20190310055119","is_ascension_mode":false,"campfire_choices":[{"data":"Cleave","floor":6,"key":"SMITH"},{"data":"Cleave","floor":8,"key":"SMITH"},{"data":"Armaments","floor":11,"key":"SMITH"},{"floor":15,"key":"REST"},{"data":"1","floor":23,"key":"LIFT"},{"floor":32,"key":"REST"}],"neow_cost":"NONE","seed_source_timestamp":712161805240884,"circlet_count":0,"master_deck":["Strike_R","Strike_R","Strike_R","Strike_R","Strike_R","Defend_R","Defend_R","Defend_R","Defend_R","Bash","Cleave+1","Pommel Strike","Armaments+1","Cleave+1","Ghostly Armor","Headbutt","Pommel Strike","Twin Strike","Twin Strike","Metallicize","Inflame","Perfected Strike","Necronomicurse","Intimidate","RitualDagger","Shrug It Off","Heavy Blade"],"relics":["Burning Blood","Gremlin Horn","Boot","Fusion Hammer","Girya","Bottled Lightning","Necronomicon"],"potions_floor_usage":[10,14,16,24,25,25,30,33],"damage_taken":[{"damage":0,"enemies":"Small Slimes","floor":1,"turns":3},{"damage":4,"enemies":"2 Louse","floor":2,"turns":3},{"damage":6,"enemies":"Cultist","floor":3,"turns":3},{"damage":25,"enemies":"Exordium Wildlife","floor":5,"turns":6},{"damage":1,"enemies":"Large Slime","floor":10,"turns":5},{"damage":1,"enemies":"2 Fungi Beasts","floor":12,"turns":2},{"damage":0,"enemies":"Exordium Thugs","floor":13,"turns":3},{"damage":25,"enemies":"Lagavulin","floor":14,"turns":4},{"damage":92,"enemies":"Hexaghost","floor":16,"turns":10},{"damage":7,"enemies":"3 Byrds","floor":18,"turns":5},{"damage":13,"enemies":"Spheric Guardian","floor":21,"turns":4},{"damage":4,"enemies":"Centurion and Healer","floor":22,"turns":7},{"damage":37,"enemies":"Snake Plant","floor":24,"turns":3},{"damage":3,"enemies":"Snecko","floor":25,"turns":5},{"damage":13,"enemies":"Centurion and Healer","floor":28,"turns":5},{"damage":0,"enemies":"Snake Plant","floor":30,"turns":2},{"damage":71,"enemies":"Automaton","floor":33,"turns":8}],"seed_played":"-6095669167227362972","potions_obtained":[{"floor":1,"key":"Regen Potion"},{"floor":5,"key":"Block Potion"},{"floor":10,"key":"Poison Potion"},{"floor":18,"key":"Regen Potion"},{"floor":22,"key":"Energy Potion"},{"floor":24,"key":"AttackPotion"},{"floor":28,"key":"BloodPotion"},{"floor":30,"key":"Explosive Potion"}],"is_trial":false,"path_per_floor":["?","?","M","?","?","M","?","?","M"],"character_chosen":"IRONCLAD","items_purchased":["Heavy Blade"],"campfire_rested":2,"item_purchase_floors":[31],"current_hp_per_floor":[80,80,80,80,61,61,61,61,61,66,66,71,77,58,80,9,80,79,79,79,72,74,74,52,55,55,39,32,26,40,40,64,0],"gold":523,"neow_bonus":"HUNDRED_GOLD","is_prod":false,"is_daily":false,"chose_seed":false,"campfire_upgraded":3,"win_rate":0,"timestamp":1552207879,"path_taken":["M","M","M","?","M","R","?","R","T","?","R","M","M","E","R","BOSS","M","?","?","?","M","R","M","M","T","?","M","?","?","$","R","BOSS"],"build_version":"2019-01-23","purchased_purges":0,"victory":false,"max_hp_per_floor":[80,80,80,80,80,80,80,80,80,80,80,80,80,80,80,80,80,80,80,80,80,80,80,80,80,80,80,80,80,80,80,80,80],"card_choices":[{"not_picked":["Uppercut","Burning Pact"],"picked":"Cleave","floor":1},{"not_picked":["Flex","Brutality"],"picked":"Pommel Strike","floor":2},{"not_picked":["Havoc","Wild Strike"],"picked":"Armaments","floor":3},{"not_picked":["Flex","Anger"],"picked":"Cleave","floor":5},{"not_picked":["Warcry","Anger"],"picked":"Ghostly Armor","floor":10},{"not_picked":["Thunderclap","Fire Breathing"],"picked":"Headbutt","floor":12},{"not_picked":["Carnage","Fire Breathing"],"picked":"Pommel Strike","floor":13},{"not_picked":["Carnage","Reckless Charge"],"picked":"Twin Strike","floor":14},{"not_picked":["Havoc","Combust","True Grit"],"picked":"SKIP","floor":18},{"not_picked":["Hemokinesis","Sever Soul"],"picked":"Twin Strike","floor":21},{"not_picked":["Spot Weakness","Armaments+1"],"picked":"Metallicize","floor":22},{"not_picked":["Havoc+1","Heavy Blade"],"picked":"Inflame","floor":24},{"not_picked":["Clash","Sever Soul+1"],"picked":"Perfected Strike","floor":25},{"not_picked":["Flame Barrier","Sword Boomerang+1"],"picked":"Intimidate","floor":28},{"not_picked":["Searing Blow","Blood for Blood"],"picked":"Shrug It Off","floor":30}],"player_experience":281706,"relics_obtained":[{"floor":9,"key":"Gremlin Horn"},{"floor":14,"key":"Boot"},{"floor":26,"key":"Bottled Lightning"},{"floor":27,"key":"Necronomicon"}],"event_choices":[{"damage_healed":0,"gold_gain":0,"player_choice":"Leave","damage_taken":0,"max_hp_gain":0,"max_hp_loss":0,"event_name":"The Cleric","floor":4,"gold_loss":0},{"damage_healed":0,"gold_gain":100,"player_choice":"Gold","damage_taken":0,"max_hp_gain":0,"max_hp_loss":0,"event_name":"Wheel of Change","floor":7,"gold_loss":0},{"damage_healed":0,"gold_gain":0,"player_choice":"Ignored","damage_taken":0,"max_hp_gain":0,"max_hp_loss":0,"event_name":"Beggar","floor":19,"gold_loss":0},{"damage_healed":0,"gold_gain":0,"player_choice":"Obtained Relic","damage_taken":0,"relics_obtained":["Girya"],"max_hp_gain":0,"max_hp_loss":0,"event_name":"Addict","floor":20,"gold_loss":85},{"damage_healed":0,"gold_gain":0,"player_choice":"Obtained Book","damage_taken":16,"max_hp_gain":0,"max_hp_loss":0,"event_name":"Cursed Tome","floor":27,"gold_loss":0},{"damage_healed":0,"gold_gain":0,"player_choice":"Joined the Cult","damage_taken":6,"max_hp_gain":0,"max_hp_loss":0,"event_name":"Nest","floor":29,"gold_loss":0,"cards_obtained":["RitualDagger"]}],"is_beta":false,"boss_relics":[{"not_picked":["Runic Pyramid","Cursed Key"],"picked":"Fusion Hammer"}],"items_purged_floors":[],"is_endless":false,"potions_floor_spawned":[1,5,10,18,22,24,28,30],"killed_by":"Automaton","ascension_level":0}