{"gold_per_floor":[109,124,199,374,16,44,44,106,106,138,138,103,113,147,147,147],"floor_reached":16,"playtime":445,"items_purged":["Doubt"],"score":133,"play_id":"8afd4389-a837-42ee-9eb6-119896a9e740","local_time":"20190324233010","is_ascension_mode":true,"campfire_choices":[{"data":"Hologram","floor":7,"key":"SMITH"},{"data":"FTL","floor":11,"key":"SMITH"},{"floor":15,"key":"REST"}],"neow_cost":"NONE","seed_source_timestamp":7864977087647834,"circlet_count":0,"master_deck":["Strike_B","Strike_B","Strike_B+1","Strike_B","Defend_B","Defend_B","Defend_B","Defend_B","Zap","Dualcast","Streamline+1","Go for the Eyes","Hologram+1","FTL+1","Sweeping Beam"],"relics":["Cracked Core","Whetstone","Blue Candle","Orichalcum","Ginger","Juzu Bracelet","The Courier"],"potions_floor_usage":[6,8,8,8,8],"damage_taken":[{"damage":6,"enemies":"Cultist","floor":1,"turns":4},{"damage":3,"enemies":"2 Louse","floor":2,"turns":2},{"damage":17,"enemies":"Lagavulin","floor":6,"turns":4},{"damage":6,"enemies":"3 Sentries","floor":8,"turns":5},{"damage":19,"enemies":"3 Sentries","floor":10,"turns":5},{"damage":4,"enemies":"Jaw Worm","floor":13,"turns":2},{"damage":16,"enemies":"Gremlin Nob","floor":14,"turns":4},{"damage":45,"enemies":"The Guardian","floor":16,"turns":7}],"seed_played":"8364414280040462578","potions_obtained":[{"floor":1,"key":"LiquidBronze"},{"floor":6,"key":"EntropicBrew"}],"is_trial":false,"path_per_floor":["M","M","?","?","$","E","R","?","T","E","R","?","M","E","R","B"],"character_chosen":"DEFECT","items_purchased":["Whetstone","Hologram","FTL"],"campfire_rested":1,"item_purchase_floors":[5,5,5],"current_hp_per_floor":[76,73,62,62,62,45,45,39,39,20,20,40,36,20,44,0],"gold":147,"neow_bonus":"TEN_PERCENT_HP_BONUS","is_prod":false,"is_daily":false,"chose_seed":false,"campfire_upgraded":2,"win_rate":0,"timestamp":1553484610,"path_taken":["M","?","?","?","$","E","R","?","T","E","R","?","M","E","R","BOSS"],"build_version":"2019-01-23","purchased_purges":1,"victory":false,"max_hp_per_floor":[82,82,82,82,82,82,82,82,82,82,82,82,82,82,82,82],"card_choices":[{"not_picked":["Beam Cell","Compile Driver"],"picked":"Streamline","floor":1},{"not_picked":["Steam","Darkness"],"picked":"Go for the Eyes","floor":2},{"not_picked":["Doom and Gloom","Echo Form","Storm"],"picked":"SKIP","floor":6},{"not_picked":["Hologram","Redo"],"picked":"Sweeping Beam","floor":8},{"not_picked":["Streamline","Steam","Self Repair"],"picked":"SKIP","floor":10},{"not_picked":["Ball Lightning","Streamline","Conserve Battery"],"picked":"SKIP","floor":13},{"not_picked":["Stack","Sweeping Beam","Capacitor"],"picked":"SKIP","floor":14}],"player_experience":486083,"relics_obtained":[{"floor":6,"key":"Blue Candle"},{"floor":8,"key":"Orichalcum"},{"floor":9,"key":"Ginger"},{"floor":10,"key":"Juzu Bracelet"},{"floor":14,"key":"The Courier"}],"event_choices":[{"damage_healed":0,"gold_gain":75,"player_choice":"Gather Gold","damage_taken":11,"max_hp_gain":0,"max_hp_loss":0,"event_name":"World of Goop","floor":3,"gold_loss":0},{"damage_healed":0,"gold_gain":175,"player_choice":"AGREE","damage_taken":0,"max_hp_gain":0,"max_hp_loss":0,"event_name":"Liars Game","floor":4,"gold_loss":0,"cards_obtained":["Doubt"]},{"damage_healed":0,"gold_gain":0,"player_choice":"Searched \u00271\u0027 times","damage_taken":0,"max_hp_gain":0,"max_hp_loss":0,"event_name":"Dead Adventurer","floor":8,"gold_loss":0},{"damage_healed":20,"gold_gain":0,"player_choice":"Healed","damage_taken":0,"max_hp_gain":0,"max_hp_loss":0,"event_name":"The Cleric","floor":12,"gold_loss":35}],"is_beta":false,"boss_relics":[],"items_purged_floors":[5],"is_endless":false,"potions_floor_spawned":[1,6],"killed_by":"The Guardian","ascension_level":3}