{"gold_per_floor":[112,112,129,140,65,65,6,25,25,43,55,55,55,90,90,191,191,201,201,219,219,235,235,135,153,153,180,180,192,205,216,216,216,216,226,30,47,47,47,47,81,81,161,161,161,161,175,175,175,175],"floor_reached":50,"playtime":1218,"items_purged":["Defend_R","Defend_R"],"score":517,"play_id":"46575d30-0873-47d8-aa6b-faffcd13a121","local_time":"20180803120449","is_ascension_mode":false,"campfire_choices":[{"data":"Bludgeon","floor":6,"key":"SMITH"},{"data":"Whirlwind","floor":12,"key":"SMITH"},{"data":"Offering","floor":15,"key":"SMITH"},{"data":"Pommel Strike","floor":23,"key":"SMITH"},{"data":"Spot Weakness","floor":28,"key":"SMITH"},{"floor":32,"key":"REST"},{"data":"Battle Trance","floor":40,"key":"SMITH"},{"floor":42,"key":"REST"},{"data":"Bash","floor":44,"key":"SMITH"},{"data":"Strike_R","floor":46,"key":"SMITH"},{"floor":49,"key":"REST"}],"neow_cost":"NONE","seed_source_timestamp":2000916034052204,"circlet_count":0,"master_deck":["Strike_R+1","Strike_R+1","Strike_R+1","Strike_R+1","Strike_R+1","Defend_R+1","Defend_R+1","Bash+1","Offering+1","Pommel Strike+1","Bludgeon+1","Whirlwind+1","Battle Trance+1","Spot Weakness+1","Injury","Shrug It Off+1","Offering+1","Flex+1","Injury"],"relics":["Black Blood","Mercury Hourglass","Pantograph","Boot","Cursed Key","Art of War","Dream Catcher","DollysMirror","Vajra","Singing Bowl","Mark of the Bloom"],"potions_floor_usage":[16,16,20,25,29,33,50,50],"damage_taken":[{"damage":5,"enemies":"Small Slimes","floor":1,"turns":2},{"damage":5,"enemies":"Cultist","floor":3,"turns":2},{"damage":6,"enemies":"Jaw Worm","floor":4,"turns":3},{"damage":5,"enemies":"Large Slime","floor":8,"turns":4},{"damage":14,"enemies":"Gremlin Gang","floor":10,"turns":2},{"damage":10,"enemies":"3 Louse","floor":11,"turns":3},{"damage":13,"enemies":"3 Sentries","floor":14,"turns":2},{"damage":67,"enemies":"The Guardian","floor":16,"turns":7},{"damage":5,"enemies":"2 Thieves","floor":18,"turns":1},{"damage":12,"enemies":"Shell Parasite","floor":20,"turns":2},{"damage":15,"enemies":"Snecko","floor":22,"turns":3},{"damage":17,"enemies":"Centurion and Healer","floor":25,"turns":2},{"damage":5,"enemies":"Gremlin Leader","floor":27,"turns":5},{"damage":11,"enemies":"Cultist and Chosen","floor":29,"turns":3},{"damage":12,"enemies":"3 Cultists","floor":30,"turns":3},{"damage":15,"enemies":"Chosen and Byrds","floor":31,"turns":3},{"damage":57,"enemies":"Collector","floor":33,"turns":6},{"damage":22,"enemies":"3 Shapes","floor":35,"turns":2},{"damage":20,"enemies":"Orb Walker","floor":37,"turns":2},{"damage":38,"enemies":"2 Orb Walkers","floor":41,"turns":3},{"damage":24,"enemies":"Transient","floor":47,"turns":5},{"damage":42,"enemies":"Awakened One","floor":50,"turns":3}],"seed_played":"-6387435345861601840","potions_obtained":[{"floor":3,"key":"Regen Potion"},{"floor":11,"key":"SkillPotion"},{"floor":16,"key":"Fire Potion"},{"floor":20,"key":"Poison Potion"},{"floor":25,"key":"EssenceOfSteel"},{"floor":27,"key":"SteroidPotion"},{"floor":35,"key":"Poison Potion"},{"floor":38,"key":"FairyPotion"},{"floor":38,"key":"LiquidBronze"},{"floor":47,"key":"Strength Potion"}],"is_trial":false,"path_per_floor":["M","?","M","M","$","R","?","M","T","M","M","R","$","E","R","B",null,"M","?","M","?","M","R","$","M","T","E","R","M","M","M","R","B",null,"M","$","M","?","$","R","E","R","T","R","?","R","M","?","R"],"character_chosen":"IRONCLAD","items_purchased":["DollysMirror"],"campfire_rested":3,"item_purchase_floors":[36],"current_hp_per_floor":[80,80,80,80,80,80,80,80,80,72,68,68,68,61,61,34,80,80,80,74,74,65,65,65,54,54,55,55,50,44,35,59,29,80,68,68,58,58,58,58,30,54,54,54,54,54,42,42,42,0],"gold":175,"neow_bonus":"ONE_RANDOM_RARE_CARD","is_prod":false,"is_daily":false,"chose_seed":false,"campfire_upgraded":8,"win_rate":0,"timestamp":1533312289,"path_taken":["M","?","M","M","$","R","?","?","T","M","M","R","?","E","R","BOSS","M","?","?","?","?","R","$","?","T","E","R","M","M","M","R","BOSS","M","$","M","?","$","R","E","R","T","R","?","R","M","?","R","BOSS"],"build_version":"2018-08-02","purchased_purges":2,"victory":false,"max_hp_per_floor":[80,80,80,80,80,80,80,80,80,80,80,80,80,80,80,80,80,80,80,80,80,80,80,80,80,80,80,80,80,80,80,80,80,80,80,80,80,80,80,80,80,80,80,80,80,80,82,82,84,84],"card_choices":[{"not_picked":["Iron Wave","Anger","Heavy Blade"],"picked":"SKIP","floor":1},{"not_picked":["Clash","Anger","Clothesline"],"picked":"SKIP","floor":3},{"not_picked":["Ghostly Armor","Headbutt"],"picked":"Bludgeon","floor":4},{"not_picked":["Shrug It Off","Perfected Strike"],"picked":"Whirlwind","floor":8},{"not_picked":["Shockwave","Uppercut","Searing Blow"],"picked":"SKIP","floor":10},{"not_picked":["Wild Strike","Pummel","Feel No Pain"],"picked":"SKIP","floor":11},{"not_picked":["Rage","Reckless Charge","Perfected Strike"],"picked":"SKIP","floor":14},{"not_picked":["Clothesline","Rupture+1","Searing Blow+1"],"picked":"SKIP","floor":18},{"not_picked":["Clash","True Grit","Dropkick+1"],"picked":"SKIP","floor":20},{"not_picked":["Shrug It Off","Cleave+1","Pommel Strike"],"picked":"SKIP","floor":22},{"not_picked":["Thunderclap+1","Flex"],"picked":"Spot Weakness","floor":25},{"not_picked":["Second Wind","Burning Pact","Cleave"],"picked":"SKIP","floor":27},{"not_picked":["Pommel Strike","Wild Strike","Rupture"],"picked":"SKIP","floor":29},{"not_picked":["Hemokinesis+1","Dual Wield+1","Warcry"],"picked":"SKIP","floor":30},{"not_picked":["Pummel","Limit Break","Clash"],"picked":"SKIP","floor":31},{"not_picked":["Pommel Strike","Clash+1"],"picked":"Shrug It Off","floor":35},{"not_picked":["Body Slam+1","Spot Weakness","Anger+1"],"picked":"SKIP","floor":37},{"not_picked":["Demon Form","Hemokinesis+1"],"picked":"Flex+1","floor":41},{"not_picked":["Perfected Strike+1","Cleave+1","Shrug It Off+1"],"picked":"Singing Bowl","floor":47},{"not_picked":["Power Through","Clothesline+1","Searing Blow"],"picked":"Singing Bowl","floor":49}],"player_experience":337007,"relics_obtained":[{"floor":9,"key":"Pantograph"},{"floor":14,"key":"Boot"},{"floor":26,"key":"Art of War"},{"floor":27,"key":"Dream Catcher"},{"floor":41,"key":"Vajra"},{"floor":43,"key":"Singing Bowl"}],"event_choices":[{"event_name":"Match and Keep!","player_choice":"1 cards matched","floor":2,"damage_taken":0},{"event_name":"WeMeetAgain","player_choice":"Gold","floor":7,"damage_taken":0},{"event_name":"Vampires","player_choice":"Ignored","floor":19,"damage_taken":0},{"event_name":"The Library","player_choice":"Read","floor":21,"damage_taken":0},{"event_name":"The Lab","player_choice":"Got Potions","floor":38,"damage_taken":0},{"event_name":"Upgrade Shrine","player_choice":"Upgraded","floor":45,"damage_taken":0},{"event_name":"MindBloom","player_choice":"Upgrade","floor":48,"damage_taken":0}],"is_beta":false,"boss_relics":[{"not_picked":["Sozu","Orrery"],"picked":"Cursed Key"},{"not_picked":["Runic Cube","White Beast Statue"],"picked":"Black Blood"}],"items_purged_floors":[5,24],"is_endless":false,"potions_floor_spawned":[3,11,16,20,25,27,33,35,47],"killed_by":"Awakened One","ascension_level":0}