{"gold_per_floor":[112,127,139,14,32,32,58,69,69,82,95,128,142,42,42,142,142,160,178,190,190],"floor_reached":21,"playtime":3396,"items_purged":["Strike_G","Strike_G"],"score":197,"play_id":"fc1e5e5a-7778-43d7-8e59-dc265818e325","local_time":"20190329221916","is_ascension_mode":false,"campfire_choices":[{"data":"Calculated Gamble","floor":6,"key":"SMITH"},{"floor":15,"key":"REST"}],"neow_cost":"NONE","seed_source_timestamp":332794081072535,"circlet_count":0,"master_deck":["Defend_G","Defend_G","Defend_G","Defend_G","Defend_G+1","Strike_G","Strike_G","Strike_G","Survivor","Neutralize+1","Calculated Gamble+1","Backflip+1","Well Laid Plans","Caltrops","After Image","Blur","Doppelganger","Dodge and Roll","Adrenaline","Noxious Fumes"],"relics":["Ring of the Snake","Vajra","Bottled Flame","War Paint","HoveringKite"],"potions_floor_usage":[5,5,7,12,12,16,21],"damage_taken":[{"damage":0,"enemies":"Cultist","floor":1,"turns":3},{"damage":0,"enemies":"Jaw Worm","floor":2,"turns":4},{"damage":0,"enemies":"Small Slimes","floor":3,"turns":5},{"damage":0,"enemies":"Gremlin Gang","floor":5,"turns":6},{"damage":20,"enemies":"Lagavulin","floor":7,"turns":10},{"damage":8,"enemies":"3 Louse","floor":8,"turns":5},{"damage":0,"enemies":"2 Fungi Beasts","floor":10,"turns":5},{"damage":0,"enemies":"Looter","floor":11,"turns":4},{"damage":5,"enemies":"3 Sentries","floor":12,"turns":5},{"damage":6,"enemies":"3 Louse","floor":13,"turns":4},{"damage":5,"enemies":"The Guardian","floor":16,"turns":16},{"damage":8,"enemies":"Spheric Guardian","floor":18,"turns":12},{"damage":0,"enemies":"Shell Parasite","floor":19,"turns":9},{"damage":8,"enemies":"Centurion and Healer","floor":20,"turns":15},{"damage":18,"enemies":"Colosseum Slavers","floor":21,"turns":7},{"damage":43,"enemies":"Colosseum Nobs","floor":21,"turns":4}],"seed_played":"593907290757002524","potions_obtained":[{"floor":2,"key":"SkillPotion"},{"floor":3,"key":"SpeedPotion"},{"floor":10,"key":"Explosive Potion"},{"floor":11,"key":"PowerPotion"},{"floor":12,"key":"PowerPotion"},{"floor":20,"key":"FearPotion"}],"is_trial":false,"path_per_floor":["M","$","?"],"character_chosen":"THE_SILENT","items_purchased":["PowerPotion"],"campfire_rested":1,"item_purchase_floors":[4],"current_hp_per_floor":[70,70,70,70,70,70,50,42,42,42,42,37,31,31,52,47,70,62,62,54,0],"gold":190,"neow_bonus":"UPGRADE_CARD","is_prod":false,"is_daily":false,"chose_seed":false,"campfire_upgraded":1,"win_rate":0,"timestamp":1553908756,"path_taken":["M","M","M","$","?","R","E","M","T","M","M","E","M","?","R","BOSS","M","M","M","?"],"build_version":"2019-01-23","purchased_purges":2,"victory":false,"max_hp_per_floor":[70,70,70,70,70,70,70,70,70,70,70,70,70,70,70,70,70,70,70,70,70],"card_choices":[{"not_picked":["Dodge and Roll","Acrobatics"],"picked":"Calculated Gamble","floor":1},{"not_picked":["Quick Slash","Poisoned Stab"],"picked":"Backflip","floor":2},{"not_picked":["Cloak And Dagger","Backstab"],"picked":"Well Laid Plans","floor":3},{"not_picked":["Escape Plan","Skewer"],"picked":"Caltrops","floor":5},{"not_picked":["Bane","Underhanded Strike","Calculated Gamble"],"picked":"SKIP","floor":7},{"not_picked":["Slice","Reflex","Underhanded Strike"],"picked":"SKIP","floor":8},{"not_picked":["Tactician","Poisoned Stab"],"picked":"After Image","floor":10},{"not_picked":["Bouncing Flask","Backflip"],"picked":"Blur","floor":11},{"not_picked":["Poisoned Stab","Prepared"],"picked":"Doppelganger","floor":12},{"not_picked":["Infinite Blades","Deflect"],"picked":"Dodge and Roll","floor":13},{"not_picked":["Unload","Storm of Steel"],"picked":"Adrenaline","floor":16},{"not_picked":["Deflect","Dodge and Roll+1"],"picked":"Noxious Fumes","floor":18},{"not_picked":["Calculated Gamble","Acrobatics","Deflect"],"picked":"SKIP","floor":19},{"not_picked":["Dodge and Roll+1","Poisoned Stab+1","Finisher"],"picked":"SKIP","floor":20}],"player_experience":500835,"relics_obtained":[{"floor":7,"key":"Vajra"},{"floor":9,"key":"Bottled Flame"},{"floor":12,"key":"War Paint"}],"event_choices":[{"damage_healed":0,"gold_gain":0,"player_choice":"Fight","damage_taken":0,"max_hp_gain":0,"max_hp_loss":0,"event_name":"Colosseum","floor":21,"gold_loss":0},{"damage_healed":0,"gold_gain":0,"player_choice":"Fought Nobs","damage_taken":0,"max_hp_gain":0,"max_hp_loss":0,"event_name":"Colosseum","floor":21,"gold_loss":0}],"is_beta":false,"boss_relics":[{"not_picked":["Ectoplasm","Empty Cage"],"picked":"HoveringKite"}],"items_purged_floors":[4,14],"is_endless":false,"potions_floor_spawned":[2,3,10,11,12,20,21],"killed_by":"Colosseum Nobs","ascension_level":0}