{"gold_per_floor":[113,36,1,1,13,43,43,57,57,57,71,371,382,398,398,502,502,516,616,631,631,631,631,631],"floor_reached":24,"playtime":562,"items_purged":[],"score":254,"play_id":"c79cd540-4e5d-4b00-878a-cb5892966274","local_time":"20190324234815","is_ascension_mode":true,"campfire_choices":[{"data":"Streamline","floor":7,"key":"SMITH"},{"data":"Zap","floor":15,"key":"SMITH"},{"floor":23,"key":"REST"}],"neow_cost":"NONE","seed_source_timestamp":7865945035505956,"circlet_count":0,"master_deck":["Strike_B","Strike_B","Strike_B","Strike_B","Defend_B","Defend_B","Zap+1","Dualcast","Rip and Tear","Scrape","Streamline+1","Gash","Turbo","Go for the Eyes","Scrape","Go for the Eyes+1"],"relics":["Cracked Core","NeowsBlessing","Thread and Needle","Pantograph","Old Coin","Empty Cage","Unceasing Top","Symbiotic Virus","Letter Opener"],"potions_floor_usage":[8,16,19],"damage_taken":[{"damage":0,"enemies":"Small Slimes","floor":1,"turns":1},{"damage":0,"enemies":"2 Louse","floor":5,"turns":1},{"damage":0,"enemies":"Gremlin Nob","floor":6,"turns":1},{"damage":0,"enemies":"Cultist","floor":8,"turns":3},{"damage":0,"enemies":"Large Slime","floor":11,"turns":4},{"damage":9,"enemies":"3 Louse","floor":13,"turns":2},{"damage":0,"enemies":"Looter","floor":14,"turns":2},{"damage":49,"enemies":"The Guardian","floor":16,"turns":8},{"damage":4,"enemies":"Chosen","floor":18,"turns":4},{"damage":9,"enemies":"Colosseum Slavers","floor":19,"turns":3},{"damage":38,"enemies":"Colosseum Nobs","floor":19,"turns":5},{"damage":7,"enemies":"Spheric Guardian","floor":20,"turns":3},{"damage":47,"enemies":"Book of Stabbing","floor":24,"turns":4}],"seed_played":"-4437993369303714458","potions_obtained":[{"floor":1,"key":"AttackPotion"},{"floor":11,"key":"Ancient Potion"},{"floor":13,"key":"SkillPotion"},{"floor":14,"key":"FearPotion"},{"floor":18,"key":"SpeedPotion"},{"floor":20,"key":"Fire Potion"}],"is_trial":false,"path_per_floor":["M","$","?","?","M","E","R","M","T","$","M","?","M","M","R","B",null,"M","?","M","?","?","R","E"],"character_chosen":"DEFECT","items_purchased":["Scrape"],"campfire_rested":1,"item_purchase_floors":[2],"current_hp_per_floor":[75,75,75,80,80,80,80,80,80,80,80,80,71,71,71,31,80,76,29,22,22,22,46,0],"gold":631,"neow_bonus":"THREE_ENEMY_KILL","is_prod":false,"is_daily":false,"chose_seed":false,"campfire_upgraded":2,"win_rate":0,"timestamp":1553485695,"path_taken":["M","$","?","?","M","E","R","M","T","$","M","?","?","M","R","BOSS","M","?","M","?","?","R","E"],"build_version":"2019-01-23","purchased_purges":0,"victory":false,"max_hp_per_floor":[75,75,75,80,80,80,80,80,80,80,80,80,80,80,80,80,80,80,80,80,80,80,80,80],"card_choices":[{"not_picked":["Go for the Eyes","Loop"],"picked":"Rip and Tear","floor":1},{"not_picked":["Ball Lightning","Steam"],"picked":"Streamline","floor":5},{"not_picked":["Self Repair","Creative AI"],"picked":"Gash","floor":6},{"not_picked":["Stack","Ball Lightning"],"picked":"Turbo","floor":8},{"not_picked":["Streamline","Aggregate"],"picked":"Go for the Eyes","floor":11},{"not_picked":["Stack","Cold Snap"],"picked":"Scrape","floor":13},{"not_picked":["Double Energy","Steam","Streamline"],"picked":"SKIP","floor":14},{"not_picked":["Sunder","Chaos+1"],"picked":"Go for the Eyes+1","floor":18},{"not_picked":["Rip and Tear","Hello World","Aggregate"],"picked":"SKIP","floor":20}],"player_experience":486988,"relics_obtained":[{"floor":6,"key":"Thread and Needle"},{"floor":9,"key":"Pantograph"},{"floor":19,"key":"Unceasing Top"},{"floor":19,"key":"Symbiotic Virus"}],"event_choices":[{"damage_healed":18,"gold_gain":0,"player_choice":"Healed","damage_taken":0,"max_hp_gain":0,"max_hp_loss":0,"event_name":"The Cleric","floor":3,"gold_loss":35},{"damage_healed":0,"gold_gain":0,"player_choice":"Donut","damage_taken":0,"max_hp_gain":5,"max_hp_loss":0,"event_name":"Big Fish","floor":4,"gold_loss":0},{"damage_healed":0,"gold_gain":0,"player_choice":"Gave Potion","damage_taken":0,"relics_obtained":["Old Coin"],"max_hp_gain":0,"max_hp_loss":0,"event_name":"WeMeetAgain","floor":12,"gold_loss":0},{"damage_healed":0,"gold_gain":0,"player_choice":"Fight","damage_taken":0,"max_hp_gain":0,"max_hp_loss":0,"event_name":"Colosseum","floor":19,"gold_loss":0},{"damage_healed":0,"gold_gain":0,"player_choice":"Fought Nobs","damage_taken":0,"max_hp_gain":0,"max_hp_loss":0,"event_name":"Colosseum","floor":19,"gold_loss":0},{"damage_healed":0,"gold_gain":0,"player_choice":"Opened","damage_taken":0,"relics_obtained":["Letter Opener"],"max_hp_gain":0,"max_hp_loss":0,"event_name":"The Mausoleum","floor":21,"gold_loss":0},{"damage_healed":0,"gold_gain":0,"player_choice":"Ignored","damage_taken":0,"max_hp_gain":0,"max_hp_loss":0,"event_name":"Ghosts","floor":22,"gold_loss":0}],"is_beta":false,"boss_relics":[{"not_picked":["Pandora\u0027s Box","Snecko Eye"],"picked":"Empty Cage"}],"items_purged_floors":[],"is_endless":false,"potions_floor_spawned":[1,11,13,14,18,20],"killed_by":"Book of Stabbing","ascension_level":3}