{"gold_per_floor":[113,123,138,157,7,38,9,9,58,8,8,8],"floor_reached":12,"playtime":687,"items_purged":["Strike_G","Strike_G"],"score":78,"play_id":"754f6538-3f82-4806-9580-08fb4cda4c94","local_time":"20190329112433","is_ascension_mode":false,"campfire_choices":[{"floor":8,"key":"REST"}],"neow_cost":"NONE","seed_source_timestamp":296215052377260,"circlet_count":0,"master_deck":["Defend_G","Defend_G","Defend_G","Defend_G","Defend_G","Strike_G","Strike_G","Strike_G","Survivor","Neutralize","Backflip","Dodge and Roll","PiercingWail","Well Laid Plans"],"relics":["Ring of the Snake","Matryoshka","Centennial Puzzle","Smiling Mask","GremlinMask"],"potions_floor_usage":[4,6],"damage_taken":[{"damage":3,"enemies":"Jaw Worm","floor":1,"turns":5},{"damage":0,"enemies":"Small Slimes","floor":2,"turns":6},{"damage":1,"enemies":"Cultist","floor":3,"turns":4},{"damage":4,"enemies":"Gremlin Gang","floor":4,"turns":5},{"damage":46,"enemies":"Gremlin Nob","floor":6,"turns":7},{"damage":0,"enemies":"Looter","floor":12,"turns":1}],"seed_played":"8867428983303148697","potions_obtained":[{"floor":1,"key":"LiquidBronze"},{"floor":2,"key":"PowerPotion"}],"is_trial":false,"path_per_floor":["?","?"],"character_chosen":"THE_SILENT","items_purchased":["Well Laid Plans"],"campfire_rested":1,"item_purchase_floors":[5],"current_hp_per_floor":[74,74,73,69,69,23,23,46,46,46,46,46],"gold":8,"neow_bonus":"TEN_PERCENT_HP_BONUS","is_prod":false,"is_daily":false,"chose_seed":false,"campfire_upgraded":0,"win_rate":0,"timestamp":1553869473,"path_taken":["M","M","M","M","$","E","?","R","T","$","?","M"],"build_version":"2019-01-23","purchased_purges":2,"victory":false,"max_hp_per_floor":[77,77,77,77,77,77,77,77,77,77,77,77],"card_choices":[{"not_picked":["Crippling Poison","Reflex"],"picked":"Backflip","floor":1},{"not_picked":["Underhanded Strike","Skewer"],"picked":"Dodge and Roll","floor":2},{"not_picked":["Acrobatics","Sucker Punch"],"picked":"PiercingWail","floor":3},{"not_picked":["Endless Agony","Quick Slash","Bane"],"picked":"SKIP","floor":4},{"not_picked":["PiercingWail","Wraith Form v2","Burst"],"picked":"SKIP","floor":6}],"player_experience":494837,"relics_obtained":[{"floor":6,"key":"Matryoshka"},{"floor":9,"key":"Centennial Puzzle"},{"floor":9,"key":"Smiling Mask"}],"event_choices":[{"damage_healed":0,"gold_gain":0,"player_choice":"Left Gold","damage_taken":0,"max_hp_gain":0,"max_hp_loss":0,"event_name":"World of Goop","floor":7,"gold_loss":29},{"damage_healed":0,"gold_gain":0,"player_choice":"Trade","damage_taken":0,"relics_obtained":["GremlinMask"],"max_hp_gain":0,"max_hp_loss":0,"event_name":"FaceTrader","floor":11,"gold_loss":0}],"is_beta":false,"boss_relics":[],"items_purged_floors":[5,10],"is_endless":false,"potions_floor_spawned":[1,2],"killed_by":"Looter","ascension_level":0}