{"gold_per_floor":[116,131,148,98,45,45,75,95,165,165,101,101,120,120,120,219,219,238,218,234,234,195,195,215,315,365,395,395,216,216,235,235,235],"floor_reached":33,"playtime":2700,"items_purged":[],"score":278,"play_id":"97535a8d-bffa-4a93-aa5d-7599ac0ff231","local_time":"20190307083627","is_ascension_mode":false,"campfire_choices":[{"data":"Cleave","floor":6,"key":"SMITH"},{"data":"Clothesline","floor":10,"key":"SMITH"},{"data":"Thunderclap","floor":15,"key":"SMITH"},{"data":"RitualDagger","floor":23,"key":"SMITH"},{"floor":28,"key":"REST"},{"floor":32,"key":"REST"}],"neow_cost":"NONE","seed_source_timestamp":462799798527474,"circlet_count":0,"master_deck":["Strike_R","Strike_R","Strike_R","Strike_R","Defend_R","Defend_R","Defend_R+1","Defend_R","Bash+1","Shrug It Off","Headbutt","Ghostly Armor","Cleave+1","Pommel Strike","Clothesline+1","Inflame","Thunderclap+1","Immolate","Flex+1","Dropkick","RitualDagger+1","Shrug It Off","Ghostly Armor","Shrug It Off+1","Disarm+1","RitualDagger+1","Shrug It Off"],"relics":["Burning Blood","Odd Mushroom","The Courier","Blood Vial","Runic Pyramid","FossilizedHelix","Pantograph","War Paint","DollysMirror","NlothsMask"],"potions_floor_usage":[7,7,18,20,25,25,27,31],"damage_taken":[{"damage":8,"enemies":"Jaw Worm","floor":1,"turns":3},{"damage":9,"enemies":"Small Slimes","floor":2,"turns":4},{"damage":2,"enemies":"Cultist","floor":3,"turns":4},{"damage":8,"enemies":"The Mushroom Lair","floor":7,"turns":3},{"damage":1,"enemies":"2 Fungi Beasts","floor":8,"turns":2},{"damage":0,"enemies":"Blue Slaver","floor":13,"turns":3},{"damage":40,"enemies":"Slime Boss","floor":16,"turns":9},{"damage":0,"enemies":"2 Thieves","floor":18,"turns":1},{"damage":14,"enemies":"Spheric Guardian","floor":20,"turns":4},{"damage":25,"enemies":"Cultist and Chosen","floor":24,"turns":7},{"damage":14,"enemies":"Colosseum Slavers","floor":25,"turns":5},{"damage":24,"enemies":"Colosseum Nobs","floor":25,"turns":4},{"damage":28,"enemies":"Slavers","floor":27,"turns":5},{"damage":6,"enemies":"Shelled Parasite and Fungi","floor":31,"turns":3},{"damage":87,"enemies":"Collector","floor":33,"turns":15}],"seed_played":"3007463292964269232","potions_obtained":[{"floor":1,"key":"LiquidBronze"},{"floor":2,"key":"Poison Potion"},{"floor":7,"key":"LiquidBronze"},{"floor":8,"key":"Ancient Potion"},{"floor":16,"key":"Energy Potion"},{"floor":18,"key":"AttackPotion"},{"floor":19,"key":"BloodPotion"},{"floor":25,"key":"AttackPotion"},{"floor":27,"key":"PowerPotion"}],"is_trial":false,"path_per_floor":["?","?","?","M","?","?","M","?","?","?"],"character_chosen":"IRONCLAD","items_purchased":["Cleave","Inflame","Shrug It Off","DollysMirror","Shrug It Off"],"campfire_rested":2,"item_purchase_floors":[5,11,22,29,29],"current_hp_per_floor":[78,75,79,79,79,79,77,80,80,80,80,80,80,85,85,51,85,85,85,77,71,71,71,54,40,40,20,45,45,45,47,72,0],"gold":235,"neow_bonus":"UPGRADE_CARD","is_prod":false,"is_daily":false,"chose_seed":false,"campfire_upgraded":4,"win_rate":0,"timestamp":1551958587,"path_taken":["M","M","M","?","$","R","?","M","T","R","$","?","?","?","R","BOSS","M","?","?","?","$","R","M","?","T","E","R","$","?","M","R","BOSS"],"build_version":"2019-01-23","purchased_purges":0,"victory":false,"max_hp_per_floor":[80,80,80,80,80,80,80,80,80,80,80,80,80,85,85,85,85,85,85,85,85,85,85,85,85,85,85,85,85,85,85,85,85],"card_choices":[{"not_picked":["Sentinel","Clash"],"picked":"Shrug It Off","floor":1},{"not_picked":["Shrug It Off","Entrench"],"picked":"Headbutt","floor":2},{"not_picked":["Warcry","Sword Boomerang"],"picked":"Ghostly Armor","floor":3},{"not_picked":["Battle Trance","Seeing Red"],"picked":"Pommel Strike","floor":7},{"not_picked":["Sword Boomerang","Battle Trance"],"picked":"Clothesline","floor":8},{"not_picked":["Berserk","Sentinel"],"picked":"Thunderclap","floor":13},{"not_picked":["Demon Form","Offering"],"picked":"Immolate","floor":16},{"not_picked":["Wild Strike","Combust+1"],"picked":"Flex+1","floor":18},{"not_picked":["Havoc","Armaments"],"picked":"Dropkick","floor":20},{"not_picked":["Spot Weakness","Whirlwind"],"picked":"Ghostly Armor","floor":24},{"not_picked":["Anger","Twin Strike"],"picked":"Shrug It Off","floor":25},{"not_picked":["Thunderclap","Intimidate"],"picked":"Disarm+1","floor":27},{"not_picked":["Hemokinesis","Entrench+1","True Grit+1"],"picked":"SKIP","floor":31}],"player_experience":270020,"relics_obtained":[{"floor":7,"key":"Odd Mushroom"},{"floor":9,"key":"The Courier"},{"floor":25,"key":"FossilizedHelix"},{"floor":25,"key":"Pantograph"},{"floor":27,"key":"War Paint"}],"event_choices":[{"cards_removed":["Strike_R"],"damage_healed":0,"gold_gain":0,"player_choice":"Card Removal","damage_taken":0,"max_hp_gain":0,"max_hp_loss":0,"event_name":"The Cleric","floor":4,"gold_loss":50},{"damage_healed":0,"gold_gain":0,"player_choice":"Fought Mushrooms","damage_taken":0,"max_hp_gain":0,"max_hp_loss":0,"event_name":"Mushrooms","floor":7,"gold_loss":0},{"damage_healed":0,"gold_gain":0,"player_choice":"Gave Potion","damage_taken":0,"relics_obtained":["Blood Vial"],"max_hp_gain":0,"max_hp_loss":0,"event_name":"WeMeetAgain","floor":12,"gold_loss":0},{"damage_healed":0,"gold_gain":0,"player_choice":"Donut","damage_taken":0,"max_hp_gain":5,"max_hp_loss":0,"event_name":"Big Fish","floor":14,"gold_loss":0},{"damage_healed":0,"gold_gain":0,"player_choice":"Bought 1 Potion","damage_taken":0,"max_hp_gain":0,"max_hp_loss":0,"event_name":"The Woman in Blue","floor":19,"gold_loss":0},{"damage_healed":0,"gold_gain":0,"player_choice":"Joined the Cult","damage_taken":6,"max_hp_gain":0,"max_hp_loss":0,"event_name":"Nest","floor":21,"gold_loss":0,"cards_obtained":["RitualDagger"]},{"damage_healed":0,"gold_gain":0,"player_choice":"Fight","damage_taken":0,"max_hp_gain":0,"max_hp_loss":0,"event_name":"Colosseum","floor":25,"gold_loss":0},{"damage_healed":0,"gold_gain":0,"player_choice":"Fought Nobs","damage_taken":0,"max_hp_gain":0,"max_hp_loss":0,"event_name":"Colosseum","floor":25,"gold_loss":0},{"damage_healed":0,"gold_gain":0,"player_choice":"Trade","damage_taken":0,"relics_obtained":["NlothsMask"],"max_hp_gain":0,"max_hp_loss":0,"event_name":"FaceTrader","floor":30,"gold_loss":0}],"is_beta":false,"boss_relics":[{"not_picked":["White Beast Statue","Astrolabe"],"picked":"Runic Pyramid"}],"items_purged_floors":[],"is_endless":false,"potions_floor_spawned":[1,2,7,8,16,18,25,27],"killed_by":"Collector","ascension_level":0}