{"gold_per_floor":[214,139,89,89,99,134,134,134,134,134,309,330,361,377,377,502,502,520,185,185,185,60,60,91,16,40,55,154,171,171],"floor_reached":30,"playtime":1019,"items_purged":["Defend_B","Doubt","Strike_B"],"score":254,"play_id":"7c8731ac-c09b-4e04-84c5-b4141306bb47","local_time":"20180709134920","is_ascension_mode":false,"campfire_choices":[{"floor":8,"key":"REST"},{"data":"Chaos","floor":10,"key":"SMITH"},{"floor":15,"key":"REST"},{"floor":23,"key":"REST"}],"neow_cost":"NONE","seed_source_timestamp":1597644073851383,"circlet_count":0,"master_deck":["Strike_B","Defend_B","Defend_B","Zap","Dualcast","Compile Driver","Chaos+1","Darkness","Redo","Seek","FTL","Coolheaded","Fusion"],"relics":["Cracked Core","Anchor","Bloody Idol","Mummified Hand","Darkstone Periapt","Inserter","DataDisk","Art of War","Happy Flower"],"potions_floor_usage":[14,16,16],"damage_taken":[{"damage":4,"enemies":"2 Louse","floor":1,"turns":3},{"damage":3,"enemies":"Small Slimes","floor":5,"turns":3},{"damage":40,"enemies":"Gremlin Nob","floor":6,"turns":4},{"damage":1,"enemies":"Cultist","floor":12,"turns":3},{"damage":17,"enemies":"Lagavulin","floor":13,"turns":5},{"damage":0,"enemies":"Gremlin Gang","floor":14,"turns":3},{"damage":12,"enemies":"Slime Boss","floor":16,"turns":8},{"damage":42,"enemies":"3 Byrds","floor":18,"turns":5},{"damage":27,"enemies":"Slavers","floor":24,"turns":6},{"damage":0,"enemies":"Shell Parasite","floor":27,"turns":4},{"damage":23,"enemies":"Snake Plant","floor":29,"turns":3},{"damage":10,"enemies":"Slaver and Parasite","floor":30,"turns":1}],"seed_played":"-649006025494953306","potions_obtained":[{"floor":5,"key":"Energy Potion"},{"floor":6,"key":"SteroidPotion"},{"floor":12,"key":"SteroidPotion"},{"floor":14,"key":"Block Potion"},{"floor":29,"key":"Strength Potion"}],"is_trial":false,"path_per_floor":["M","$","?","?","M","E","?","R","T","R","?","M","E","M","R","B",null,"M","$","?","?","$","R","E","?","T","M","?","M"],"character_chosen":"DEFECT","items_purchased":["FTL","Coolheaded","DataDisk"],"campfire_rested":3,"item_purchase_floors":[19,19,19],"current_hp_per_floor":[71,71,71,71,68,28,28,48,48,48,48,47,30,30,50,38,69,27,27,11,11,11,31,9,9,14,19,24,6,0],"gold":171,"neow_bonus":"HUNDRED_GOLD","is_prod":false,"is_daily":false,"chose_seed":false,"campfire_upgraded":1,"win_rate":0.0,"timestamp":1531158560,"path_taken":["M","$","?","?","M","E","?","R","T","R","?","M","E","M","R","BOSS","M","$","?","?","$","R","E","?","T","?","?","M","M"],"build_version":"2018-07-05","purchased_purges":3,"victory":false,"max_hp_per_floor":[75,75,75,75,75,75,69,69,69,69,69,69,69,69,69,69,69,69,69,69,69,69,69,69,69,69,69,69,69,69],"card_choices":[{"not_picked":["Ball Lightning","Conserve Battery"],"picked":"Compile Driver","floor":1},{"not_picked":["White Noise","Turbo"],"picked":"Chaos","floor":5},{"not_picked":["Buffer","Sweeping Beam"],"picked":"Darkness","floor":6},{"not_picked":["Barrage","Defragment"],"picked":"Redo","floor":12},{"not_picked":["Chaos","Stack","Redo"],"picked":"SKIP","floor":13},{"not_picked":["Gash","Darkness","Steam"],"picked":"SKIP","floor":14},{"not_picked":["Core Surge","Multi-Cast"],"picked":"Seek","floor":16},{"not_picked":["Beam Cell","Blizzard","Stack+1"],"picked":"SKIP","floor":18},{"not_picked":["Sweeping Beam","Lockon","Double Energy"],"picked":"SKIP","floor":24},{"not_picked":["Chill","Conserve Battery","Static Discharge"],"picked":"SKIP","floor":27},{"not_picked":["Darkness","Turbo"],"picked":"Fusion","floor":29}],"player_experience":149906,"relics_obtained":[{"floor":6,"key":"Anchor"},{"floor":9,"key":"Mummified Hand"},{"floor":13,"key":"Darkstone Periapt"},{"floor":24,"key":"Art of War"},{"floor":26,"key":"Happy Flower"}],"event_choices":[{"event_name":"The Cleric","player_choice":"Card Removal","floor":3,"damage_taken":0},{"event_name":"Bonfire Elementals","player_choice":"BASIC","floor":4,"damage_taken":0},{"event_name":"Golden Idol","player_choice":"Lose Max HP","floor":7,"damage_taken":0},{"event_name":"Liars Game","player_choice":"agreed","floor":11,"damage_taken":0},{"event_name":"Cursed Tome","player_choice":"Obtained Book","floor":20,"damage_taken":0},{"event_name":"Forgotten Altar","player_choice":"Gave Idol","floor":21,"damage_taken":0},{"event_name":"Beggar","player_choice":"Gave Gold","floor":25,"damage_taken":0},{"event_name":"Nest","player_choice":"Stole From Cult","floor":28,"damage_taken":0}],"boss_relics":[{"not_picked":["Runic Dome","Ectoplasm"],"picked":"Inserter"}],"items_purged_floors":[2,19,22],"is_endless":false,"potions_floor_spawned":[5,6,12,14,29],"killed_by":"Slaver and Parasite","ascension_level":0}