{"gold_per_floor":[111,131,131,131,144,144,160,160,160,186,198,216,229,253,253,351,351,369,279,293,293,310,310,235,235,260,260,278,178,178,193,193,293,293,305,7,107,125,125,125,137,86,113,113],"floor_reached":44,"playtime":1227,"items_purged":["Defend_B","Strike_B"],"score":474,"play_id":"b322dcd5-3cae-4b50-958e-30d87c2d89d1","local_time":"20190324211112","is_ascension_mode":true,"campfire_choices":[{"data":"Beam Cell","floor":6,"key":"SMITH"},{"data":"Zap","floor":8,"key":"SMITH"},{"floor":15,"key":"REST"},{"data":"Scrape","floor":23,"key":"SMITH"},{"data":"Scrape","floor":25,"key":"SMITH"},{"data":"Dualcast","floor":27,"key":"SMITH"},{"floor":32,"key":"REST"},{"floor":40,"key":"REST"}],"neow_cost":"NONE","seed_source_timestamp":7855855699320524,"circlet_count":0,"master_deck":["Strike_B","Strike_B","Strike_B+1","Defend_B","Zap+1","Dualcast+1","Beam Cell+1","Sweeping Beam+1","Cold Snap","Scrape+1","Seek","Scrape+1","Go for the Eyes","Necronomicurse","Gash","Gash"],"relics":["Cracked Core","Du-Vu Doll","Unceasing Top","Oddly Smooth Stone","Potion Belt","Busted Crown","Juzu Bracelet","Necronomicon","Runic Dome","Sundial","Bird Faced Urn","Bag of Marbles"],"potions_floor_usage":[10,12,21,28,31,33,33,41],"damage_taken":[{"damage":4,"enemies":"Jaw Worm","floor":1,"turns":4},{"damage":5,"enemies":"Small Slimes","floor":2,"turns":3},{"damage":0,"enemies":"Cultist","floor":5,"turns":2},{"damage":0,"enemies":"Exordium Wildlife","floor":7,"turns":3},{"damage":21,"enemies":"Lagavulin","floor":10,"turns":4},{"damage":0,"enemies":"3 Louse","floor":11,"turns":1},{"damage":0,"enemies":"Lots of Slimes","floor":12,"turns":2},{"damage":5,"enemies":"Blue Slaver","floor":13,"turns":3},{"damage":42,"enemies":"Hexaghost","floor":16,"turns":9},{"damage":22,"enemies":"2 Thieves","floor":18,"turns":3},{"damage":16,"enemies":"Spheric Guardian","floor":20,"turns":4},{"damage":0,"enemies":"Chosen and Byrds","floor":21,"turns":1},{"damage":11,"enemies":"Centurion and Healer","floor":22,"turns":4},{"damage":0,"enemies":"3 Cultists","floor":28,"turns":3},{"damage":12,"enemies":"Cultist and Chosen","floor":31,"turns":2},{"damage":21,"enemies":"Collector","floor":33,"turns":6},{"damage":3,"enemies":"3 Darklings","floor":35,"turns":3},{"damage":0,"enemies":"Mind Bloom Boss Battle","floor":37,"turns":6},{"damage":54,"enemies":"3 Shapes","floor":38,"turns":2},{"damage":15,"enemies":"Jaw Worm Horde","floor":41,"turns":2},{"damage":45,"enemies":"Nemesis","floor":44,"turns":3}],"seed_played":"-3843605370059055908","potions_obtained":[{"floor":1,"key":"SmokeBomb"},{"floor":7,"key":"Weak Potion"},{"floor":10,"key":"AttackPotion"},{"floor":16,"key":"Swift Potion"},{"floor":22,"key":"SteroidPotion"},{"floor":28,"key":"SteroidPotion"},{"floor":31,"key":"Block Potion"},{"floor":38,"key":"AttackPotion"}],"is_trial":false,"path_per_floor":["M","M","?","?","M","R","M","R","T","E","M","M","M","T","R","B",null,"M","?","M","M","M","R","$","R","T","R","M","$","?","M","R","B",null,"M","$","?","M","?","R","M","$","T","E"],"character_chosen":"DEFECT","items_purchased":["Gash","Sundial","Gash"],"campfire_rested":3,"item_purchase_floors":[36,36,42],"current_hp_per_floor":[78,73,57,57,57,57,57,57,57,36,36,36,31,31,55,13,82,60,60,44,44,33,33,33,33,33,33,33,33,17,5,29,8,82,79,79,79,25,25,49,34,34,34,0],"gold":113,"neow_bonus":"TEN_PERCENT_HP_BONUS","is_prod":false,"is_daily":false,"chose_seed":false,"campfire_upgraded":5,"win_rate":0,"timestamp":1553476272,"path_taken":["M","M","?","?","M","R","M","R","T","E","?","M","M","?","R","BOSS","M","?","M","?","M","R","$","R","T","R","M","$","?","M","R","BOSS","M","$","?","M","?","R","M","?","T","E"],"build_version":"2019-01-23","purchased_purges":2,"victory":false,"max_hp_per_floor":[82,82,82,82,82,82,82,82,82,82,82,82,82,82,82,82,82,82,82,82,82,82,82,82,82,82,82,82,82,82,82,82,82,82,82,82,82,82,82,82,82,82,82,82],"card_choices":[{"not_picked":["Stack","Glacier"],"picked":"Beam Cell","floor":1},{"not_picked":["Go for the Eyes","Steam"],"picked":"Sweeping Beam","floor":2},{"not_picked":["Turbo","Redo"],"picked":"Cold Snap","floor":5},{"not_picked":["Beam Cell","Recycle","Sweeping Beam"],"picked":"SKIP","floor":7},{"not_picked":["Coolheaded","Conserve Battery","Sunder"],"picked":"SKIP","floor":10},{"not_picked":["Steam","Steam Power"],"picked":"Scrape","floor":11},{"not_picked":["Conserve Battery","Hello World","Ball Lightning"],"picked":"SKIP","floor":12},{"not_picked":["Redo","Storm","Streamline"],"picked":"SKIP","floor":13},{"not_picked":["Buffer","Rainbow"],"picked":"Seek","floor":16},{"not_picked":[],"picked":"Scrape","floor":18},{"not_picked":[],"picked":"Go for the Eyes","floor":20},{"not_picked":["Streamline"],"picked":"SKIP","floor":22},{"not_picked":["Leap+1"],"picked":"SKIP","floor":28},{"not_picked":["Biased Cognition"],"picked":"SKIP","floor":31},{"not_picked":["Cold Snap"],"picked":"SKIP","floor":35},{"not_picked":["Streamline+1"],"picked":"SKIP","floor":38},{"not_picked":["Streamline+1"],"picked":"SKIP","floor":41}],"player_experience":477813,"relics_obtained":[{"floor":4,"key":"Du-Vu Doll"},{"floor":9,"key":"Unceasing Top"},{"floor":10,"key":"Oddly Smooth Stone"},{"floor":14,"key":"Potion Belt"},{"floor":26,"key":"Juzu Bracelet"},{"floor":30,"key":"Necronomicon"},{"floor":37,"key":"Bird Faced Urn"},{"floor":43,"key":"Bag of Marbles"}],"event_choices":[{"damage_healed":0,"gold_gain":0,"player_choice":"Entered Light","damage_taken":16,"max_hp_gain":0,"max_hp_loss":0,"event_name":"Shining Light","floor":3,"gold_loss":0,"cards_upgraded":["Sweeping Beam","Strike_B"]},{"damage_healed":0,"gold_gain":0,"player_choice":"Relic","damage_taken":0,"max_hp_gain":0,"max_hp_loss":0,"event_name":"Wheel of Change","floor":4,"gold_loss":0},{"cards_removed":["Defend_B"],"damage_healed":0,"gold_gain":0,"player_choice":"Upgrade and Remove","damage_taken":0,"max_hp_gain":0,"max_hp_loss":0,"event_name":"Designer","floor":19,"gold_loss":90,"cards_upgraded":["Defend_B"]},{"damage_healed":0,"gold_gain":0,"player_choice":"Obtained Book","damage_taken":16,"max_hp_gain":0,"max_hp_loss":0,"event_name":"Cursed Tome","floor":30,"gold_loss":0},{"damage_healed":0,"gold_gain":0,"player_choice":"Fight","damage_taken":0,"max_hp_gain":0,"max_hp_loss":0,"event_name":"MindBloom","floor":37,"gold_loss":0},{"cards_removed":["Defend_B"],"damage_healed":0,"gold_gain":0,"player_choice":"Removed Skill","damage_taken":0,"max_hp_gain":0,"max_hp_loss":0,"event_name":"Falling","floor":39,"gold_loss":0}],"is_beta":false,"boss_relics":[{"not_picked":["White Beast Statue","Calling Bell"],"picked":"Busted Crown"},{"not_picked":["Astrolabe","Coffee Dripper"],"picked":"Runic Dome"}],"items_purged_floors":[24,29],"is_endless":false,"potions_floor_spawned":[1,7,10,16,21,22,28,31,38],"killed_by":"Nemesis","ascension_level":3}