{"gold_per_floor":[366,366,378,2,17,17,35,35,106,106,119,50,66,91,91,91],"floor_reached":16,"playtime":481,"items_purged":["Static Discharge"],"score":122,"play_id":"e821a6a7-b1dc-49cc-9a20-7141cb669ce2","local_time":"20190326010757","is_ascension_mode":true,"campfire_choices":[{"data":"Zap","floor":6,"key":"SMITH"},{"data":"Dualcast","floor":8,"key":"SMITH"},{"data":"Sweeping Beam","floor":10,"key":"SMITH"},{"data":"Beam Cell","floor":15,"key":"SMITH"}],"neow_cost":"TEN_PERCENT_HP_LOSS","seed_source_timestamp":7957211037060646,"circlet_count":0,"master_deck":["Strike_B","Strike_B","Strike_B","Strike_B","Defend_B","Defend_B","Defend_B","Defend_B","Zap+1","Dualcast+1","Bandage Up","All For One","Sweeping Beam+1","Beam Cell+1","Auto Shields"],"relics":["Cracked Core","Shuriken","Bottled Lightning","Lantern"],"potions_floor_usage":[7,14,16],"damage_taken":[{"damage":0,"enemies":"2 Louse","floor":1,"turns":4},{"damage":1,"enemies":"Cultist","floor":3,"turns":3},{"damage":3,"enemies":"Jaw Worm","floor":5,"turns":4},{"damage":14,"enemies":"Red Slaver","floor":7,"turns":2},{"damage":23,"enemies":"Exordium Thugs","floor":11,"turns":2},{"damage":0,"enemies":"Large Slime","floor":13,"turns":3},{"damage":10,"enemies":"Gremlin Nob","floor":14,"turns":4},{"damage":32,"enemies":"Slime Boss","floor":16,"turns":5}],"seed_played":"1222931035545044736","potions_obtained":[{"floor":1,"key":"Poison Potion"},{"floor":7,"key":"SpeedPotion"},{"floor":11,"key":"PowerPotion"},{"floor":13,"key":"Energy Potion"},{"floor":14,"key":"LiquidBronze"}],"is_trial":false,"path_per_floor":["M","?","M","$","M","R","M","R","T","R","M","$","M","E","R","B"],"character_chosen":"DEFECT","items_purchased":["Shuriken","Sweeping Beam","Auto Shields"],"campfire_rested":0,"item_purchase_floors":[4,4,12],"current_hp_per_floor":[68,68,67,67,67,67,53,53,53,53,30,30,34,28,28,0],"gold":91,"neow_bonus":"TWO_FIFTY_GOLD","is_prod":false,"is_daily":false,"chose_seed":false,"campfire_upgraded":4,"win_rate":0,"timestamp":1553576877,"path_taken":["M","?","M","$","M","R","M","R","T","R","M","$","M","E","R","BOSS"],"build_version":"2019-01-23","purchased_purges":1,"victory":false,"max_hp_per_floor":[68,68,68,68,68,68,68,68,68,68,68,68,68,68,68,68],"card_choices":[{"not_picked":["Fusion","Redo"],"picked":"Static Discharge","floor":1},{"not_picked":["Tempest","Conserve Battery","Cold Snap"],"picked":"SKIP","floor":3},{"not_picked":["Chaos","Defragment","Self Repair"],"picked":"SKIP","floor":5},{"not_picked":["Turbo","Compile Driver"],"picked":"Beam Cell","floor":7},{"not_picked":["Compile Driver","Go for the Eyes","Turbo"],"picked":"SKIP","floor":11},{"not_picked":["White Noise","Recycle","Reinforced Body"],"picked":"SKIP","floor":13},{"not_picked":["Lockon","Steam","Blizzard"],"picked":"SKIP","floor":14}],"player_experience":518911,"relics_obtained":[{"floor":9,"key":"Bottled Lightning"},{"floor":14,"key":"Lantern"}],"event_choices":[{"damage_healed":0,"gold_gain":0,"player_choice":"2 cards matched","damage_taken":0,"max_hp_gain":0,"max_hp_loss":0,"event_name":"Match and Keep!","floor":2,"gold_loss":0,"cards_obtained":["Bandage Up","All For One"]}],"is_beta":false,"boss_relics":[],"items_purged_floors":[4],"is_endless":false,"potions_floor_spawned":[1,7,11,13,14],"killed_by":"Slime Boss","ascension_level":4}