{"gold_per_floor":[210,285,300,300,11,44,44,44,90,90,100,111,127,49,49,152,152,136,146,6,6,6],"floor_reached":22,"playtime":3023,"items_purged":[],"score":184,"play_id":"1808bdf4-8631-460e-bcd4-6a746b4da020","local_time":"20190131052730","is_ascension_mode":false,"campfire_choices":[{"floor":7,"key":"REST"},{"data":"The Bomb","floor":10,"key":"SMITH"},{"data":"Well Laid Plans","floor":15,"key":"SMITH"}],"neow_cost":"NONE","seed_source_timestamp":753380304811146,"circlet_count":0,"master_deck":["Defend_G","Defend_G","Defend_G","Defend_G","Defend_G","Strike_G","Strike_G","Strike_G","Strike_G","Strike_G","Survivor","Neutralize","Skewer","Acrobatics","Prepared","Enlightenment","The Bomb+1","Blur","Dash","Noxious Fumes","Footwork","Well Laid Plans+1","Bullet Time","Calculated Gamble","Underhanded Strike","Endless Agony","Riddle With Holes","PiercingWail","Terror","Night Terror","Flying Knee","Dramatic Entrance"],"relics":["Ring of the Snake","Tingsha","Shuriken","Paper Crane","Orichalcum","Orrery","MutagenicStrength"],"potions_floor_usage":[22,22],"damage_taken":[{"damage":0,"enemies":"Small Slimes","floor":1,"turns":3},{"damage":0,"enemies":"2 Louse","floor":3,"turns":2},{"damage":16,"enemies":"Gremlin Nob","floor":6,"turns":4},{"damage":0,"enemies":"Cultist","floor":11,"turns":4},{"damage":8,"enemies":"Red Slaver","floor":12,"turns":3},{"damage":10,"enemies":"Lots of Slimes","floor":13,"turns":5},{"damage":23,"enemies":"Slime Boss","floor":16,"turns":7},{"damage":19,"enemies":"2 Thieves","floor":18,"turns":4},{"damage":8,"enemies":"3 Byrds","floor":19,"turns":3},{"damage":13,"enemies":"Colosseum Slavers","floor":22,"turns":4},{"damage":32,"enemies":"Colosseum Nobs","floor":22,"turns":7}],"seed_played":"-6180601269282686605","potions_obtained":[{"floor":1,"key":"FearPotion"},{"floor":3,"key":"EssenceOfSteel"},{"floor":6,"key":"AttackPotion"},{"floor":13,"key":"SmokeBomb"}],"is_trial":false,"path_per_floor":["?","?","?","M","$","M","?","?"],"character_chosen":"THE_SILENT","items_purchased":["Prepared","Enlightenment","The Bomb","Well Laid Plans","Flying Knee","Dramatic Entrance"],"campfire_rested":1,"item_purchase_floors":[5,5,5,14,20,20],"current_hp_per_floor":[70,59,59,47,47,31,52,52,52,52,52,44,34,34,34,11,70,51,43,43,43,0],"gold":6,"neow_bonus":"HUNDRED_GOLD","is_prod":false,"is_daily":false,"chose_seed":false,"campfire_upgraded":2,"win_rate":0.0,"timestamp":1548923250,"path_taken":["M","?","M","?","$","E","R","?","T","R","M","?","M","?","R","BOSS","M","?","$","?","?"],"build_version":"2019-01-23","purchased_purges":0,"victory":false,"max_hp_per_floor":[70,70,70,70,70,70,70,70,70,70,70,70,70,70,70,70,70,70,70,70,70,70],"card_choices":[{"not_picked":["Predator","Choke"],"picked":"Skewer","floor":1},{"not_picked":["Dodge and Roll","Skewer"],"picked":"Acrobatics","floor":3},{"not_picked":["Calculated Gamble","Tactician"],"picked":"Blur","floor":6},{"not_picked":["Dagger Spray","Bouncing Flask"],"picked":"Dash","floor":11},{"not_picked":["Dagger Throw","Quick Slash"],"picked":"Noxious Fumes","floor":12},{"not_picked":["Skewer","Quick Slash"],"picked":"Footwork","floor":13},{"not_picked":["Glass Knife","Night Terror"],"picked":"Bullet Time","floor":16},{"not_picked":["Riddle With Holes","Deflect"],"picked":"Calculated Gamble","floor":17},{"not_picked":["Poisoned Stab","Footwork"],"picked":"Underhanded Strike","floor":17},{"not_picked":["Underhanded Strike","Dagger Throw"],"picked":"Endless Agony","floor":17},{"not_picked":["Tactician","Catalyst"],"picked":"Riddle With Holes","floor":17},{"not_picked":["Blade Dance","Deflect"],"picked":"PiercingWail","floor":17},{"not_picked":["Slice+1","Dodge and Roll"],"picked":"Terror","floor":18},{"not_picked":["Dagger Throw","Sucker Punch+1"],"picked":"Night Terror","floor":19}],"player_experience":34089,"relics_obtained":[{"floor":6,"key":"Shuriken"},{"floor":9,"key":"Orichalcum"}],"event_choices":[{"damage_healed":0,"gold_gain":75,"player_choice":"Gather Gold","damage_taken":11,"max_hp_gain":0,"max_hp_loss":0,"event_name":"World of Goop","floor":2,"gold_loss":0},{"damage_healed":0,"gold_gain":0,"player_choice":"Success","damage_taken":12,"relics_obtained":["Tingsha"],"max_hp_gain":0,"max_hp_loss":0,"event_name":"Scrap Ooze","floor":4,"gold_loss":0},{"damage_healed":0,"gold_gain":0,"player_choice":"Gave Potion","damage_taken":0,"relics_obtained":["Paper Crane"],"max_hp_gain":0,"max_hp_loss":0,"event_name":"WeMeetAgain","floor":8,"gold_loss":0},{"damage_healed":0,"gold_gain":0,"player_choice":"Inject Mutagens","damage_taken":0,"relics_obtained":["MutagenicStrength"],"max_hp_gain":0,"max_hp_loss":0,"event_name":"Drug Dealer","floor":21,"gold_loss":0},{"damage_healed":0,"gold_gain":0,"player_choice":"Fight","damage_taken":0,"max_hp_gain":0,"max_hp_loss":0,"event_name":"Colosseum","floor":22,"gold_loss":0},{"damage_healed":0,"gold_gain":0,"player_choice":"Fought Nobs","damage_taken":0,"max_hp_gain":0,"max_hp_loss":0,"event_name":"Colosseum","floor":22,"gold_loss":0}],"is_beta":false,"boss_relics":[{"not_picked":["Eternal Feather","Coffee Dripper"],"picked":"Orrery"}],"items_purged_floors":[],"is_endless":false,"potions_floor_spawned":[1,3,6,13,22],"killed_by":"Colosseum Nobs","ascension_level":0}