{"gold_per_floor":[116,136,136,136,161,196,208,256,268,280,292,162,176,217,217,347,347,371,371,391,405,133,133,167,167,194,194,228,228,228,247,247,367,367,381,381,396,79,93,93,124,144,224,244,11,52,67,67],"floor_reached":48,"playtime":3257,"items_purged":["Strike_G+1"],"score":798,"play_id":"c2b74f7e-a492-4be1-a645-db1e34eccc67","local_time":"20190330161253","is_ascension_mode":true,"campfire_choices":[{"floor":7.0,"key":"REST"},{"floor":11.0,"key":"REST"},{"floor":15.0,"key":"REST"},{"data":"Footwork","floor":23.0,"key":"SMITH"},{"floor":25.0,"key":"REST"},{"data":"Footwork","floor":27.0,"key":"SMITH"},{"floor":29.0,"key":"RECALL"},{"data":"Noxious Fumes","floor":32.0,"key":"SMITH"},{"floor":40,"key":"REST"}],"neow_cost":"NONE","seed_source_timestamp":0,"circlet_count":0,"master_deck":["Defend_G+1","Defend_G+1","Defend_G+1","Defend_G+1","Defend_G+1","Neutralize","Dagger Spray","Slice","Cloak And Dagger","Backstab","Dagger Throw","Quick Slash","Footwork+1","Slice","Deflect+1","Dodge and Roll","Footwork+1","Glass Knife","Dash","Well Laid Plans","Backflip+1","Noxious Fumes+1","PiercingWail","Deflect+1","Acrobatics+1","Noxious Fumes","Dagger Spray+1","Crippling Poison+1","PiercingWail+1","Riddle With Holes+1","Dodge and Roll","Footwork","Noxious Fumes","Footwork+1","Blur+1","Well Laid Plans","Infinite Blades"],"special_seed":0,"relics":["Ring of the Snake","Dream Catcher","Golden Idol","MawBank","Calipers","Pear","Bag of Marbles","Regal Pillow","Empty Cage","Mummified Hand","PreservedInsect","Molten Egg 2","Astrolabe","Gremlin Horn","Bronze Scales","War Paint","Anchor"],"potions_floor_usage":[46,48],"damage_taken":[{"damage":0.0,"enemies":"2 Louse","floor":1.0,"turns":4.0},{"damage":12.0,"enemies":"Jaw Worm","floor":2.0,"turns":7.0},{"damage":1.0,"enemies":"Cultist","floor":5.0,"turns":5.0},{"damage":24.0,"enemies":"3 Sentries","floor":6.0,"turns":8.0},{"damage":44.0,"enemies":"Lagavulin","floor":8.0,"turns":10.0},{"damage":0.0,"enemies":"Blue Slaver","floor":13.0,"turns":2.0},{"damage":3.0,"enemies":"3 Sentries","floor":14.0,"turns":8.0},{"damage":5.0,"enemies":"The Guardian","floor":16.0,"turns":17.0},{"damage":12.0,"enemies":"Spheric Guardian","floor":18.0,"turns":7.0},{"damage":11.0,"enemies":"Chosen","floor":20.0,"turns":5.0},{"damage":13.0,"enemies":"Centurion and Healer","floor":21.0,"turns":8.0},{"damage":33.0,"enemies":"Slavers","floor":24.0,"turns":9.0},{"damage":5.0,"enemies":"Book of Stabbing","floor":28.0,"turns":5.0},{"damage":1.0,"enemies":"Snake Plant","floor":31.0,"turns":5.0},{"damage":0.0,"enemies":"Collector","floor":33.0,"turns":12.0},{"damage":1,"enemies":"3 Shapes","floor":35,"turns":3},{"damage":0,"enemies":"Orb Walker","floor":37,"turns":4},{"damage":60,"enemies":"Transient","floor":39,"turns":5},{"damage":0,"enemies":"Giant Head","floor":41,"turns":9},{"damage":10,"enemies":"Spire Growth","floor":42,"turns":6},{"damage":7,"enemies":"4 Shapes","floor":44,"turns":4},{"damage":13,"enemies":"Reptomancer","floor":46,"turns":5},{"damage":0,"enemies":"Maw","floor":47,"turns":9},{"damage":28,"enemies":"Transient","floor":48,"turns":4}],"seed_played":"5790642416076869362","potions_obtained":[{"floor":1.0,"key":"Weak Potion"},{"floor":5.0,"key":"PowerPotion"},{"floor":6.0,"key":"Energy Potion"},{"floor":14.0,"key":"GhostInAJar"},{"floor":16.0,"key":"Poison Potion"},{"floor":21.0,"key":"Fire Potion"},{"floor":24.0,"key":"Weak Potion"},{"floor":28.0,"key":"Energy Potion"},{"floor":31.0,"key":"AttackPotion"},{"floor":42,"key":"Swift Potion"},{"floor":44,"key":"Fire Potion"}],"is_trial":false,"path_per_floor":["M","M","?","?","M","E","R","E","T","T","R","$","M","E","R","B",null,"M","?","M","M","$","R","E","R","T","R","E","R","?","M","R","B",null,"M","?","M","$","M","R","E","M","T","M","$","E","M","M"],"character_chosen":"THE_SILENT","items_purchased":["Footwork","Slice","PowerPotion","Noxious Fumes","GhostInAJar","PiercingWail","Footwork","Gremlin Horn","War Paint","Well Laid Plans"],"campfire_rested":5,"item_purchase_floors":[12,12,12,22,22,22,38,38,45,45],"current_hp_per_floor":[70,58,51,51,50,26,47,3,13,13,37,37,37,34,73,68,80,68,68,57,44,44,44,11,50,50,50,45,45,45,44,44,44,80,79,74,74,74,14,53,53,43,43,36,36,23,23,0],"gold":67,"neow_bonus":"RANDOM_COMMON_RELIC","is_prod":false,"is_daily":false,"chose_seed":false,"campfire_upgraded":3,"win_rate":0,"timestamp":1553976773,"path_taken":["M","M","?","?","M","E","R","E","T","?","R","?","?","E","R","BOSS","M","?","M","M","$","R","E","R","T","R","E","R","?","M","R","BOSS","M","?","M","$","M","R","E","M","T","M","$","E","M","M"],"build_version":"2019-01-23","purchased_purges":1,"victory":false,"max_hp_per_floor":[70,70,70,70,70,70,70,70,80,80,80,80,80,80,80,80,80,80,80,80,80,80,80,80,80,80,80,80,80,80,80,80,80,80,80,80,80,80,80,80,80,80,80,80,80,80,80,80],"card_choices":[{"not_picked":["Eviscerate","Tactician","Blur"],"picked":"SKIP","floor":1.0},{"not_picked":["Prepared","Cloak And Dagger"],"picked":"Dagger Spray","floor":2.0},{"not_picked":["Escape Plan","Blade Dance"],"picked":"Slice","floor":5.0},{"not_picked":["PiercingWail","Blade Dance"],"picked":"Cloak And Dagger","floor":6.0},{"not_picked":["Sucker Punch","Acrobatics"],"picked":"Backstab","floor":7.0},{"not_picked":["Night Terror","Choke"],"picked":"Dagger Throw","floor":8.0},{"not_picked":["PiercingWail","Distraction"],"picked":"Quick Slash","floor":11.0},{"not_picked":["Acrobatics","Flechettes"],"picked":"Deflect","floor":13.0},{"not_picked":["Quick Slash","Prepared"],"picked":"Dodge and Roll","floor":14.0},{"not_picked":["Underhanded Strike","Phantasmal Killer"],"picked":"Footwork","floor":15.0},{"not_picked":["Venomology","Corpse Explosion"],"picked":"Glass Knife","floor":16.0},{"not_picked":["Underhanded Strike","Acrobatics+1"],"picked":"Dash","floor":18.0},{"not_picked":["Skewer","Quick Slash+1"],"picked":"Well Laid Plans","floor":20.0},{"not_picked":["Underhanded Strike+1","Bane"],"picked":"Backflip+1","floor":21.0},{"not_picked":["PiercingWail","Dash"],"picked":"Deflect+1","floor":24.0},{"not_picked":["Bane","Bullet Time"],"picked":"Acrobatics","floor":25.0},{"not_picked":["Leg Sweep","Riddle With Holes"],"picked":"Noxious Fumes","floor":28.0},{"not_picked":["Poisoned Stab+1","Slice+1"],"picked":"Dagger Spray+1","floor":31.0},{"not_picked":["Sucker Punch+1","Bane+1","Cloak And Dagger+1"],"picked":"SKIP","floor":35},{"not_picked":["Sucker Punch+1","Quick Slash+1"],"picked":"Dodge and Roll","floor":37},{"not_picked":["Sucker Punch+1","Cloak And Dagger+1"],"picked":"Noxious Fumes","floor":39},{"not_picked":["Distraction+1","Dagger Throw+1","Flying Knee+1"],"picked":"SKIP","floor":41},{"not_picked":["Deflect","Blade Dance"],"picked":"Footwork+1","floor":42},{"not_picked":["Quick Slash+1","Deflect+1"],"picked":"Blur+1","floor":44},{"not_picked":["Poisoned Stab+1","Underhanded Strike+1"],"picked":"Infinite Blades","floor":46},{"not_picked":["Accuracy+1","Outmaneuver","Cloak And Dagger"],"picked":"SKIP","floor":47}],"player_experience":622356,"relics_obtained":[{"floor":6.0,"key":"MawBank"},{"floor":8.0,"key":"Calipers"},{"floor":9.0,"key":"Pear"},{"floor":10.0,"key":"Bag of Marbles"},{"floor":14.0,"key":"Regal Pillow"},{"floor":24.0,"key":"Mummified Hand"},{"floor":26.0,"key":"PreservedInsect"},{"floor":28.0,"key":"Molten Egg 2"},{"floor":41,"key":"Bronze Scales"},{"floor":46,"key":"Anchor"}],"event_choices":[{"cards_removed":["Strike_G"],"damage_healed":0.0,"max_hp_gain":0.0,"max_hp_loss":0.0,"gold_gain":0.0,"event_name":"Golden Wing","player_choice":"Card Removal","floor":3.0,"gold_loss":0.0,"damage_taken":7.0},{"damage_healed":0.0,"max_hp_gain":0.0,"max_hp_loss":0.0,"gold_gain":0.0,"event_name":"Golden Idol","player_choice":"Take Wound","floor":4.0,"gold_loss":0.0,"damage_taken":0.0,"relics_obtained":["Golden Idol"],"cards_obtained":["Injury"]},{"damage_healed":0.0,"max_hp_gain":0.0,"max_hp_loss":0.0,"gold_gain":0.0,"event_name":"Back to Basics","player_choice":"Simplicity","floor":19.0,"gold_loss":0.0,"damage_taken":0.0,"cards_upgraded":["Defend_G","Defend_G","Defend_G","Defend_G","Defend_G","Strike_G","Strike_G","Strike_G"]},{"damage_healed":0.0,"max_hp_gain":0.0,"max_hp_loss":0.0,"gold_gain":0.0,"event_name":"Ghosts","player_choice":"Ignored","floor":30.0,"gold_loss":0.0,"damage_taken":0.0},{"damage_healed":0,"gold_gain":0,"player_choice":"Memory 2","damage_taken":5,"max_hp_gain":0,"max_hp_loss":0,"event_name":"SensoryStone","floor":36,"gold_loss":0}],"is_beta":false,"boss_relics":[{"not_picked":["White Beast Statue","Lizard Tail"],"picked":"Empty Cage"},{"not_picked":["Pandora\u0027s Box","Snecko Eye"],"picked":"Astrolabe"}],"items_purged_floors":[22],"is_endless":false,"potions_floor_spawned":[1,5,6,14,16,21,24,28,31,42,44],"killed_by":"Transient","ascension_level":4}