{"gold_per_floor":[113,123,298,311,163,189,189,205,205,205,205,225,225],"floor_reached":13,"playtime":2362,"items_purged":["Defend_B"],"score":85,"play_id":"3de0d952-1169-4d9f-ae8b-9db599925dfb","local_time":"20180709124124","is_ascension_mode":false,"campfire_choices":[{"data":"Static Discharge","floor":7,"key":"SMITH"}],"neow_cost":"NONE","seed_source_timestamp":1592225208468756,"circlet_count":0,"master_deck":["Strike_B","Strike_B+1","Strike_B+1","Strike_B+1","Defend_B","Defend_B","Zap","Dualcast","Static Discharge+1","Skim","Doubt","Darkness","Fission","Coolheaded+1"],"relics":["Cracked Core","Happy Flower","Whetstone","Mummified Hand"],"potions_floor_usage":[6,12],"damage_taken":[{"damage":0,"enemies":"Small Slimes","floor":1,"turns":3},{"damage":6,"enemies":"Jaw Worm","floor":2,"turns":3},{"damage":0,"enemies":"2 Louse","floor":4,"turns":3},{"damage":27,"enemies":"3 Sentries","floor":6,"turns":5},{"damage":21,"enemies":"2 Fungi Beasts","floor":8,"turns":3},{"damage":0,"enemies":"Exordium Wildlife","floor":12,"turns":3},{"damage":11,"enemies":"3 Louse","floor":13,"turns":1}],"seed_played":"7856035007618960564","potions_obtained":[{"floor":4,"key":"Regen Potion"},{"floor":8,"key":"Block Potion"},{"floor":12,"key":"FearPotion"}],"is_trial":false,"path_per_floor":["M","M","?","M","$","E","R","M","T","?","?","M"],"character_chosen":"DEFECT","items_purchased":["Fission"],"campfire_rested":0,"item_purchase_floors":[5],"current_hp_per_floor":[75,69,69,69,69,54,54,33,33,26,11,11,0],"gold":225,"neow_bonus":"REMOVE_CARD","is_prod":false,"is_daily":false,"chose_seed":false,"campfire_upgraded":1,"win_rate":0.0,"timestamp":1531154484,"path_taken":["M","M","?","M","$","E","R","M","T","?","?","M","M"],"build_version":"2018-07-05","purchased_purges":1,"victory":false,"max_hp_per_floor":[75,75,75,75,75,75,75,75,75,75,75,75,75],"card_choices":[{"not_picked":["Go for the Eyes","Stack"],"picked":"Static Discharge","floor":1},{"not_picked":["Coolheaded","White Noise"],"picked":"Skim","floor":2},{"not_picked":["Turbo","Go for the Eyes"],"picked":"Darkness","floor":4},{"not_picked":["Darkness","Compile Driver"],"picked":"Coolheaded","floor":6},{"not_picked":["Go for the Eyes","Leap","Heatsinks"],"picked":"SKIP","floor":8},{"not_picked":["Skim","Barrage","Recycle"],"picked":"SKIP","floor":12}],"player_experience":144582,"relics_obtained":[{"floor":6,"key":"Happy Flower"},{"floor":9,"key":"Whetstone"}],"event_choices":[{"event_name":"Liars Game","player_choice":"agreed","floor":3,"damage_taken":0},{"event_name":"Scrap Ooze","player_choice":"success","floor":10,"damage_taken":7},{"event_name":"Shining Light","player_choice":"Entered Light","floor":11,"damage_taken":0}],"boss_relics":[],"items_purged_floors":[5],"is_endless":false,"potions_floor_spawned":[4,8,12],"killed_by":"3 Louse","ascension_level":0}