{"gold_per_floor":[110,122,122,133,147,147,157,171,240,240,265,323,349,376,376,480,480,490,508,508,508,608,608,638,291,361,377,392,404,421,456,456,456],"floor_reached":33,"playtime":3498,"items_purged":["Writhe"],"score":299,"play_id":"b487f0d6-3f6d-463d-92d4-c0188f2e1cfc","local_time":"20190322213342","is_ascension_mode":false,"campfire_choices":[{"data":"Caltrops","floor":6,"key":"SMITH"},{"data":"Backstab","floor":15,"key":"SMITH"},{"floor":23,"key":"RECALL"},{"floor":32,"key":"REST"}],"neow_cost":"NONE","seed_source_timestamp":94496157876558,"circlet_count":0,"master_deck":["Defend_G","Defend_G","Defend_G+1","Defend_G","Defend_G","Strike_G","Strike_G","Strike_G","Strike_G","Strike_G","Survivor","Neutralize+1","Leg Sweep","Dash","Caltrops+1","Skewer","Backstab+1","Noxious Fumes","Flying Knee","Malaise","Dagger Spray+1","Backflip+1","Footwork","Dramatic Entrance","A Thousand Cuts","Backstab"],"relics":["Ring of the Snake","Letter Opener","Torii","Odd Mushroom","Fusion Hammer","Potion Belt","Bottled Tornado","Lantern","War Paint","Pear","Orichalcum"],"potions_floor_usage":[11,14,24,27,31,31,31,33],"damage_taken":[{"damage":3,"enemies":"2 Louse","floor":1,"turns":6},{"damage":0,"enemies":"Cultist","floor":2,"turns":4},{"damage":0,"enemies":"Jaw Worm","floor":4,"turns":4},{"damage":9,"enemies":"Exordium Thugs","floor":5,"turns":7},{"damage":7,"enemies":"3 Louse","floor":7,"turns":3},{"damage":0,"enemies":"Lots of Slimes","floor":8,"turns":5},{"damage":1,"enemies":"3 Sentries","floor":11,"turns":7},{"damage":9,"enemies":"Lagavulin","floor":13,"turns":11},{"damage":3,"enemies":"The Mushroom Lair","floor":14,"turns":5},{"damage":14,"enemies":"Hexaghost","floor":16,"turns":10},{"damage":2,"enemies":"3 Byrds","floor":18,"turns":4},{"damage":7,"enemies":"Chosen","floor":19,"turns":6},{"damage":2,"enemies":"Book of Stabbing","floor":24,"turns":6},{"damage":2,"enemies":"Snake Plant","floor":27,"turns":5},{"damage":6,"enemies":"Snecko","floor":28,"turns":5},{"damage":15,"enemies":"Cultist and Chosen","floor":29,"turns":7},{"damage":7,"enemies":"Centurion and Healer","floor":30,"turns":8},{"damage":2,"enemies":"Slavers","floor":31,"turns":4},{"damage":76,"enemies":"Collector","floor":33,"turns":10}],"seed_played":"-9204226153568197721","potions_obtained":[{"floor":2,"key":"SneckoOil"},{"floor":4,"key":"FearPotion"},{"floor":8,"key":"PowerPotion"},{"floor":13,"key":"Energy Potion"},{"floor":14,"key":"AttackPotion"},{"floor":16,"key":"Weak Potion"},{"floor":19,"key":"PowerPotion"},{"floor":24,"key":"Ancient Potion"},{"floor":29,"key":"SkillPotion"},{"floor":30,"key":"Regen Potion"}],"is_trial":false,"path_per_floor":["?","M","?","?","?","?","T","?","M"],"character_chosen":"THE_SILENT","items_purchased":["Footwork","Dramatic Entrance","War Paint"],"campfire_rested":1,"item_purchase_floors":[25,25,25],"current_hp_per_floor":[67,67,67,67,58,58,51,51,51,70,69,69,60,57,57,43,70,68,61,61,61,61,61,59,59,69,67,61,46,39,37,61,0],"gold":456,"neow_bonus":"THREE_CARDS","is_prod":false,"is_daily":false,"chose_seed":false,"campfire_upgraded":2,"win_rate":0,"timestamp":1553301222,"path_taken":["M","M","?","M","M","R","M","?","T","?","E","?","E","?","R","BOSS","M","M","?","?","?","R","E","$","T","M","M","?","M","E","R","BOSS"],"build_version":"2019-01-23","purchased_purges":1,"victory":false,"max_hp_per_floor":[70,70,70,70,70,70,70,70,70,70,70,70,70,70,70,70,70,70,70,70,70,70,70,70,70,80,80,80,80,80,80,80,80],"card_choices":[{"not_picked":["Calculated Gamble","Sucker Punch"],"picked":"Leg Sweep","floor":0},{"not_picked":["Slice","Deflect","Dagger Throw"],"picked":"SKIP","floor":1},{"not_picked":["Leg Sweep","Slice"],"picked":"Dash","floor":2},{"not_picked":["PiercingWail","Poisoned Stab"],"picked":"Caltrops","floor":4},{"not_picked":["Underhanded Strike","Setup"],"picked":"Skewer","floor":5},{"not_picked":["Dagger Spray","Sucker Punch"],"picked":"Backstab","floor":7},{"not_picked":["Bane","Catalyst","Unload"],"picked":"SKIP","floor":8},{"not_picked":["Heel Hook","Flechettes"],"picked":"Noxious Fumes","floor":11},{"not_picked":["Bouncing Flask","Prepared"],"picked":"Flying Knee","floor":13},{"not_picked":["Wraith Form v2","Storm of Steel"],"picked":"Malaise","floor":16},{"not_picked":["Calculated Gamble","Bane"],"picked":"Dagger Spray+1","floor":18},{"not_picked":["Dodge and Roll","Blade Dance","Acrobatics"],"picked":"SKIP","floor":19},{"not_picked":["Bane+1","Reflex"],"picked":"Backflip","floor":24},{"not_picked":["Acrobatics+1","Setup","Escape Plan"],"picked":"SKIP","floor":27},{"not_picked":["Infinite Blades","Underhanded Strike","Choke"],"picked":"SKIP","floor":28},{"not_picked":["Dagger Throw","PiercingWail"],"picked":"A Thousand Cuts","floor":29},{"not_picked":["Blade Dance","Reflex+1"],"picked":"Backstab","floor":30},{"not_picked":["All Out Attack","Deadly Poison","Expertise"],"picked":"SKIP","floor":31}],"player_experience":410116,"relics_obtained":[{"floor":11,"key":"Letter Opener"},{"floor":13,"key":"Torii"},{"floor":14,"key":"Odd Mushroom"},{"floor":21,"key":"Bottled Tornado"},{"floor":24,"key":"Lantern"},{"floor":26,"key":"Pear"},{"floor":31,"key":"Orichalcum"}],"event_choices":[{"damage_healed":0,"gold_gain":0,"player_choice":"Forge","damage_taken":0,"max_hp_gain":0,"max_hp_loss":0,"event_name":"Accursed Blacksmith","floor":3,"gold_loss":0,"cards_upgraded":["Neutralize"]},{"damage_healed":23,"gold_gain":0,"player_choice":"Banana","damage_taken":0,"max_hp_gain":0,"max_hp_loss":0,"event_name":"Big Fish","floor":10,"gold_loss":0},{"damage_healed":0,"gold_gain":58,"player_choice":"Gained Gold","damage_taken":0,"max_hp_gain":0,"max_hp_loss":0,"event_name":"Golden Wing","floor":12,"gold_loss":0},{"damage_healed":0,"gold_gain":0,"player_choice":"Fought Mushrooms","damage_taken":0,"max_hp_gain":0,"max_hp_loss":0,"event_name":"Mushrooms","floor":14,"gold_loss":0},{"damage_healed":0,"gold_gain":0,"player_choice":"Opened","damage_taken":0,"relics_obtained":["Potion Belt"],"max_hp_gain":0,"max_hp_loss":0,"event_name":"The Mausoleum","floor":20,"gold_loss":0,"cards_obtained":["Writhe"]},{"damage_healed":0,"gold_gain":100,"player_choice":"Pray","damage_taken":0,"max_hp_gain":0,"max_hp_loss":0,"event_name":"Golden Shrine","floor":22,"gold_loss":0}],"is_beta":false,"boss_relics":[{"not_picked":["Runic Pyramid","Ring of the Serpent"],"picked":"Fusion Hammer"}],"items_purged_floors":[25],"is_endless":false,"potions_floor_spawned":[2,4,8,13,14,16,19,24,29,30],"killed_by":"Collector","ascension_level":0}