{"gold_per_floor":[14,14,25,41,58,58,70,70,70,70,70,45,63,79,79,175,175,193,210,260,14,64,64,127,127,127,127,30,30,45,56,56,154,154,169,183,584,584],"floor_reached":38,"playtime":1638,"items_purged":["Defend_B","Decay"],"score":393,"play_id":"ee13bd93-d6e4-4058-9fc0-4b571b948b50","local_time":"20180706111820","is_ascension_mode":false,"campfire_choices":[{"data":"Sweeping Beam","floor":6,"key":"SMITH"},{"floor":8,"key":"REST"},{"floor":15,"key":"REST"},{"floor":23,"key":"REST"},{"data":"Hyperbeam","floor":25,"key":"SMITH"},{"data":"Streamline","floor":27,"key":"SMITH"},{"data":"Beam Cell","floor":29,"key":"SMITH"},{"floor":32,"key":"REST"}],"neow_cost":"NO_GOLD","seed_source_timestamp":1328760673317522,"circlet_count":0,"master_deck":["Strike_B","Strike_B+1","Strike_B","Strike_B","Zap+1","Dualcast","Hologram","Streamline+1","Sweeping Beam+1","Turbo","Hyperbeam+1","Beam Cell+1","Rebound","FTL"],"relics":["Cracked Core","Shuriken","SsserpentHead","Busted Crown","Pear","Smiling Mask","Empty Cage","Old Coin"],"potions_floor_usage":[16,16,37,38],"damage_taken":[{"damage":0,"enemies":"Cultist","floor":1,"turns":2},{"damage":9,"enemies":"Jaw Worm","floor":3,"turns":2},{"damage":10,"enemies":"Small Slimes","floor":4,"turns":2},{"damage":13,"enemies":"Looter","floor":5,"turns":3},{"damage":5,"enemies":"2 Fungi Beasts","floor":7,"turns":2},{"damage":7,"enemies":"Blue Slaver","floor":13,"turns":2},{"damage":10,"enemies":"Looter","floor":14,"turns":2},{"damage":13,"enemies":"Slime Boss","floor":16,"turns":6},{"damage":10,"enemies":"Chosen","floor":18,"turns":3},{"damage":27,"enemies":"2 Thieves","floor":19,"turns":3},{"damage":12,"enemies":"Centurion and Healer","floor":24,"turns":3},{"damage":17,"enemies":"Snake Plant","floor":30,"turns":3},{"damage":6,"enemies":"Cultist and Chosen","floor":31,"turns":2},{"damage":32,"enemies":"Collector","floor":33,"turns":6},{"damage":22,"enemies":"3 Darklings","floor":35,"turns":2},{"damage":13,"enemies":"3 Shapes","floor":36,"turns":2},{"damage":22,"floor":37,"turns":3},{"damage":30,"enemies":"Maw","floor":38,"turns":3}],"seed_played":"7320602903902263494","potions_obtained":[{"floor":1,"key":"PowerPotion"},{"floor":5,"key":"FocusPotion"},{"floor":13,"key":"Swift Potion"},{"floor":14,"key":"SteroidPotion"},{"floor":18,"key":"SkillPotion"},{"floor":24,"key":"FearPotion"}],"is_trial":false,"path_per_floor":["M","?","M","M","M","R","M","R","T","?","?","$","M","M","R","B",null,"M","M","?","$","?","R","M","R","T","R","$","R","M","M","R","B",null,"M","M","?"],"character_chosen":"DEFECT","items_purchased":["Beam Cell","Pear","Rebound"],"campfire_rested":4,"item_purchase_floors":[21,21,28],"current_hp_per_floor":[75,75,66,56,43,43,38,60,60,45,45,45,38,28,50,37,75,65,38,38,48,48,73,61,61,61,61,61,61,44,38,63,31,85,63,50,28,0],"gold":584,"neow_bonus":"REMOVE_TWO","is_prod":false,"is_daily":false,"chose_seed":false,"campfire_upgraded":4,"win_rate":0.0,"timestamp":1530890300,"path_taken":["M","?","?","M","M","R","M","R","T","?","?","?","M","M","R","BOSS","M","M","?","?","?","R","?","R","T","R","$","R","M","M","R","BOSS","M","M","?","M"],"build_version":"2018-07-05","purchased_purges":2,"victory":false,"max_hp_per_floor":[75,75,75,75,75,75,75,75,75,75,75,75,75,75,75,75,75,75,75,75,85,85,85,85,85,85,85,85,85,85,85,85,85,85,85,85,85,85],"card_choices":[{"not_picked":["Stack","Compile Driver"],"picked":"Chill","floor":1},{"not_picked":["Force Field","Redo"],"picked":"Hologram","floor":3},{"not_picked":["Ball Lightning","Aggregate"],"picked":"Streamline","floor":4},{"not_picked":["Redo","Reinforced Body"],"picked":"Sweeping Beam","floor":5},{"not_picked":["Gash","All For One","Compile Driver"],"picked":"SKIP","floor":7},{"not_picked":["Barrage","Stack"],"picked":"Turbo","floor":13},{"not_picked":["Turbo","Compile Driver"],"picked":"Scrape","floor":14},{"not_picked":["Biased Cognition","Core Surge"],"picked":"Hyperbeam","floor":16},{"not_picked":["Coolheaded"],"picked":"SKIP","floor":18},{"not_picked":["Stack"],"picked":"SKIP","floor":19},{"not_picked":["Ball Lightning"],"picked":"SKIP","floor":24},{"not_picked":["Leap+1"],"picked":"SKIP","floor":30},{"not_picked":[],"picked":"FTL","floor":31},{"not_picked":["Glacier"],"picked":"SKIP","floor":35},{"not_picked":["Cold Snap+1"],"picked":"SKIP","floor":36}],"player_experience":83423,"relics_obtained":[{"floor":9,"key":"Shuriken"},{"floor":26,"key":"Smiling Mask"},{"floor":37,"key":"Old Coin"}],"event_choices":[{"event_name":"Living Wall","player_choice":"Forget","floor":2,"damage_taken":0},{"event_name":"Shining Light","player_choice":"Entered Light","floor":10,"damage_taken":0},{"event_name":"FaceTrader","player_choice":"Trade","floor":11,"damage_taken":0},{"event_name":"Forgotten Altar","player_choice":"Smashed Altar","floor":20,"damage_taken":0},{"event_name":"Drug Dealer","player_choice":"Ignored","floor":22,"damage_taken":0},{"event_name":"Mysterious Sphere","player_choice":"Fight","floor":37,"damage_taken":0}],"boss_relics":[{"not_picked":["Sozu","Lizard Tail"],"picked":"Busted Crown"},{"not_picked":["Cursed Key","Coffee Dripper"],"picked":"Empty Cage"}],"items_purged_floors":[12,28],"is_endless":false,"potions_floor_spawned":[1,5,13,14,18,24,33,35],"killed_by":"Maw","ascension_level":0}