{"gold_per_floor":[110,110,121,121,137,166,66,99,175,195,15,0,18,18,18,116,116,133,88,106,106,21,21,41,41,89,89,116,116,116,116,116,213,213,223,323,334,13,28,28,61,61,61,61,61,80,80,80,80,80],"floor_reached":51,"playtime":3150,"items_purged":["Strike_R","Searing Blow"],"score":934,"play_id":"2ea0c337-804d-4eb0-a5f0-69da2db7d7cc","local_time":"20190327161813","is_ascension_mode":true,"campfire_choices":[{"floor":15,"key":"REST"},{"floor":23,"key":"DIG"},{"data":"Armaments","floor":25,"key":"SMITH"},{"floor":27,"key":"DIG"},{"data":"True Grit","floor":29,"key":"SMITH"},{"floor":32,"key":"DIG"},{"floor":40,"key":"REST"},{"floor":42,"key":"DIG"},{"floor":44,"key":"DIG"},{"floor":47,"key":"DIG"},{"data":"Feel No Pain","floor":49,"key":"SMITH"}],"neow_cost":"NONE","seed_source_timestamp":14785074329700,"circlet_count":0,"master_deck":["Defend_R","Defend_R","Defend_R","Defend_R","Bash","Pommel Strike","Spot Weakness","Headbutt","Carnage","Disarm","Exhume","Reaper","Rampage","Armaments+1","Disarm","Flame Barrier","True Grit+1","Disarm","Shrug It Off","Heavy Blade","Feel No Pain+1","Uppercut+1"],"relics":["Burning Blood","NeowsBlessing","Calipers","Boot","Bottled Flame","Bronze Scales","Velvet Choker","Shovel","Pantograph","Lantern","Dream Catcher","Red Skull","Du-Vu Doll","Busted Crown","Girya","Mercury Hourglass","Meat on the Bone","Oddly Smooth Stone","Bird Faced Urn","Smiling Mask","Pear"],"potions_floor_usage":[6,8,20,28,28,50,50,50],"damage_taken":[{"damage":0,"enemies":"2 Louse","floor":1,"turns":1},{"damage":0,"enemies":"Small Slimes","floor":3,"turns":1},{"damage":0,"enemies":"Cultist","floor":5,"turns":1},{"damage":18,"enemies":"3 Sentries","floor":6,"turns":8},{"damage":40,"enemies":"Lagavulin","floor":8,"turns":6},{"damage":13,"enemies":"3 Louse","floor":10,"turns":3},{"damage":5,"enemies":"2 Fungi Beasts","floor":13,"turns":4},{"damage":11,"enemies":"The Guardian","floor":16,"turns":15},{"damage":14,"enemies":"Chosen","floor":18,"turns":5},{"damage":13,"enemies":"Spheric Guardian","floor":20,"turns":4},{"damage":29,"enemies":"Centurion and Healer","floor":24,"turns":8},{"damage":20,"enemies":"Gremlin Leader","floor":28,"turns":6},{"damage":56,"enemies":"Champ","floor":33,"turns":16},{"damage":7,"enemies":"Orb Walker","floor":35,"turns":6},{"damage":43,"enemies":"Mind Bloom Boss Battle","floor":36,"turns":12},{"damage":8,"enemies":"3 Shapes","floor":37,"turns":8},{"damage":53,"enemies":"Jaw Worm Horde","floor":39,"turns":6},{"damage":24,"enemies":"Nemesis","floor":41,"turns":9},{"damage":14,"enemies":"Writhing Mass","floor":46,"turns":9},{"damage":9,"enemies":"Time Eater","floor":50,"turns":13}],"seed_played":"-6357243409207331762","potions_obtained":[{"floor":3,"key":"SkillPotion"},{"floor":6,"key":"AttackPotion"},{"floor":8,"key":"LiquidBronze"},{"floor":16,"key":"Block Potion"},{"floor":18,"key":"SpeedPotion"},{"floor":20,"key":"AttackPotion"},{"floor":33,"key":"EssenceOfSteel"},{"floor":35,"key":"EssenceOfSteel"},{"floor":45,"key":"Dexterity Potion"}],"is_trial":false,"path_per_floor":["?","?","M","?","?","?","?","?","?","?","?","M","?"],"character_chosen":"IRONCLAD","items_purchased":["Headbutt","Disarm","Armaments","Feel No Pain","Mercury Hourglass"],"campfire_rested":2,"item_purchase_floors":[7,11,19,38,38],"current_hp_per_floor":[78,71,77,77,80,68,68,34,34,27,27,27,28,21,45,40,70,62,62,55,55,55,55,60,60,60,60,80,80,80,80,80,35,69,75,80,80,80,54,78,60,60,60,60,60,54,64,64,64,90],"gold":80,"neow_bonus":"THREE_ENEMY_KILL","is_prod":false,"is_daily":false,"chose_seed":false,"campfire_upgraded":3,"win_rate":0,"timestamp":1553717893,"path_taken":["M","?","M","?","?","E","$","E","T","M","$","?","M","?","R","BOSS","M","$","M","?","?","R","M","R","T","R","E","R","?","?","R","BOSS","M","?","M","$","M","R","E","R","T","R","?","?","R","?","R","BOSS"],"build_version":"2019-01-23","purchased_purges":2,"victory":true,"max_hp_per_floor":[80,80,80,80,80,80,80,80,80,80,80,80,80,80,80,80,80,80,80,80,80,80,80,80,80,80,80,80,80,80,80,80,80,80,80,80,80,80,80,80,80,80,80,80,80,80,90,90,90,90],"card_choices":[{"not_picked":["Perfected Strike","Havoc"],"picked":"Pommel Strike","floor":1},{"not_picked":["Thunderclap","Twin Strike"],"picked":"Spot Weakness","floor":3},{"not_picked":["Dual Wield","Sentinel","Wild Strike"],"picked":"SKIP","floor":5},{"not_picked":["Warcry","Inflame","Cleave"],"picked":"SKIP","floor":6},{"not_picked":["Shrug It Off","Pummel"],"picked":"Carnage","floor":8},{"not_picked":["Havoc","Searing Blow","Flex"],"picked":"SKIP","floor":10},{"not_picked":["Carnage","Armaments"],"picked":"Exhume","floor":13},{"not_picked":["Offering","Dark Embrace"],"picked":"Reaper","floor":16},{"not_picked":["Clothesline","Cleave"],"picked":"Rampage","floor":18},{"not_picked":["Cleave","Barricade","Sentinel"],"picked":"SKIP","floor":20},{"not_picked":["Dual Wield","Wild Strike","Body Slam+1"],"picked":"SKIP","floor":24},{"not_picked":["Fire Breathing","Ghostly Armor"],"picked":"True Grit","floor":28},{"not_picked":[],"picked":"Shrug It Off","floor":35},{"not_picked":[],"picked":"Heavy Blade","floor":37},{"not_picked":[],"picked":"Uppercut+1","floor":39},{"not_picked":["Iron Wave+1"],"picked":"SKIP","floor":41},{"not_picked":["Clash"],"picked":"SKIP","floor":46}],"player_experience":321134,"relics_obtained":[{"floor":6,"key":"Calipers"},{"floor":8,"key":"Boot"},{"floor":9,"key":"Bottled Flame"},{"floor":23,"key":"Pantograph"},{"floor":26,"key":"Lantern"},{"floor":27,"key":"Dream Catcher"},{"floor":28,"key":"Red Skull"},{"floor":32,"key":"Du-Vu Doll"},{"floor":36,"key":"Girya"},{"floor":41,"key":"Meat on the Bone"},{"floor":42,"key":"Oddly Smooth Stone"},{"floor":43,"key":"Bird Faced Urn"},{"floor":44,"key":"Smiling Mask"},{"floor":47,"key":"Pear"}],"event_choices":[{"cards_removed":["Strike_R"],"damage_healed":0,"gold_gain":0,"player_choice":"Card Removal","damage_taken":7,"max_hp_gain":0,"max_hp_loss":0,"event_name":"Golden Wing","floor":2,"gold_loss":0},{"damage_healed":0,"gold_gain":0,"cards_transformed":["Strike_R"],"player_choice":"Transformed","damage_taken":0,"max_hp_gain":0,"max_hp_loss":0,"event_name":"Transmorgrifier","floor":4,"gold_loss":0,"cards_obtained":["Searing Blow"]},{"damage_healed":0,"gold_gain":0,"player_choice":"Left Gold","damage_taken":0,"max_hp_gain":0,"max_hp_loss":0,"event_name":"World of Goop","floor":12,"gold_loss":15},{"damage_healed":0,"gold_gain":0,"player_choice":"Success","damage_taken":7,"relics_obtained":["Bronze Scales"],"max_hp_gain":0,"max_hp_loss":0,"event_name":"Scrap Ooze","floor":14,"gold_loss":0},{"damage_healed":0,"gold_gain":0,"cards_transformed":["Strike_R","Strike_R"],"player_choice":"Became Test Subject","damage_taken":0,"max_hp_gain":0,"max_hp_loss":0,"event_name":"Drug Dealer","floor":21,"gold_loss":0,"cards_obtained":["Disarm","Flame Barrier"]},{"damage_healed":0,"gold_gain":0,"player_choice":"Obtained Relic","damage_taken":0,"relics_obtained":["Shovel"],"max_hp_gain":0,"max_hp_loss":0,"event_name":"Addict","floor":22,"gold_loss":85},{"damage_healed":0,"gold_gain":0,"player_choice":"Read","damage_taken":0,"max_hp_gain":0,"max_hp_loss":0,"event_name":"The Library","floor":30,"gold_loss":0,"cards_obtained":["Disarm"]},{"damage_healed":0,"gold_gain":0,"player_choice":"Ignored","damage_taken":0,"max_hp_gain":0,"max_hp_loss":0,"event_name":"Vampires","floor":31,"gold_loss":0},{"damage_healed":0,"gold_gain":0,"player_choice":"Fight","damage_taken":0,"max_hp_gain":0,"max_hp_loss":0,"event_name":"MindBloom","floor":36,"gold_loss":0},{"damage_healed":0,"gold_gain":0,"player_choice":"Got Potions","damage_taken":0,"max_hp_gain":0,"max_hp_loss":0,"event_name":"Lab","floor":45,"gold_loss":0},{"damage_healed":0,"gold_gain":0,"player_choice":"Ignored","damage_taken":0,"max_hp_gain":0,"max_hp_loss":0,"event_name":"Mysterious Sphere","floor":48,"gold_loss":0}],"is_beta":false,"boss_relics":[{"not_picked":["Calling Bell","Tiny House"],"picked":"Velvet Choker"},{"not_picked":["Pandora\u0027s Box","White Beast Statue"],"picked":"Busted Crown"}],"items_purged_floors":[7,11],"is_endless":false,"potions_floor_spawned":[3,6,8,16,18,20,33,35,41,46],"ascension_level":8}