{"gold_per_floor":[109,109,124,50,0,24,60,81,129,142,16,16,31,46,46,46],"floor_reached":16,"playtime":907,"items_purged":["Bash"],"score":104,"play_id":"929124f4-767f-432e-bdce-590d06764030","local_time":"20180705103837","is_ascension_mode":false,"campfire_choices":[{"floor":15,"key":"REST"}],"neow_cost":"NONE","seed_source_timestamp":1240705871873739,"circlet_count":0,"master_deck":["Strike_R","Strike_R","Strike_R","Strike_R","Strike_R","Defend_R","Defend_R","Twin Strike","Flex","Battle Trance","Warcry","Berserk","Perfected Strike","Wild Strike","Anger","Pommel Strike"],"relics":["Burning Blood","Golden Idol","Pear","Blood Vial"],"potions_floor_usage":[],"damage_taken":[{"damage":11,"enemies":"Jaw Worm","floor":1,"turns":2},{"damage":5,"enemies":"2 Louse","floor":3,"turns":3},{"damage":0,"enemies":"Small Slimes","floor":6,"turns":2},{"damage":38,"enemies":"Gremlin Nob","floor":7,"turns":4},{"damage":14,"enemies":"Exordium Wildlife","floor":8,"turns":3},{"damage":26,"enemies":"Exordium Thugs","floor":10,"turns":4},{"damage":0,"enemies":"2 Fungi Beasts","floor":13,"turns":2},{"damage":10,"enemies":"3 Louse","floor":14,"turns":4},{"damage":51,"enemies":"The Guardian","floor":16,"turns":6}],"seed_played":"-8208932630052707406","potions_obtained":[{"floor":1,"key":"AttackPotion"},{"floor":6,"key":"PowerPotion"},{"floor":8,"key":"Block Potion"}],"is_trial":false,"path_per_floor":["M","?","M","$","?","M","E","M","T","M","$","$","M","M","R"],"character_chosen":"IRONCLAD","items_purchased":["Battle Trance","Anger"],"campfire_rested":1,"item_purchase_floors":[4,11],"current_hp_per_floor":[75,55,56,56,56,62,40,32,32,14,14,14,22,20,47,0],"gold":46,"neow_bonus":"REMOVE_CARD","is_prod":false,"is_daily":false,"chose_seed":false,"campfire_upgraded":0,"win_rate":0.0,"timestamp":1530801517,"path_taken":["M","?","M","$","?","M","E","M","T","?","?","$","M","M","R","BOSS"],"build_version":"2018-06-28","purchased_purges":1,"victory":false,"max_hp_per_floor":[80,80,80,80,80,80,90,90,90,90,90,90,90,90,90,90],"card_choices":[{"not_picked":["Rupture","Warcry"],"picked":"Twin Strike","floor":1},{"not_picked":["Rage","Wild Strike"],"picked":"Flex","floor":3},{"not_picked":["Rage","Clothesline"],"picked":"Warcry","floor":6},{"not_picked":["Rupture","Sword Boomerang"],"picked":"Berserk","floor":7},{"not_picked":["Dropkick","Clothesline"],"picked":"Perfected Strike","floor":8},{"not_picked":["Ghostly Armor","Clothesline"],"picked":"Wild Strike","floor":10},{"not_picked":["Clothesline","Uppercut","Corruption"],"picked":"SKIP","floor":13},{"not_picked":["Twin Strike","Rage"],"picked":"Pommel Strike","floor":14}],"player_experience":35627,"relics_obtained":[{"floor":7,"key":"Pear"},{"floor":9,"key":"Blood Vial"}],"event_choices":[{"event_name":"Golden Idol","player_choice":"Take Damage","floor":2,"damage_taken":0},{"event_name":"The Cleric","player_choice":"Card Removal","floor":5,"damage_taken":0}],"boss_relics":[],"items_purged_floors":[11],"is_endless":false,"potions_floor_spawned":[1,6,8,10],"killed_by":"The Guardian","ascension_level":0}