{"gold_per_floor":[113,188,41,41,59,97,112,137,162,162,162,182,203,227,227,357,357,372,391,407,220,240,253,253,253,253,28,28,28,51,74,74,74],"floor_reached":33,"playtime":796,"items_purged":["Exhume","Defend_R","Injury"],"score":278,"play_id":"0810294f-7875-4fc3-9787-0bb00aac162d","local_time":"20180802234724","is_ascension_mode":false,"campfire_choices":[{"data":"Sword Boomerang","floor":15,"key":"SMITH"},{"data":"Flex","floor":24,"key":"SMITH"},{"data":"Flex","floor":29,"key":"SMITH"},{"floor":32,"key":"REST"}],"neow_cost":"NONE","seed_source_timestamp":1957092240996327,"circlet_count":0,"master_deck":["Strike_R","Strike_R","Strike_R","Strike_R","Strike_R","Defend_R","Defend_R","Defend_R","Bash","Shrug It Off","Shrug It Off","Sword Boomerang+1","Whirlwind+1","Shrug It Off","Sword Boomerang","Flex+1","Flex+1","Bloodletting","Purity"],"relics":["Burning Blood","Golden Idol","Orichalcum","Vajra","Omamori","Runic Dome","Pear","StoneCalendar","Enchiridion"],"potions_floor_usage":[6,12,16,33,33],"damage_taken":[{"damage":11,"enemies":"Jaw Worm","floor":1,"turns":2},{"damage":4,"enemies":"2 Louse","floor":5,"turns":3},{"damage":20,"enemies":"Gremlin Nob","floor":6,"turns":5},{"damage":0,"enemies":"Cultist","floor":7,"turns":3},{"damage":4,"enemies":"Looter","floor":8,"turns":2},{"damage":6,"enemies":"Blue Slaver","floor":12,"turns":4},{"damage":0,"enemies":"Large Slime","floor":13,"turns":4},{"damage":0,"enemies":"2 Fungi Beasts","floor":14,"turns":2},{"damage":51,"enemies":"The Guardian","floor":16,"turns":11},{"damage":0,"enemies":"3 Byrds","floor":18,"turns":4},{"damage":14,"enemies":"2 Thieves","floor":19,"turns":3},{"damage":10,"enemies":"Chosen and Byrds","floor":20,"turns":5},{"damage":26,"enemies":"Snecko","floor":22,"turns":5},{"damage":6,"enemies":"Centurion and Healer","floor":23,"turns":4},{"damage":20,"enemies":"Snake Plant","floor":30,"turns":3},{"damage":0,"enemies":"Snecko","floor":31,"turns":3},{"damage":68,"enemies":"Champ","floor":33,"turns":8}],"seed_played":"4521825405525283496","potions_obtained":[{"floor":5,"key":"Weak Potion"},{"floor":8,"key":"Fruit Juice"},{"floor":14,"key":"Explosive Potion"},{"floor":19,"key":"PowerPotion"},{"floor":31,"key":"EssenceOfSteel"}],"is_trial":false,"path_per_floor":["M","?","$","?","M","E","M","M","T","?","?","M","M","M","R","B",null,"M","M","M","$","M","M","R","T","T","$","?","R","M","M","R"],"character_chosen":"IRONCLAD","items_purchased":["Shrug It Off","Sword Boomerang","Flex","Bloodletting","Purity"],"campfire_rested":1,"item_purchase_floors":[3,3,21,21,27],"current_hp_per_floor":[75,64,64,64,66,52,58,60,60,42,42,47,53,59,59,14,85,85,77,73,73,53,53,53,63,63,63,47,47,33,39,67,0],"gold":74,"neow_bonus":"ONE_RANDOM_RARE_CARD","is_prod":false,"is_daily":false,"chose_seed":false,"campfire_upgraded":3,"win_rate":0,"timestamp":1533268044,"path_taken":["M","?","$","?","M","E","M","M","T","?","?","M","M","M","R","BOSS","M","M","M","$","M","M","R","?","T","$","?","R","M","M","R","BOSS"],"build_version":"2018-08-02","purchased_purges":3,"victory":false,"max_hp_per_floor":[80,80,80,80,80,80,80,80,80,80,80,85,85,85,85,85,85,85,85,85,85,85,85,85,95,95,95,95,95,95,95,95,95],"card_choices":[{"not_picked":["Havoc","Hemokinesis"],"picked":"Shrug It Off","floor":1},{"not_picked":["Warcry","Rampage"],"picked":"Whirlwind","floor":5},{"not_picked":["Dual Wield","Iron Wave","Hemokinesis"],"picked":"SKIP","floor":6},{"not_picked":["Armaments","Wild Strike","Iron Wave"],"picked":"SKIP","floor":7},{"not_picked":["Perfected Strike","Sever Soul"],"picked":"Shrug It Off","floor":8},{"not_picked":["Shrug It Off","Pummel"],"picked":"Sword Boomerang","floor":12},{"not_picked":["True Grit","Headbutt","Reckless Charge"],"picked":"SKIP","floor":13},{"not_picked":["True Grit","Warcry","Anger"],"picked":"SKIP","floor":14},{"not_picked":["Perfected Strike","Power Through"],"picked":"Flex","floor":18},{"not_picked":["Entrench","Shockwave","Second Wind"],"picked":"SKIP","floor":19},{"not_picked":["Hemokinesis","Searing Blow","Warcry"],"picked":"SKIP","floor":20},{"not_picked":["Headbutt+1","Uppercut","Twin Strike"],"picked":"SKIP","floor":22},{"not_picked":["Dual Wield+1","Clothesline+1","Sword Boomerang"],"picked":"SKIP","floor":23},{"not_picked":["Armaments","Power Through","Heavy Blade"],"picked":"SKIP","floor":30},{"not_picked":["Searing Blow","Dropkick","Flex"],"picked":"SKIP","floor":31}],"player_experience":330759,"relics_obtained":[{"floor":6,"key":"Orichalcum"},{"floor":9,"key":"Vajra"},{"floor":25,"key":"Pear"},{"floor":26,"key":"StoneCalendar"},{"floor":28,"key":"Enchiridion"}],"event_choices":[{"event_name":"World of Goop","player_choice":"Gather Gold","floor":2,"damage_taken":0},{"event_name":"Golden Idol","player_choice":"Take Wound","floor":4,"damage_taken":0},{"event_name":"Scrap Ooze","player_choice":"success","floor":10,"damage_taken":18},{"event_name":"Living Wall","player_choice":"Grow","floor":11,"damage_taken":0},{"event_name":"Cursed Tome","player_choice":"Obtained Book","floor":28,"damage_taken":0}],"is_beta":false,"boss_relics":[{"not_picked":["Runic Pyramid","Eternal Feather"],"picked":"Runic Dome"}],"items_purged_floors":[3,21,27],"is_endless":false,"potions_floor_spawned":[5,8,14,19,31],"killed_by":"Champ","ascension_level":0}