{"gold_per_floor":[115,135,148,18,18,18,35,35,60,76,76,130,130,145,145,273,273,292,292,417,441,441,441,117,117,141,160,174,249,272,272,272,272],"floor_reached":33,"playtime":717,"items_purged":["Dualcast"],"score":286,"play_id":"2ced548c-a0fa-489e-8c99-e8f94b751434","local_time":"20180923220336","is_ascension_mode":true,"campfire_choices":[{"data":"FTL","floor":6,"key":"SMITH"},{"data":"Streamline","floor":8,"key":"SMITH"},{"data":"Defend_B","floor":13,"key":"SMITH"},{"data":"Strike_B","floor":15,"key":"SMITH"},{"data":"Hyperbeam","floor":23,"key":"SMITH"},{"data":"Strike_B","floor":25,"key":"SMITH"},{"data":"Bite","floor":32,"key":"SMITH"}],"neow_cost":"NONE","seed_source_timestamp":211954648240805,"circlet_count":0,"master_deck":["Defend_B","Defend_B","Defend_B","Defend_B+1","FTL+1","Streamline+1","Hyperbeam+1","Bite+1","Bite","Bite","Bite","Bite"],"relics":["Cracked Core","Lantern","Golden Idol","DataDisk","Nuclear Battery","Enchiridion","Gambling Chip","Frozen Egg 2","Lee\u0027s Waffle"],"potions_floor_usage":[1,1,7,16,20,20,27,33],"damage_taken":[{"damage":0,"enemies":"Small Slimes","floor":1,"turns":2},{"damage":1,"enemies":"Cultist","floor":2,"turns":3},{"damage":2,"enemies":"Jaw Worm","floor":3,"turns":3},{"damage":2,"enemies":"3 Louse","floor":7,"turns":2},{"damage":1,"enemies":"Looter","floor":10,"turns":2},{"damage":0,"enemies":"Blue Slaver","floor":14,"turns":2},{"damage":49,"enemies":"The Guardian","floor":16,"turns":10},{"damage":0,"enemies":"Spheric Guardian","floor":18,"turns":2},{"damage":8,"enemies":"Colosseum Slavers","floor":20,"turns":2},{"damage":10,"enemies":"Colosseum Nobs","floor":20,"turns":3},{"damage":12,"enemies":"3 Byrds","floor":21,"turns":2},{"damage":8,"enemies":"Centurion and Healer","floor":27,"turns":3},{"damage":0,"enemies":"Cultist and Chosen","floor":28,"turns":3},{"damage":0,"enemies":"3 Cultists","floor":30,"turns":2},{"damage":108,"enemies":"Collector","floor":33,"turns":7}],"seed_played":"3926841418740484383","potions_obtained":[{"floor":0,"key":"Fruit Juice"},{"floor":0,"key":"Block Potion"},{"floor":0,"key":"Swift Potion"},{"floor":2,"key":"Strength Potion"},{"floor":3,"key":"Ancient Potion"},{"floor":16,"key":"Weak Potion"},{"floor":18,"key":"PowerPotion"}],"is_trial":false,"path_per_floor":["M","M","M","$","?","R","M","R","T","M","?","T","R","M","R","B",null,"M","?","?","M","?","R","$","R","T","M","M","?","M","?","R"],"character_chosen":"DEFECT","items_purchased":["FTL","Fire Potion","Lee\u0027s Waffle","AttackPotion"],"campfire_rested":0,"item_purchase_floors":[4,4,24,24],"current_hp_per_floor":[80,79,77,77,77,77,75,75,75,74,54,54,54,54,54,5,80,80,64,46,34,34,34,87,87,87,79,81,73,75,75,75,0],"gold":272,"neow_bonus":"THREE_SMALL_POTIONS","is_prod":false,"is_daily":false,"chose_seed":false,"campfire_upgraded":7,"win_rate":0,"timestamp":1537754616,"path_taken":["M","M","M","$","?","R","M","R","T","M","?","?","R","M","R","BOSS","M","?","?","M","?","R","$","R","T","?","M","?","M","?","R","BOSS"],"build_version":"2018-09-20","purchased_purges":1,"victory":false,"max_hp_per_floor":[80,80,80,80,80,80,80,80,80,80,80,80,80,80,80,80,80,80,80,80,80,80,80,87,87,87,87,87,87,87,87,87,87],"card_choices":[{"not_picked":["Recycle","BootSequence","Leap"],"picked":"SKIP","floor":1},{"not_picked":["Stack","Turbo","Barrage"],"picked":"SKIP","floor":2},{"not_picked":["Rebound","Steam Power","Blizzard"],"picked":"SKIP","floor":3},{"not_picked":["Static Discharge","Go for the Eyes"],"picked":"Streamline","floor":7},{"not_picked":["Amplify","Turbo","Genetic Algorithm"],"picked":"SKIP","floor":10},{"not_picked":["Coolheaded","Compile Driver","BootSequence"],"picked":"SKIP","floor":14},{"not_picked":["Electrodynamics","Multi-Cast"],"picked":"Hyperbeam","floor":16},{"not_picked":["Conserve Battery","Barrage","Go for the Eyes"],"picked":"SKIP","floor":18},{"not_picked":["Consume","Leap","Electrodynamics+1"],"picked":"SKIP","floor":21},{"not_picked":["Go for the Eyes","Conserve Battery","Leap+1"],"picked":"SKIP","floor":27},{"not_picked":["Go for the Eyes","Hologram","Blizzard"],"picked":"SKIP","floor":28},{"not_picked":["Amplify","Compile Driver+1","Melter"],"picked":"SKIP","floor":30}],"player_experience":389258,"relics_obtained":[{"floor":9,"key":"Lantern"},{"floor":12,"key":"DataDisk"},{"floor":19,"key":"Enchiridion"},{"floor":20,"key":"Gambling Chip"},{"floor":20,"key":"Frozen Egg 2"},{"floor":26,"key":"Blood Vial"}],"event_choices":[{"event_name":"Purifier","player_choice":"One Purge","floor":5,"damage_taken":0},{"event_name":"Golden Idol","player_choice":"Take Damage","floor":11,"damage_taken":0},{"event_name":"Cursed Tome","player_choice":"Obtained Book","floor":19,"damage_taken":0},{"event_name":"Colosseum","player_choice":"Fight","floor":20,"damage_taken":0},{"event_name":"Colosseum","player_choice":"Fought Nobs","floor":20,"damage_taken":0},{"event_name":"Ghosts","player_choice":"Ignored","floor":22,"damage_taken":0},{"event_name":"FaceTrader","player_choice":"Touch","floor":29,"damage_taken":0},{"event_name":"Vampires","player_choice":"Became a vampire (Vial)","floor":31,"damage_taken":0}],"is_beta":false,"boss_relics":[{"not_picked":["Astrolabe","Ectoplasm"],"picked":"Nuclear Battery"}],"items_purged_floors":[24],"is_endless":false,"potions_floor_spawned":[2,3,16,18,20],"killed_by":"Collector","ascension_level":2}