{"gold_per_floor":[115,34,34,109,35,60,60,87,113,113,42,7,34,51,51,155,155,171,171,96,96,36,36,70,70,370,85,85,96,18,28,28,132,132,145,145,20,39,39,39,39,39,39,139,149,149],"floor_reached":46,"playtime":1010,"items_purged":["Defend_B","Zap","Sunder"],"score":573,"play_id":"6b3a7355-f098-44db-b526-9c0dc933e623","local_time":"20190324193316","is_ascension_mode":true,"campfire_choices":[{"data":"Storm","floor":7,"key":"SMITH"},{"data":"Static Discharge","floor":15,"key":"SMITH"},{"floor":23,"key":"REST"},{"floor":25,"key":"REST"},{"data":"Storm","floor":28,"key":"SMITH"},{"data":"Reboot","floor":32,"key":"SMITH"},{"data":"Skim","floor":40,"key":"SMITH"},{"floor":46,"key":"REST"}],"neow_cost":"NONE","seed_source_timestamp":7850197542472236,"circlet_count":0,"master_deck":["Defend_B+1","Defend_B+1","Thunder Strike+1","Storm+1","Self Repair+1","Skim+1","Reboot+1","Static Discharge+1","Auto Shields+1","Electrodynamics+1","Bite+1","Bite+1","Bite+1","Bite+1","Bite+1","Storm+1","Amplify+1","Defragment+1","Echo Form+1","Enlightenment+1","Self Repair+1","Parasite"],"relics":["Cracked Core","NeowsBlessing","Darkstone Periapt","Mango","Juzu Bracelet","Omamori","Cursed Key","Bronze Scales","Old Coin","Nuclear Battery","Mark of the Bloom","Frozen Egg 2"],"potions_floor_usage":[16,16,24],"damage_taken":[{"damage":0,"enemies":"Small Slimes","floor":1,"turns":1},{"damage":0,"enemies":"Lagavulin","floor":6,"turns":1},{"damage":0,"enemies":"3 Sentries","floor":8,"turns":1},{"damage":36,"enemies":"Lagavulin","floor":13,"turns":4},{"damage":0,"enemies":"2 Louse","floor":14,"turns":1},{"damage":60,"enemies":"Slime Boss","floor":16,"turns":8},{"damage":31,"enemies":"3 Byrds","floor":18,"turns":4},{"damage":33,"enemies":"2 Thieves","floor":22,"turns":3},{"damage":36,"enemies":"Slavers","floor":24,"turns":2},{"damage":18,"enemies":"Snecko","floor":29,"turns":3},{"damage":16,"enemies":"Shelled Parasite and Fungi","floor":31,"turns":3},{"damage":14,"enemies":"Automaton","floor":33,"turns":3},{"damage":11,"enemies":"Orb Walker","floor":35,"turns":2},{"damage":17,"enemies":"3 Shapes","floor":38,"turns":3},{"damage":58,"enemies":"Writhing Mass","floor":45,"turns":4}],"seed_played":"2971356780406190889","potions_obtained":[{"floor":1,"key":"EssenceOfSteel"},{"floor":8,"key":"Fruit Juice"},{"floor":14,"key":"FairyPotion"},{"floor":18,"key":"EssenceOfSteel"},{"floor":38,"key":"Ancient Potion"}],"is_trial":false,"path_per_floor":["M","$","?","?","$","E","R","E","T","?","$","?","E","M","R","B",null,"M","?","$","?","M","R","E","R","T","$","R","M","$","M","R","B",null,"M","?","$","M","?","R","$","?","T","?","M","R"],"character_chosen":"DEFECT","items_purchased":["Thunder Strike","Storm","Static Discharge","Storm","Amplify","Defragment"],"campfire_rested":3,"item_purchase_floors":[2,5,11,27,27,30],"current_hp_per_floor":[75,75,80,69,69,69,69,83,83,83,83,94,65,72,72,24,99,68,68,68,56,33,55,30,52,52,52,52,52,52,45,45,38,74,72,72,72,66,66,66,66,66,66,66,8,8],"gold":149,"neow_bonus":"THREE_ENEMY_KILL","is_prod":false,"is_daily":false,"chose_seed":false,"campfire_upgraded":5,"win_rate":0,"timestamp":1553470396,"path_taken":["M","$","?","?","?","E","R","E","T","?","$","?","E","M","R","BOSS","M","?","$","?","M","R","E","R","T","?","R","M","$","M","R","BOSS","M","?","$","M","?","R","$","?","T","?","M","R"],"build_version":"2019-01-23","purchased_purges":3,"victory":false,"max_hp_per_floor":[75,75,80,80,80,80,80,94,94,94,94,94,94,94,94,99,99,99,69,69,74,74,74,74,74,74,74,74,74,74,74,74,74,74,74,74,74,74,74,74,74,74,74,74,80,80],"card_choices":[{"not_picked":["Leap","Streamline"],"picked":"Sunder","floor":1},{"not_picked":["Auto Shields","BootSequence"],"picked":"Self Repair","floor":6},{"not_picked":["Streamline","Steam Power"],"picked":"Skim","floor":8},{"not_picked":["Undo","Reboot"],"picked":"Auto Shields","floor":13},{"not_picked":["Gash","Consume","Leap"],"picked":"SKIP","floor":14},{"not_picked":["Creative AI","Buffer"],"picked":"Electrodynamics","floor":16},{"not_picked":["Go for the Eyes","Steam","Stack"],"picked":"SKIP","floor":18},{"not_picked":["Force Field+1","Leap","Defragment"],"picked":"SKIP","floor":22},{"not_picked":["Capacitor+1","Defragment","Double Energy"],"picked":"SKIP","floor":24},{"not_picked":["Gash","Sweeping Beam+1","Barrage+1"],"picked":"SKIP","floor":29},{"not_picked":["Rebound+1","Consume","Genetic Algorithm"],"picked":"SKIP","floor":31},{"not_picked":["Machine Learning","Reboot"],"picked":"Echo Form","floor":33},{"not_picked":["Barrage+1","Compile Driver","Go for the Eyes"],"picked":"SKIP","floor":35},{"not_picked":["Swift Strike","Mind Blast"],"picked":"Enlightenment","floor":36},{"not_picked":["Double Energy","Leap+1"],"picked":"Self Repair","floor":38},{"not_picked":["Genetic Algorithm","Rebound+1","Capacitor+1"],"picked":"SKIP","floor":45}],"player_experience":472293,"relics_obtained":[{"floor":6,"key":"Darkstone Periapt"},{"floor":8,"key":"Mango"},{"floor":9,"key":"Juzu Bracelet"},{"floor":13,"key":"Omamori"},{"floor":24,"key":"Bronze Scales"},{"floor":26,"key":"Old Coin"},{"floor":43,"key":"Frozen Egg 2"}],"event_choices":[{"damage_healed":0,"gold_gain":0,"player_choice":"Donut","damage_taken":0,"max_hp_gain":5,"max_hp_loss":0,"event_name":"Big Fish","floor":3,"gold_loss":0},{"damage_healed":0,"gold_gain":75,"player_choice":"Gather Gold","damage_taken":11,"max_hp_gain":0,"max_hp_loss":0,"event_name":"World of Goop","floor":4,"gold_loss":0},{"damage_healed":0,"gold_gain":0,"cards_transformed":["Defend_B"],"player_choice":"Transformed","damage_taken":0,"max_hp_gain":0,"max_hp_loss":0,"event_name":"Transmorgrifier","floor":10,"gold_loss":0,"cards_obtained":["Reboot"]},{"damage_healed":23,"gold_gain":0,"player_choice":"Healed","damage_taken":0,"max_hp_gain":0,"max_hp_loss":0,"event_name":"The Cleric","floor":12,"gold_loss":35},{"damage_healed":0,"gold_gain":0,"player_choice":"Became a vampire","damage_taken":0,"max_hp_gain":0,"max_hp_loss":30,"event_name":"Vampires","floor":19,"gold_loss":0,"cards_obtained":["Bite","Bite","Bite","Bite","Bite"]},{"damage_healed":0,"gold_gain":0,"player_choice":"Shed Blood","damage_taken":17,"max_hp_gain":5,"max_hp_loss":0,"event_name":"Forgotten Altar","floor":21,"gold_loss":0},{"damage_healed":0,"gold_gain":0,"player_choice":"Memory 1","damage_taken":0,"max_hp_gain":0,"max_hp_loss":0,"event_name":"SensoryStone","floor":36,"gold_loss":0},{"cards_removed":["Dualcast"],"damage_healed":0,"gold_gain":0,"player_choice":"Removed Skill","damage_taken":0,"max_hp_gain":0,"max_hp_loss":0,"event_name":"Falling","floor":39,"gold_loss":0},{"damage_healed":0,"gold_gain":0,"player_choice":"Upgrade","damage_taken":0,"relics_obtained":["Mark of the Bloom"],"max_hp_gain":0,"max_hp_loss":0,"event_name":"MindBloom","floor":42,"gold_loss":0,"cards_upgraded":["Defend_B","Defend_B","Thunder Strike","Self Repair","Auto Shields","Electrodynamics","Bite","Bite","Bite","Bite","Bite","Amplify","Defragment","Echo Form","Enlightenment","Self Repair"]},{"damage_healed":0,"gold_gain":100,"player_choice":"Pray","damage_taken":0,"max_hp_gain":0,"max_hp_loss":0,"event_name":"Golden Shrine","floor":44,"gold_loss":0}],"is_beta":false,"boss_relics":[{"not_picked":["Orrery","Runic Pyramid"],"picked":"Cursed Key"},{"not_picked":["Snecko Eye","Inserter"],"picked":"Nuclear Battery"}],"items_purged_floors":[20,27,37],"is_endless":false,"potions_floor_spawned":[1,8,14,18,22,38],"ascension_level":2}