{"gold_per_floor":[218,238,238,238,238,269,269,293,293,293,14,14,50,69,69,194,194,167,186,45,69,87,87],"floor_reached":23,"playtime":1995,"items_purged":[],"score":226,"play_id":"95d78aa1-06cc-40eb-9e6f-c7515f0da2df","local_time":"20190324212123","is_ascension_mode":false,"campfire_choices":[{"floor":7,"key":"REST"},{"data":"Neutralize","floor":10,"key":"SMITH"},{"data":"Footwork","floor":12,"key":"SMITH"},{"data":"Footwork","floor":15,"key":"SMITH"}],"neow_cost":"NONE","seed_source_timestamp":268072654941524,"circlet_count":0,"master_deck":["Defend_G","Defend_G","Defend_G","Defend_G","Defend_G","Strike_G","Strike_G","Strike_G","Strike_G","Strike_G","Survivor","Neutralize+1","Dagger Spray","Footwork+1","Flying Knee","Footwork","Footwork+1","A Thousand Cuts","Acrobatics","Acrobatics","A Thousand Cuts"],"relics":["Ring of the Snake","Golden Idol","Nunchaku","Bottled Tornado","Paper Crane","Potion Belt","Runic Dome"],"potions_floor_usage":[6,13,16,23],"damage_taken":[{"damage":0,"enemies":"Small Slimes","floor":1,"turns":3},{"damage":5,"enemies":"2 Louse","floor":2,"turns":3},{"damage":36,"enemies":"Gremlin Nob","floor":6,"turns":6},{"damage":1,"enemies":"Jaw Worm","floor":8,"turns":4},{"damage":0,"enemies":"3 Sentries","floor":13,"turns":8},{"damage":0,"enemies":"Exordium Thugs","floor":14,"turns":6},{"damage":29,"enemies":"Slime Boss","floor":16,"turns":24},{"damage":13,"enemies":"2 Thieves","floor":18,"turns":5},{"damage":12,"enemies":"Spheric Guardian","floor":19,"turns":7},{"damage":13,"enemies":"Centurion and Healer","floor":21,"turns":10},{"damage":21,"enemies":"Snake Plant","floor":22,"turns":7},{"damage":8,"enemies":"Gremlin Leader","floor":23,"turns":1}],"seed_played":"-1478178039695071045","potions_obtained":[{"floor":2,"key":"GamblersBrew"},{"floor":8,"key":"Block Potion"},{"floor":14,"key":"SpeedPotion"},{"floor":18,"key":"GamblersBrew"},{"floor":22,"key":"AttackPotion"}],"is_trial":false,"path_per_floor":["?","?","?","$"],"character_chosen":"THE_SILENT","items_purchased":["Paper Crane","Footwork","A Thousand Cuts"],"campfire_rested":1,"item_purchase_floors":[11,11,20],"current_hp_per_floor":[70,65,65,65,65,29,48,47,47,47,47,47,47,47,47,18,65,52,40,40,27,6,0],"gold":87,"neow_bonus":"HUNDRED_GOLD","is_prod":false,"is_daily":false,"chose_seed":false,"campfire_upgraded":3,"win_rate":0,"timestamp":1553473283,"path_taken":["M","M","?","?","?","E","R","M","T","R","?","R","E","M","R","BOSS","M","M","$","M","M","E"],"build_version":"2019-01-23","purchased_purges":0,"victory":false,"max_hp_per_floor":[70,70,70,65,65,65,65,65,65,65,65,65,65,65,65,65,65,65,65,65,65,65,65],"card_choices":[{"not_picked":["Bane","Blade Dance"],"picked":"Dagger Spray","floor":1},{"not_picked":["Deadly Poison","Outmaneuver"],"picked":"Footwork","floor":2},{"not_picked":["Catalyst","Bouncing Flask"],"picked":"Flying Knee","floor":6},{"not_picked":["Tactician","Dagger Spray","Masterful Stab"],"picked":"SKIP","floor":8},{"not_picked":["Doppelganger","Cloak And Dagger","Phantasmal Killer"],"picked":"SKIP","floor":13},{"not_picked":["Blur","Tactician"],"picked":"Footwork","floor":14},{"not_picked":["Wraith Form v2","Venomology"],"picked":"A Thousand Cuts","floor":16},{"not_picked":["Poisoned Stab","Terror+1"],"picked":"Acrobatics","floor":18},{"not_picked":["Poisoned Stab","Prepared"],"picked":"Acrobatics","floor":19},{"not_picked":["Poisoned Stab","Dagger Spray","Prepared"],"picked":"SKIP","floor":21},{"not_picked":["Deflect","Masterful Stab","Distraction"],"picked":"SKIP","floor":22}],"player_experience":429220,"relics_obtained":[{"floor":6,"key":"Nunchaku"},{"floor":9,"key":"Bottled Tornado"},{"floor":13,"key":"Potion Belt"}],"event_choices":[{"damage_healed":0,"gold_gain":0,"player_choice":"Ignored","damage_taken":0,"max_hp_gain":0,"max_hp_loss":0,"event_name":"Liars Game","floor":3,"gold_loss":0},{"damage_healed":0,"gold_gain":0,"player_choice":"Lose Max HP","damage_taken":0,"relics_obtained":["Golden Idol"],"max_hp_gain":0,"max_hp_loss":5,"event_name":"Golden Idol","floor":4,"gold_loss":0},{"damage_healed":0,"gold_gain":0,"player_choice":"Fled","damage_taken":0,"max_hp_gain":0,"max_hp_loss":0,"event_name":"Scrap Ooze","floor":5,"gold_loss":0}],"is_beta":false,"boss_relics":[{"not_picked":["Calling Bell","Runic Pyramid"],"picked":"Runic Dome"}],"items_purged_floors":[],"is_endless":false,"potions_floor_spawned":[2,8,14,18,22],"killed_by":"Gremlin Leader","ascension_level":0}