{"gold_per_floor":[114,64,78,3,14,14,14,57,138,154,154,154,177,177,177,306,306,306,306,231,231,231,231,231,231,231,231,184,184,184,184,184,184],"floor_reached":33,"playtime":1945,"items_purged":["Defend_R"],"score":267,"play_id":"3138cc6c-5178-4d6f-b1e2-54ab93499c12","local_time":"20190213150540","is_ascension_mode":false,"campfire_choices":[{"data":"Perfected Strike","floor":6,"key":"SMITH"},{"floor":12,"key":"RECALL"},{"data":"Bash","floor":15,"key":"SMITH"},{"data":"Flex","floor":23,"key":"SMITH"},{"floor":32,"key":"REST"}],"neow_cost":"NONE","seed_source_timestamp":191223020613222,"circlet_count":0,"master_deck":["Strike_R+1","Strike_R","Strike_R+1","Strike_R","Strike_R","Defend_R","Bash+1","Perfected Strike+1","Twin Strike","Flex+1","Twin Strike","Pommel Strike","Pommel Strike","Headbutt","Perfected Strike","Perfected Strike"],"relics":["Burning Blood","Bloody Idol","Whetstone","Ectoplasm","Blood Vial","Peace Pipe","Art of War"],"potions_floor_usage":[8,8,16,18,25,27,31,33],"damage_taken":[{"damage":6,"enemies":"Cultist","floor":1,"turns":3},{"damage":0,"enemies":"2 Louse","floor":3,"turns":2},{"damage":8,"enemies":"Jaw Worm","floor":5,"turns":3},{"damage":19,"enemies":"Lagavulin","floor":8,"turns":5},{"damage":0,"enemies":"2 Fungi Beasts","floor":10,"turns":2},{"damage":7,"enemies":"Blue Slaver","floor":13,"turns":2},{"damage":52,"enemies":"Hexaghost","floor":16,"turns":7},{"damage":0,"enemies":"2 Thieves","floor":18,"turns":1},{"damage":10,"enemies":"Chosen","floor":21,"turns":2},{"damage":10,"enemies":"Snecko","floor":24,"turns":3},{"damage":27,"enemies":"Gremlin Leader","floor":25,"turns":4},{"damage":10,"enemies":"Chosen and Byrds","floor":27,"turns":3},{"damage":10,"enemies":"Cultist and Chosen","floor":29,"turns":3},{"damage":0,"enemies":"Snake Plant","floor":31,"turns":2},{"damage":90,"enemies":"Champ","floor":33,"turns":6}],"seed_played":"-1585109759518441300","potions_obtained":[{"floor":0,"key":"Dexterity Potion"},{"floor":0,"key":"Regen Potion"},{"floor":0,"key":"Block Potion"},{"floor":5,"key":"SmokeBomb"},{"floor":13,"key":"PowerPotion"},{"floor":16,"key":"Strength Potion"},{"floor":21,"key":"Energy Potion"},{"floor":24,"key":"SpeedPotion"},{"floor":25,"key":"Strength Potion"},{"floor":29,"key":"LiquidBronze"},{"floor":31,"key":"Block Potion"}],"is_trial":false,"path_per_floor":["?","?","$","?","?","?","?","M","?"],"character_chosen":"IRONCLAD","items_purchased":["Headbutt"],"campfire_rested":1,"item_purchase_floors":[28],"current_hp_per_floor":[80,80,80,80,78,78,58,54,54,60,60,60,59,59,59,13,80,80,80,80,76,80,80,76,55,55,53,53,51,51,59,80,0],"gold":184,"neow_bonus":"THREE_SMALL_POTIONS","is_prod":false,"is_daily":false,"chose_seed":false,"campfire_upgraded":3,"win_rate":0,"timestamp":1550081140,"path_taken":["M","?","M","$","M","R","?","E","T","M","?","R","M","?","R","BOSS","M","?","?","M","?","R","?","E","T","M","$","M","?","M","R","BOSS"],"build_version":"2019-01-23","purchased_purges":1,"victory":false,"max_hp_per_floor":[80,80,80,80,80,80,80,80,80,80,80,80,80,80,80,80,80,80,80,80,80,80,80,80,80,80,80,80,80,80,80,80,80],"card_choices":[{"not_picked":["True Grit","Sever Soul","Wild Strike"],"picked":"SKIP","floor":1},{"not_picked":["Havoc","Flame Barrier"],"picked":"Perfected Strike","floor":3},{"not_picked":["Clothesline","Power Through"],"picked":"Twin Strike","floor":5},{"not_picked":["Spot Weakness","Flame Barrier","Carnage"],"picked":"SKIP","floor":8},{"not_picked":["Shrug It Off","Clash"],"picked":"Flex","floor":10},{"not_picked":["Thunderclap","Sword Boomerang"],"picked":"Dual Wield","floor":13},{"not_picked":["Warcry","Second Wind"],"picked":"Twin Strike","floor":21},{"not_picked":["Headbutt","Iron Wave"],"picked":"Pommel Strike","floor":24},{"not_picked":["Flex","Bloodletting"],"picked":"Pommel Strike","floor":25},{"not_picked":["Evolve","Rampage","Seeing Red"],"picked":"SKIP","floor":27},{"not_picked":["Reckless Charge","Seeing Red"],"picked":"Perfected Strike","floor":29},{"not_picked":["Warcry+1","Heavy Blade"],"picked":"Perfected Strike","floor":31}],"player_experience":174770,"relics_obtained":[{"floor":8,"key":"Whetstone"},{"floor":25,"key":"Blood Vial"},{"floor":26,"key":"Peace Pipe"}],"event_choices":[{"cards_removed":["Defend_R"],"damage_healed":0,"gold_gain":0,"player_choice":"Card Removal","damage_taken":0,"max_hp_gain":0,"max_hp_loss":0,"event_name":"The Cleric","floor":2,"gold_loss":50},{"damage_healed":0,"gold_gain":0,"player_choice":"Take Damage","damage_taken":20,"relics_obtained":["Golden Idol"],"max_hp_gain":0,"max_hp_loss":0,"event_name":"Golden Idol","floor":7,"gold_loss":0},{"damage_healed":0,"gold_gain":0,"player_choice":"Ignored","damage_taken":0,"max_hp_gain":0,"max_hp_loss":0,"event_name":"Liars Game","floor":14,"gold_loss":0},{"damage_healed":0,"gold_gain":0,"player_choice":"Gave Idol","damage_taken":0,"relics_obtained":["Bloody Idol"],"max_hp_gain":0,"max_hp_loss":0,"event_name":"Forgotten Altar","floor":19,"relics_lost":["Golden Idol"],"gold_loss":0},{"cards_removed":["Defend_R"],"damage_healed":0,"gold_gain":0,"player_choice":"Gave Gold","damage_taken":0,"max_hp_gain":0,"max_hp_loss":0,"event_name":"Beggar","floor":20,"gold_loss":75},{"cards_removed":["Dual Wield"],"damage_healed":4,"gold_gain":0,"player_choice":"Offered Uncommon","damage_taken":0,"max_hp_gain":0,"max_hp_loss":0,"event_name":"Bonfire Elementals","floor":22,"gold_loss":0},{"damage_healed":0,"gold_gain":0,"player_choice":"Opened","damage_taken":0,"relics_obtained":["Art of War"],"max_hp_gain":0,"max_hp_loss":0,"event_name":"The Mausoleum","floor":30,"gold_loss":0}],"is_beta":false,"boss_relics":[{"not_picked":["Snecko Eye","Pandora\u0027s Box"],"picked":"Ectoplasm"}],"items_purged_floors":[4],"is_endless":false,"potions_floor_spawned":[5,13,16,21,24,25,29,31],"killed_by":"Champ","ascension_level":0}