{"gold_per_floor":[113,113,13,32,52,52,83,83,110,110,110,139,139,157,157,157],"floor_reached":16,"playtime":544,"items_purged":["Strike_G"],"score":113,"play_id":"a32c2cc6-8e77-4394-9442-79fe48ae9efc","local_time":"20180925120251","is_ascension_mode":true,"campfire_choices":[{"data":"Blade Dance","floor":6,"key":"SMITH"},{"floor":8,"key":"REST"},{"floor":10,"key":"REST"},{"floor":15,"key":"REST"}],"neow_cost":"","seed_source_timestamp":348882938078192,"circlet_count":0,"master_deck":["Defend_G+1","Defend_G","Defend_G+1","Defend_G","Defend_G","Strike_G","Strike_G","Strike_G","Survivor+1","Neutralize+1","Blade Dance+1","Blade Dance+1","Endless Agony"],"relics":["Ring of the Snake","War Paint","Smiling Mask","Juzu Bracelet"],"potions_floor_usage":[7,12],"damage_taken":[{"damage":5,"enemies":"Small Slimes","floor":1,"turns":5},{"damage":7,"enemies":"Jaw Worm","floor":4,"turns":4},{"damage":6,"enemies":"Cultist","floor":5,"turns":3},{"damage":19,"enemies":"3 Sentries","floor":7,"turns":8},{"damage":23,"enemies":"Lagavulin","floor":12,"turns":7},{"damage":0,"enemies":"Large Slime","floor":14,"turns":5},{"damage":62,"enemies":"Slime Boss","floor":16,"turns":7}],"seed_played":"-3608917128385345099","potions_obtained":[{"floor":4,"key":"AttackPotion"},{"floor":7,"key":"Weak Potion"}],"is_trial":false,"path_per_floor":["M","?","$","M","M","R","E","R","T","R","?","E","?","M","R"],"character_chosen":"THE_SILENT","items_purchased":["Blade Dance"],"campfire_rested":3,"item_purchase_floors":[3],"current_hp_per_floor":[65,51,51,44,38,38,19,40,40,61,61,38,31,31,52,0],"gold":157,"neow_bonus":"","is_prod":false,"is_daily":false,"chose_seed":false,"campfire_upgraded":1,"win_rate":0,"timestamp":1537891371,"path_taken":["M","?","$","M","M","R","E","R","T","R","?","E","?","M","R","BOSS"],"build_version":"2018-09-20","purchased_purges":1,"victory":false,"max_hp_per_floor":[70,70,70,70,70,70,70,70,70,70,70,70,70,70,70,70],"card_choices":[{"not_picked":["Quick Slash","Noxious Fumes"],"picked":"Blade Dance","floor":1},{"not_picked":["Masterful Stab","Choke"],"picked":"Endless Agony","floor":4},{"not_picked":["Flechettes","Expertise","Bane"],"picked":"SKIP","floor":5},{"not_picked":["Poisoned Stab","Skewer","Prepared"],"picked":"SKIP","floor":7},{"not_picked":["Caltrops","Outmaneuver","Poisoned Stab"],"picked":"SKIP","floor":12},{"not_picked":["Deadly Poison","Deflect","Poisoned Stab"],"picked":"SKIP","floor":14}],"player_experience":407873,"relics_obtained":[{"floor":7,"key":"War Paint"},{"floor":9,"key":"Smiling Mask"},{"floor":12,"key":"Juzu Bracelet"}],"event_choices":[{"event_name":"Shining Light","player_choice":"Entered Light","floor":2,"damage_taken":0},{"event_name":"Living Wall","player_choice":"Grow","floor":11,"damage_taken":0},{"event_name":"Golden Wing","player_choice":"Card Removal","floor":13,"damage_taken":0}],"is_beta":false,"boss_relics":[],"items_purged_floors":[3],"is_endless":false,"potions_floor_spawned":[4,7],"killed_by":"Slime Boss","ascension_level":1}