{"gold_per_floor":[112,62,237,254,269,269,287,176,252,282,296,330,180,180,180,279,279,289,111,140,156,156,156,190,204,204,219,219],"floor_reached":28,"playtime":1528,"items_purged":["Doubt","Strike_R"],"score":310,"play_id":"cd3031b1-f867-46a2-b87d-f24110aa3c0c","local_time":"20190327075037","is_ascension_mode":true,"campfire_choices":[{"data":"Thunderclap","floor":6,"key":"SMITH"},{"floor":15,"key":"REST"},{"floor":23,"key":"REST"}],"neow_cost":"NONE","seed_source_timestamp":8066730287914535,"circlet_count":0,"master_deck":["Strike_R","Strike_R","Strike_R","Strike_R","Defend_R","Defend_R","Defend_R","Bash","Purity","Sentinel","Pommel Strike","Thunderclap+1","Intimidate","Combust","Fiend Fire","Rupture","Pommel Strike","Reaper","Dropkick","Uppercut","Feed","Corruption+1","Battle Trance","Flame Barrier"],"relics":["Burning Blood","Darkstone Periapt","Bronze Scales","Champion Belt","Shuriken","Orrery","Oddly Smooth Stone","Red Mask","Pear","Bottled Flame"],"potions_floor_usage":[10,16,20,20,24,27],"damage_taken":[{"damage":14,"enemies":"Jaw Worm","floor":1,"turns":5},{"damage":1,"enemies":"2 Louse","floor":4,"turns":3},{"damage":3,"enemies":"Small Slimes","floor":5,"turns":4},{"damage":15,"enemies":"Exordium Wildlife","floor":7,"turns":4},{"damage":25,"enemies":"3 Sentries","floor":10,"turns":5},{"damage":4,"enemies":"3 Louse","floor":11,"turns":2},{"damage":29,"enemies":"Gremlin Nob","floor":12,"turns":4},{"damage":37,"enemies":"Slime Boss","floor":16,"turns":7},{"damage":34,"enemies":"Shell Parasite","floor":18,"turns":5},{"damage":66,"enemies":"Masked Bandits","floor":20,"turns":5},{"damage":2,"enemies":"Chosen","floor":21,"turns":3},{"damage":39,"enemies":"Gremlin Leader","floor":24,"turns":6},{"damage":13,"enemies":"Centurion and Healer","floor":25,"turns":7},{"damage":40,"enemies":"Shelled Parasite and Fungi","floor":27,"turns":6},{"damage":22,"enemies":"Snecko","floor":28,"turns":3}],"seed_played":"8043167776031392935","potions_obtained":[{"floor":5,"key":"Fire Potion"},{"floor":7,"key":"BloodPotion"},{"floor":11,"key":"Energy Potion"},{"floor":16,"key":"FearPotion"},{"floor":21,"key":"Explosive Potion"},{"floor":25,"key":"PowerPotion"}],"is_trial":false,"path_per_floor":["M","?","?","M","M","R","M","$","T","E","M","E","$","?","R","B",null,"M","$","?","M","?","R","E","M","T","M","M"],"character_chosen":"IRONCLAD","items_purchased":["Combust","Pommel Strike","Oddly Smooth Stone","Battle Trance"],"campfire_rested":2,"item_purchase_floors":[8,13,19,19],"current_hp_per_floor":[72,72,72,77,80,80,71,71,71,52,54,31,31,19,43,12,80,52,52,18,22,22,46,38,34,34,9,0],"gold":219,"neow_bonus":"RANDOM_COLORLESS","is_prod":false,"is_daily":false,"chose_seed":false,"campfire_upgraded":1,"win_rate":0,"timestamp":1553687437,"path_taken":["M","?","?","?","M","R","M","$","T","E","M","E","$","?","R","BOSS","M","$","?","M","?","R","E","M","T","M","M"],"build_version":"2019-01-23","purchased_purges":2,"victory":false,"max_hp_per_floor":[80,80,80,80,80,80,80,80,80,80,80,80,80,80,80,80,80,80,80,80,80,80,80,90,93,93,96,96],"card_choices":[{"not_picked":["Twin Strike","Heavy Blade"],"picked":"Sentinel","floor":1},{"not_picked":["Perfected Strike","Twin Strike"],"picked":"Pommel Strike","floor":4},{"not_picked":["Whirlwind","Corruption"],"picked":"Thunderclap","floor":5},{"not_picked":["Anger","Iron Wave"],"picked":"Intimidate","floor":7},{"not_picked":["Clash","Anger"],"picked":"Fiend Fire","floor":10},{"not_picked":["Pommel Strike","Seeing Red","Warcry"],"picked":"SKIP","floor":11},{"not_picked":["Perfected Strike","Fire Breathing"],"picked":"Rupture","floor":12},{"not_picked":["Bludgeon","Dark Embrace"],"picked":"Reaper","floor":16},{"not_picked":["Rupture","Clash"],"picked":"Dropkick","floor":17},{"not_picked":["Armaments","Feel No Pain"],"picked":"Uppercut","floor":17},{"not_picked":["Wild Strike","Anger"],"picked":"Feed","floor":17},{"not_picked":["Wild Strike","Power Through"],"picked":"Corruption+1","floor":18},{"not_picked":["Twin Strike","Cleave"],"picked":"Flame Barrier","floor":20},{"not_picked":["Second Wind","Corruption","Fire Breathing"],"picked":"SKIP","floor":21},{"not_picked":["Metallicize","Heavy Blade","Dropkick"],"picked":"SKIP","floor":24},{"not_picked":["Headbutt","Cleave","Wild Strike+1"],"picked":"SKIP","floor":25},{"not_picked":["Limit Break","Body Slam+1","Pommel Strike+1"],"picked":"SKIP","floor":27}],"player_experience":536894,"relics_obtained":[{"floor":9,"key":"Darkstone Periapt"},{"floor":10,"key":"Bronze Scales"},{"floor":12,"key":"Champion Belt"},{"floor":20,"key":"Red Mask"},{"floor":24,"key":"Pear"},{"floor":26,"key":"Bottled Flame"}],"event_choices":[{"cards_removed":["Defend_R"],"damage_healed":0,"gold_gain":0,"player_choice":"Card Removal","damage_taken":0,"max_hp_gain":0,"max_hp_loss":0,"event_name":"The Cleric","floor":2,"gold_loss":50},{"damage_healed":0,"gold_gain":175,"player_choice":"AGREE","damage_taken":0,"max_hp_gain":0,"max_hp_loss":0,"event_name":"Liars Game","floor":3,"gold_loss":0,"cards_obtained":["Doubt"]},{"damage_healed":0,"gold_gain":0,"player_choice":"Success","damage_taken":12,"relics_obtained":["Shuriken"],"max_hp_gain":0,"max_hp_loss":0,"event_name":"Scrap Ooze","floor":14,"gold_loss":0},{"damage_healed":0,"gold_gain":0,"player_choice":"Fought Bandits","damage_taken":0,"max_hp_gain":0,"max_hp_loss":0,"event_name":"Masked Bandits","floor":20,"gold_loss":0},{"damage_healed":0,"gold_gain":0,"player_choice":"Ignored","damage_taken":0,"max_hp_gain":0,"max_hp_loss":0,"event_name":"Vampires","floor":22,"gold_loss":0}],"is_beta":false,"boss_relics":[{"not_picked":["Busted Crown","Black Blood"],"picked":"Orrery"}],"items_purged_floors":[8,13],"is_endless":false,"potions_floor_spawned":[5,7,11,16,21,25],"killed_by":"Snecko","ascension_level":3}