{"gold_per_floor":[110,124,71,90,107,107,136,136,204,204,216,216,231,248,248,352,352,342,357,357],"floor_reached":20,"playtime":805,"items_purged":[],"score":205,"play_id":"fc1a49fd-9933-4909-9f91-3895a7e7498e","local_time":"20190324230249","is_ascension_mode":true,"campfire_choices":[{"data":"Chaos","floor":6,"key":"SMITH"},{"data":"Zap","floor":8,"key":"SMITH"},{"data":"Dualcast","floor":10,"key":"SMITH"},{"floor":15,"key":"REST"}],"neow_cost":"NONE","seed_source_timestamp":7862975946380233,"circlet_count":0,"master_deck":["Strike_B","Strike_B","Strike_B","Strike_B","Defend_B","Defend_B","Defend_B","Defend_B","Zap+1","Dualcast+1","Cold Snap","Chaos+1","Cold Snap","Glacier","Compile Driver","Redo+1"],"relics":["Cracked Core","Bird Faced Urn","Shuriken","Orichalcum","Velvet Choker"],"potions_floor_usage":[11,14,16,16,16,19,20],"damage_taken":[{"damage":6,"enemies":"2 Louse","floor":1,"turns":2},{"damage":0,"enemies":"Small Slimes","floor":2,"turns":3},{"damage":8,"enemies":"Jaw Worm","floor":4,"turns":3},{"damage":6,"enemies":"Blue Slaver","floor":5,"turns":3},{"damage":28,"enemies":"Lagavulin","floor":7,"turns":8},{"damage":0,"enemies":"Large Slime","floor":11,"turns":5},{"damage":0,"enemies":"3 Louse","floor":13,"turns":2},{"damage":0,"enemies":"2 Fungi Beasts","floor":14,"turns":2},{"damage":17,"enemies":"Hexaghost","floor":16,"turns":9},{"damage":18,"enemies":"2 Thieves","floor":18,"turns":4},{"damage":10,"enemies":"Shell Parasite","floor":19,"turns":7},{"damage":16,"enemies":"Colosseum Slavers","floor":20,"turns":3},{"damage":62,"enemies":"Colosseum Nobs","floor":20,"turns":5}],"seed_played":"-12866392514246604","potions_obtained":[{"floor":1,"key":"SteroidPotion"},{"floor":2,"key":"SpeedPotion"},{"floor":4,"key":"EntropicBrew"},{"floor":16,"key":"Regen Potion"}],"is_trial":false,"path_per_floor":["M","M","$","M","M","R","E","R","T","R","M","?","M","M","R","B",null,"M","M","?"],"character_chosen":"DEFECT","items_purchased":["Cold Snap"],"campfire_rested":1,"item_purchase_floors":[3],"current_hp_per_floor":[69,69,69,61,55,55,27,27,27,27,27,20,20,20,42,25,75,57,62,0],"gold":357,"neow_bonus":"THREE_CARDS","is_prod":false,"is_daily":false,"chose_seed":false,"campfire_upgraded":3,"win_rate":0,"timestamp":1553482969,"path_taken":["M","M","$","M","M","R","E","R","T","R","M","?","M","M","R","BOSS","M","M","?"],"build_version":"2019-01-23","purchased_purges":0,"victory":false,"max_hp_per_floor":[75,75,75,75,75,75,75,75,75,75,75,75,75,75,75,75,75,75,75,75],"card_choices":[{"not_picked":["Chill","Hologram"],"picked":"Cold Snap","floor":0},{"not_picked":["Capacitor","Steam","Hello World"],"picked":"SKIP","floor":1},{"not_picked":["Loop","Steam Power"],"picked":"Chaos","floor":2},{"not_picked":["Leap","Hologram"],"picked":"Glacier","floor":4},{"not_picked":["Hologram","Self Repair"],"picked":"Compile Driver","floor":5},{"not_picked":["Turbo","Beam Cell","Leap"],"picked":"SKIP","floor":7},{"not_picked":["Glacier","Loop","Hologram"],"picked":"SKIP","floor":11},{"not_picked":["Turbo","Sweeping Beam","Cold Snap"],"picked":"SKIP","floor":13},{"not_picked":["Heatsinks","Beam Cell","Thunder Strike"],"picked":"SKIP","floor":14},{"not_picked":["Beam Cell","Darkness"],"picked":"Redo+1","floor":18},{"not_picked":["Loop","White Noise","Skim"],"picked":"SKIP","floor":19}],"player_experience":484148,"relics_obtained":[{"floor":7,"key":"Bird Faced Urn"},{"floor":9,"key":"Shuriken"}],"event_choices":[{"damage_healed":0,"gold_gain":0,"player_choice":"Success","damage_taken":7,"relics_obtained":["Orichalcum"],"max_hp_gain":0,"max_hp_loss":0,"event_name":"Scrap Ooze","floor":12,"gold_loss":0},{"damage_healed":0,"gold_gain":0,"player_choice":"Fight","damage_taken":0,"max_hp_gain":0,"max_hp_loss":0,"event_name":"Colosseum","floor":20,"gold_loss":0},{"damage_healed":0,"gold_gain":0,"player_choice":"Fought Nobs","damage_taken":0,"max_hp_gain":0,"max_hp_loss":0,"event_name":"Colosseum","floor":20,"gold_loss":0}],"is_beta":false,"boss_relics":[{"not_picked":["White Beast Statue","Calling Bell"],"picked":"Velvet Choker"}],"items_purged_floors":[],"is_endless":false,"potions_floor_spawned":[1,2,4,16,20],"killed_by":"Colosseum Nobs","ascension_level":3}