{"gold_per_floor":[113,125,142,142,162,162,178,210,258,275,25,40,40,71,71,173,173,191,106,106,125,46,46,46,72,72,84,47,81,98,129,129,233,233,247,179,195,195,209,209,209],"floor_reached":41,"playtime":5080,"items_purged":[],"score":463,"play_id":"98d15ff9-9a3c-4905-99a8-d6db27fa11e1","local_time":"20190321004022","is_ascension_mode":false,"campfire_choices":[{"data":"Survivor","floor":6.0,"key":"SMITH"},{"floor":13.0,"key":"REST"},{"data":"Backflip","floor":15.0,"key":"SMITH"},{"data":"Caltrops","floor":23,"key":"SMITH"},{"floor":32,"key":"REST"},{"floor":40,"key":"REST"}],"neow_cost":"NONE","seed_source_timestamp":0,"circlet_count":0,"master_deck":["Defend_G","Defend_G","Defend_G","Defend_G","Defend_G","Strike_G","Strike_G","Strike_G","Strike_G","Strike_G","Survivor+1","Neutralize+1","Predator+1","Dagger Spray","Noxious Fumes","Distraction","Backflip+1","Malaise","Flying Knee+1","RitualDagger+1","Blur+1","Caltrops+1","Dash+1","Backflip","Well Laid Plans","Glass Knife+1","Leg Sweep","Bandage Up"],"special_seed":0,"relics":["Ring of the Serpent","Bronze Scales","Bag of Marbles","Question Card","Molten Egg 2","Snecko Eye","Anchor","Pear","Orichalcum","Ninja Scroll","Snake Skull"],"potions_floor_usage":[25,25,29,33,33,33,39,41],"damage_taken":[{"damage":0.0,"enemies":"Cultist","floor":1.0,"turns":4.0},{"damage":4.0,"enemies":"2 Louse","floor":2.0,"turns":2.0},{"damage":0.0,"enemies":"Small Slimes","floor":3.0,"turns":4.0},{"damage":0.0,"enemies":"2 Fungi Beasts","floor":5.0,"turns":2.0},{"damage":9.0,"enemies":"Exordium Wildlife","floor":7.0,"turns":6.0},{"damage":20.0,"enemies":"Gremlin Nob","floor":8.0,"turns":5.0},{"damage":3.0,"enemies":"Exordium Thugs","floor":10.0,"turns":3.0},{"damage":0.0,"enemies":"Looter","floor":12.0,"turns":3.0},{"damage":1.0,"enemies":"3 Sentries","floor":14.0,"turns":5.0},{"damage":17.0,"enemies":"The Guardian","floor":16.0,"turns":16.0},{"damage":4,"enemies":"2 Thieves","floor":18,"turns":4},{"damage":0,"enemies":"3 Byrds","floor":21,"turns":3},{"damage":17,"enemies":"Slavers","floor":25,"turns":3},{"damage":4,"enemies":"Snecko","floor":27,"turns":6},{"damage":4,"enemies":"Book of Stabbing","floor":29,"turns":5},{"damage":0,"enemies":"Sentry and Sphere","floor":30,"turns":3},{"damage":5,"enemies":"Gremlin Leader","floor":31,"turns":6},{"damage":37,"enemies":"Champ","floor":33,"turns":16},{"damage":9,"enemies":"3 Shapes","floor":35,"turns":4},{"damage":0,"enemies":"Orb Walker","floor":37,"turns":2},{"damage":40,"enemies":"Spire Growth","floor":39,"turns":7},{"damage":59,"enemies":"Giant Head","floor":41,"turns":10}],"seed_played":"-6313782431946610284","potions_obtained":[{"floor":2.0,"key":"Dexterity Potion"},{"floor":3.0,"key":"Explosive Potion"},{"floor":5.0,"key":"PowerPotion"},{"floor":8.0,"key":"LiquidBronze"},{"floor":10.0,"key":"Block Potion"},{"floor":14.0,"key":"SpeedPotion"},{"floor":21,"key":"Explosive Potion"},{"floor":25,"key":"SpeedPotion"},{"floor":27,"key":"Weak Potion"},{"floor":31,"key":"SkillPotion"},{"floor":33,"key":"LiquidBronze"},{"floor":35,"key":"GamblersBrew"},{"floor":37,"key":"GamblersBrew"}],"is_trial":false,"path_per_floor":["?","M","M","?","?","?"],"character_chosen":"THE_SILENT","items_purchased":["Question Card","Caltrops","Well Laid Plans","Leg Sweep"],"campfire_rested":3,"item_purchase_floors":[11,22,28,36],"current_hp_per_floor":[70,66,66,66,66,66,57,37,37,34,34,34,55,54,54,37,70,66,66,60,60,60,60,60,53,53,49,49,45,45,40,64,27,80,71,71,71,71,31,55,0],"gold":209,"neow_bonus":"UPGRADE_CARD","is_prod":false,"is_daily":false,"chose_seed":false,"campfire_upgraded":3,"win_rate":0,"timestamp":1553139622,"path_taken":["M","M","M","?","M","R","?","E","T","?","$","M","R","E","R","BOSS","M","?","?","M","$","R","$","E","T","M","$","E","M","E","R","BOSS","M","$","M","?","M","R","E"],"build_version":"2019-01-23","purchased_purges":0,"victory":false,"max_hp_per_floor":[70,70,70,70,70,70,70,70,70,70,70,70,70,70,70,70,70,70,70,70,70,70,70,70,80,80,80,80,80,80,80,80,80,80,80,80,80,80,80,80,80],"card_choices":[{"not_picked":["Backflip","Blur"],"picked":"Predator","floor":1.0},{"not_picked":["Deadly Poison","Setup","Calculated Gamble"],"picked":"SKIP","floor":2.0},{"not_picked":["Sucker Punch","Underhanded Strike","Deadly Poison"],"picked":"SKIP","floor":3.0},{"not_picked":["Underhanded Strike","Terror","Masterful Stab"],"picked":"SKIP","floor":5.0},{"not_picked":["Underhanded Strike","Terror","Masterful Stab"],"picked":"SKIP","floor":5.0},{"not_picked":["Envenom","Finisher"],"picked":"Dagger Spray","floor":7.0},{"not_picked":["Deadly Poison","Finisher"],"picked":"Noxious Fumes","floor":8.0},{"not_picked":["Outmaneuver","Poisoned Stab","Predator"],"picked":"SKIP","floor":10.0},{"not_picked":["Deflect","Riddle With Holes","Predator"],"picked":"Distraction","floor":12.0},{"not_picked":["Doppelganger","Accuracy","Bane"],"picked":"Backflip","floor":14.0},{"not_picked":["Die Die Die+1","Wraith Form v2","Glass Knife+1"],"picked":"Malaise","floor":16.0},{"not_picked":["Dodge and Roll","Quick Slash+1","Blade Dance+1"],"picked":"Flying Knee+1","floor":18},{"not_picked":["Prepared","Blade Dance","Quick Slash+1"],"picked":"Blur+1","floor":21},{"not_picked":["Calculated Gamble","Accuracy","Acrobatics"],"picked":"Dash+1","floor":25},{"not_picked":["Dagger Spray+1","Acrobatics","Deflect"],"picked":"Backflip","floor":27},{"not_picked":["Masterful Stab+1","Escape Plan+1","Bane+1","Acrobatics"],"picked":"SKIP","floor":29},{"not_picked":["Cloak And Dagger","Bullet Time","Deadly Poison","Infinite Blades"],"picked":"SKIP","floor":30},{"not_picked":["All Out Attack+1","Slice+1","Bane+1","Dodge and Roll"],"picked":"SKIP","floor":31},{"not_picked":["Corpse Explosion","Bullet Time","Storm of Steel"],"picked":"Glass Knife+1","floor":33},{"not_picked":["Dagger Throw+1","Outmaneuver","Dodge and Roll","Underhanded Strike+1"],"picked":"SKIP","floor":35},{"not_picked":["Finisher+1","Backflip","Poisoned Stab+1","Deflect"],"picked":"SKIP","floor":37},{"not_picked":["Mind Blast+1","Violence","Jack Of All Trades"],"picked":"Bandage Up","floor":38},{"not_picked":["Blade Dance+1","Calculated Gamble+1","Acrobatics+1","Tactician+1"],"picked":"SKIP","floor":39}],"player_experience":383353,"relics_obtained":[{"floor":8.0,"key":"Bronze Scales"},{"floor":9.0,"key":"Bag of Marbles"},{"floor":14.0,"key":"Molten Egg 2"},{"floor":25,"key":"Pear"},{"floor":26,"key":"Orichalcum"},{"floor":29,"key":"Ninja Scroll"},{"floor":31,"key":"Snake Skull"}],"event_choices":[{"damage_healed":0.0,"max_hp_gain":0.0,"max_hp_loss":0.0,"gold_gain":0.0,"event_name":"Upgrade Shrine","player_choice":"Upgraded","floor":4.0,"gold_loss":0.0,"damage_taken":0.0,"cards_upgraded":["Predator"]},{"damage_healed":0,"gold_gain":0,"player_choice":"Obtained Relic","damage_taken":0,"relics_obtained":["Anchor"],"max_hp_gain":0,"max_hp_loss":0,"event_name":"Addict","floor":19,"gold_loss":85},{"damage_healed":0,"gold_gain":0,"player_choice":"Joined the Cult","damage_taken":6,"max_hp_gain":0,"max_hp_loss":0,"event_name":"Nest","floor":20,"gold_loss":0,"cards_obtained":["RitualDagger"]},{"damage_healed":0,"gold_gain":0,"player_choice":"Memory 1","damage_taken":0,"max_hp_gain":0,"max_hp_loss":0,"event_name":"SensoryStone","floor":38,"gold_loss":0}],"is_beta":false,"boss_relics":[{"not_picked":["Coffee Dripper","WristBlade"],"picked":"Snecko Eye"},{"not_picked":["Cursed Key","Empty Cage"],"picked":"Ring of the Serpent"}],"items_purged_floors":[],"is_endless":false,"potions_floor_spawned":[2,3,5,8,10,14,21,25,27,31,33,35,37],"killed_by":"Giant Head","ascension_level":0}