{"gold_per_floor":[366,386,386,285,304,304,322,272,272,291,123,140,140,156,156,252,252,268,284,284],"floor_reached":20,"playtime":750,"items_purged":["Defend_G","Defend_G"],"score":168,"play_id":"1da9126a-11a3-465a-8dff-ab65dfde8bd3","local_time":"20180711101812","is_ascension_mode":false,"campfire_choices":[{"data":"Flying Knee","floor":6,"key":"SMITH"},{"data":"Backflip","floor":13,"key":"SMITH"},{"data":"Terror","floor":15,"key":"SMITH"}],"neow_cost":"TEN_PERCENT_HP_LOSS","seed_source_timestamp":7755880305416,"circlet_count":0,"master_deck":["Defend_G","Defend_G","Strike_G","Strike_G","Strike_G","Strike_G","Strike_G","Survivor","Neutralize","Flying Knee+1","Dagger Throw","Dagger Throw","Backflip+1","Terror+1","Infinite Blades+1"],"relics":["Ring of the Snake","Ginger","Philosopher\u0027s Stone"],"potions_floor_usage":[16],"damage_taken":[{"damage":0,"enemies":"Small Slimes","floor":1,"turns":5},{"damage":0,"enemies":"Jaw Worm","floor":2,"turns":3},{"damage":0,"enemies":"Cultist","floor":5,"turns":3},{"damage":0,"enemies":"Looter","floor":7,"turns":3},{"damage":0,"enemies":"2 Fungi Beasts","floor":10,"turns":2},{"damage":3,"enemies":"Red Slaver","floor":12,"turns":4},{"damage":0,"enemies":"Looter","floor":14,"turns":2},{"damage":12,"enemies":"Slime Boss","floor":16,"turns":9},{"damage":19,"enemies":"3 Byrds","floor":18,"turns":5},{"damage":25,"enemies":"2 Thieves","floor":19,"turns":4},{"damage":27,"enemies":"Snake Plant","floor":20,"turns":2}],"seed_played":"8304737528838981325","potions_obtained":[{"floor":7,"key":"Strength Potion"},{"floor":12,"key":"Fire Potion"},{"floor":19,"key":"Energy Potion"}],"is_trial":false,"path_per_floor":["M","M","?","$","M","R","M","?","T","M","$","M","R","M","R","B",null,"M","M"],"character_chosen":"THE_SILENT","items_purchased":["Dagger Throw","Terror"],"campfire_rested":0,"item_purchase_floors":[4,11],"current_hp_per_floor":[63,63,56,56,56,56,56,56,56,56,56,53,53,53,53,41,63,44,19,0],"gold":284,"neow_bonus":"TWO_FIFTY_GOLD","is_prod":false,"is_daily":false,"chose_seed":false,"campfire_upgraded":3,"win_rate":0,"timestamp":1531318692,"path_taken":["M","M","?","$","?","R","M","?","T","M","$","M","R","M","R","BOSS","M","M","M"],"build_version":"2018-07-05","purchased_purges":2,"victory":false,"max_hp_per_floor":[63,63,63,63,63,63,63,63,63,63,63,63,63,63,63,63,63,63,63,63],"card_choices":[{"not_picked":["Prepared","Dodge and Roll"],"picked":"Flying Knee","floor":1},{"not_picked":["Deadly Poison","Malaise"],"picked":"Cloak And Dagger","floor":2},{"not_picked":["Dagger Spray","Slice","PiercingWail"],"picked":"SKIP","floor":5},{"not_picked":["Outmaneuver","Leg Sweep"],"picked":"Dagger Throw","floor":7},{"not_picked":["Dodge and Roll","Blade Dance"],"picked":"Backflip","floor":10},{"not_picked":["Dodge and Roll","Backflip","Night Terror"],"picked":"SKIP","floor":12},{"not_picked":["Catalyst","Backflip","Poisoned Stab"],"picked":"SKIP","floor":14},{"not_picked":["Flying Knee","Cloak And Dagger"],"picked":"Infinite Blades+1","floor":18},{"not_picked":["Deadly Poison","Outmaneuver+1","Dodge and Roll"],"picked":"SKIP","floor":19}],"player_experience":208259,"relics_obtained":[{"floor":9,"key":"Ginger"}],"event_choices":[{"event_name":"Golden Wing","player_choice":"Card Removal","floor":3,"damage_taken":0},{"event_name":"The Cleric","player_choice":"Card Removal","floor":8,"damage_taken":0}],"boss_relics":[{"not_picked":["White Beast Statue","Runic Dome"],"picked":"Philosopher\u0027s Stone"}],"items_purged_floors":[4,11],"is_endless":false,"potions_floor_spawned":[7,12,19],"killed_by":"Snake Plant","ascension_level":0}