{"gold_per_floor":[116,28,39,39,52,85,55,55,78,91,91,107,121,21,21,117,117,134,144,144],"floor_reached":20,"playtime":1698,"items_purged":[],"score":176,"play_id":"f4a6c40a-f404-46e9-8b8b-3b5d50d11f8f","local_time":"20180704144203","is_ascension_mode":false,"campfire_choices":[{"floor":8,"key":"REST"},{"data":"Flechettes","floor":11,"key":"SMITH"},{"floor":15,"key":"REST"}],"neow_cost":"","seed_source_timestamp":1168117675391115,"circlet_count":0,"master_deck":["Defend_G","Defend_G","Defend_G","Defend_G","Defend_G","Strike_G","Strike_G","Strike_G","Strike_G","Strike_G","Survivor","Neutralize","Skewer","Flying Knee","Flechettes+1","Choke","Flying Knee","Dodge and Roll","Poisoned Stab","Bullet Time","Backstab","Dagger Throw","Poisoned Stab","All Out Attack","Adrenaline","Outmaneuver","Endless Agony"],"relics":["Ring of the Snake","Ancient Tea Set","Dream Catcher","White Beast Statue"],"potions_floor_usage":[6,16,16,16,16,16,16,20,20],"damage_taken":[{"damage":6,"enemies":"2 Louse","floor":1,"turns":3},{"damage":3,"enemies":"Jaw Worm","floor":3,"turns":3},{"damage":0,"enemies":"Cultist","floor":5,"turns":3},{"damage":28,"enemies":"Lagavulin","floor":6,"turns":6},{"damage":0,"enemies":"Large Slime","floor":10,"turns":5},{"damage":13,"enemies":"Red Slaver","floor":12,"turns":2},{"damage":8,"enemies":"Gremlin Gang","floor":13,"turns":5},{"damage":54,"enemies":"Hexaghost","floor":16,"turns":8},{"damage":16,"enemies":"Shell Parasite","floor":18,"turns":4},{"damage":20,"enemies":"3 Byrds","floor":19,"turns":5},{"damage":42,"enemies":"Centurion and Healer","floor":20,"turns":4}],"seed_played":"5283071449044849387","potions_obtained":[{"floor":1,"key":"SkillPotion"},{"floor":6,"key":"Fire Potion"},{"floor":7,"key":"EntropicBrew"},{"floor":7,"key":"SmokeBomb"},{"floor":12,"key":"Ancient Potion"},{"floor":18,"key":"Fire Potion"},{"floor":19,"key":"Ancient Potion"}],"is_trial":false,"path_per_floor":["M","$","M","?","M","E","?","R","T","M","R","M","M","$","R","B",null,"M","M"],"character_chosen":"THE_SILENT","items_purchased":["Flying Knee","Flechettes","Dagger Throw","Poisoned Stab"],"campfire_rested":2,"item_purchase_floors":[2,2,14,14],"current_hp_per_floor":[64,64,61,66,66,38,38,60,60,60,60,47,39,39,61,22,75,59,39,0],"gold":144,"neow_bonus":"","is_prod":false,"is_daily":false,"chose_seed":false,"campfire_upgraded":1,"win_rate":0.0,"timestamp":1530729723,"path_taken":["M","$","M","?","M","E","?","R","T","M","R","M","M","$","R","BOSS","M","M","M"],"build_version":"2018-06-28","purchased_purges":0,"victory":false,"max_hp_per_floor":[70,70,70,75,75,75,75,75,75,75,75,75,75,75,75,75,75,75,75,75],"card_choices":[{"not_picked":["Leg Sweep","Outmaneuver"],"picked":"Skewer","floor":1},{"not_picked":["Prepared","Quick Slash"],"picked":"Choke","floor":3},{"not_picked":["Heel Hook","Reflex"],"picked":"Flying Knee","floor":5},{"not_picked":["PiercingWail","Footwork"],"picked":"Dodge and Roll","floor":6},{"not_picked":["Backflip","Deadly Poison"],"picked":"Poisoned Stab","floor":10},{"not_picked":["Acrobatics","Underhanded Strike"],"picked":"Bullet Time","floor":12},{"not_picked":["Quick Slash","Infinite Blades"],"picked":"Backstab","floor":13},{"not_picked":["Sucker Punch","Flying Knee"],"picked":"All Out Attack","floor":15},{"not_picked":["Unload","After Image"],"picked":"Adrenaline","floor":16},{"not_picked":["Distraction","Backflip"],"picked":"Outmaneuver","floor":18},{"not_picked":["Eviscerate","Deflect"],"picked":"Endless Agony","floor":19}],"player_experience":10041,"relics_obtained":[{"floor":6,"key":"Ancient Tea Set"},{"floor":9,"key":"Dream Catcher"}],"event_choices":[{"event_name":"Big Fish","player_choice":"Donut","floor":4,"damage_taken":0},{"event_name":"The Woman in Blue","player_choice":"Bought 2 Potions","floor":7,"damage_taken":0}],"boss_relics":[{"not_picked":["Fusion Hammer","Snecko Eye"],"picked":"White Beast Statue"}],"items_purged_floors":[],"is_endless":false,"potions_floor_spawned":[1,6,12,18,19],"killed_by":"Centurion and Healer","ascension_level":0}