{"gold_per_floor":[117,117,117,130,140,140,167,190,190,217,217,243,121,136,136,240,240,251,270,195,195,212,244,244,27,27,57,57,57,57,87,87,189,189,206,218,25,25,25,50,50,50,50,68,17,17,34,45,45,45],"floor_reached":51,"playtime":3575,"items_purged":["Strike_B"],"score":1064,"play_id":"41ca6adc-2a16-4db8-9030-218932d81204","local_time":"20190330184411","is_ascension_mode":true,"campfire_choices":[{"data":"Zap","floor":6,"key":"SMITH"},{"data":"Dualcast","floor":11,"key":"SMITH"},{"data":"Defragment","floor":15,"key":"SMITH"},{"data":"Go for the Eyes","floor":24,"key":"SMITH"},{"data":"Capacitor","floor":28,"key":"SMITH"},{"data":"Capacitor","floor":30,"key":"SMITH"},{"data":"Reinforced Body","floor":32,"key":"SMITH"},{"floor":42,"key":"REST"},{"floor":49,"key":"REST"}],"neow_cost":"NONE","seed_source_timestamp":23210615350100,"circlet_count":0,"master_deck":["Strike_B","Strike_B","Defend_B","Defend_B","Defend_B","Defend_B","Zap+1","Dualcast+1","Compile Driver","Glacier","Glacier","Compile Driver","Defragment+1","Leap+1","Capacitor+1","Go for the Eyes+1","Capacitor+1","Reinforced Body+1","Echo Form"],"relics":["Cracked Core","Lantern","Happy Flower","Du-Vu Doll","Thread and Needle","Singing Bowl","Cursed Key","StoneCalendar","Potion Belt","Pen Nib","Bag of Marbles","White Beast Statue","Cauldron","Ornamental Fan"],"potions_floor_usage":[7,16,23,33,39,47,50,50,50,50,50],"damage_taken":[{"damage":0,"enemies":"2 Louse","floor":1,"turns":3},{"damage":0,"enemies":"Jaw Worm","floor":4,"turns":3},{"damage":13,"enemies":"Small Slimes","floor":5,"turns":3},{"damage":17,"enemies":"3 Sentries","floor":7,"turns":10},{"damage":15,"enemies":"Lagavulin","floor":10,"turns":9},{"damage":2,"enemies":"3 Sentries","floor":12,"turns":6},{"damage":0,"enemies":"Exordium Wildlife","floor":14,"turns":1},{"damage":3,"enemies":"The Guardian","floor":16,"turns":14},{"damage":0,"enemies":"Shell Parasite","floor":18,"turns":5},{"damage":14,"enemies":"3 Byrds","floor":19,"turns":7},{"damage":0,"enemies":"Cultist and Chosen","floor":22,"turns":7},{"damage":0,"enemies":"Book of Stabbing","floor":23,"turns":8},{"damage":6,"enemies":"Gremlin Leader","floor":27,"turns":10},{"damage":0,"enemies":"Book of Stabbing","floor":31,"turns":6},{"damage":43,"enemies":"Automaton","floor":33,"turns":14},{"damage":0,"enemies":"3 Shapes","floor":35,"turns":7},{"damage":0,"enemies":"3 Darklings","floor":36,"turns":7},{"damage":3,"enemies":"Transient","floor":39,"turns":2},{"damage":18,"enemies":"Giant Head","floor":40,"turns":14},{"damage":16,"enemies":"Spire Growth","floor":44,"turns":7},{"damage":7,"enemies":"4 Shapes","floor":47,"turns":7},{"damage":0,"enemies":"Jaw Worm Horde","floor":48,"turns":7},{"damage":40,"enemies":"Awakened One","floor":50,"turns":28}],"seed_played":"8084546835215576796","potions_obtained":[{"floor":0,"key":"Ancient Potion"},{"floor":0,"key":"Regen Potion"},{"floor":0,"key":"PowerPotion"},{"floor":1,"key":"Dexterity Potion"},{"floor":14,"key":"FearPotion"},{"floor":18,"key":"Block Potion"},{"floor":22,"key":"Dexterity Potion"},{"floor":35,"key":"Swift Potion"},{"floor":36,"key":"AttackPotion"},{"floor":37,"key":"LiquidBronze"},{"floor":37,"key":"SmokeBomb"},{"floor":37,"key":"PowerPotion"},{"floor":40,"key":"Energy Potion"},{"floor":47,"key":"Swift Potion"},{"floor":48,"key":"Fire Potion"}],"is_trial":false,"path_per_floor":["?","$","T","?","?","$","?","?","T","M"],"character_chosen":"DEFECT","items_purchased":["Compile Driver","Capacitor","Potion Belt","Cauldron","Strength Potion"],"campfire_rested":2,"item_purchase_floors":[13,25,25,37,45],"current_hp_per_floor":[68,73,73,73,60,60,58,58,58,43,43,43,43,43,43,42,74,74,62,62,62,64,64,64,64,64,60,60,60,60,60,60,17,72,74,76,76,78,75,59,59,88,88,74,74,74,69,71,102,62],"gold":45,"neow_bonus":"THREE_SMALL_POTIONS","is_prod":false,"is_daily":false,"chose_seed":false,"campfire_upgraded":7,"win_rate":0,"timestamp":1553985851,"path_taken":["M","?","?","M","M","R","E","?","T","E","R","E","$","M","R","BOSS","M","M","?","?","M","E","R","?","T","E","R","$","R","E","R","BOSS","M","M","$","?","M","E","?","R","T","M","$","?","M","?","R","BOSS"],"build_version":"2019-01-23","purchased_purges":1,"victory":true,"max_hp_per_floor":[75,80,80,80,80,80,80,80,80,80,80,82,82,82,82,84,84,84,86,86,86,88,88,88,88,88,90,90,90,90,90,90,90,90,92,94,94,96,96,98,98,98,98,100,100,100,102,104,104,104],"card_choices":[{"not_picked":["Double Energy","Rebound","Heatsinks"],"picked":"SKIP","floor":1},{"not_picked":["Streamline","Rebound"],"picked":"Compile Driver","floor":4},{"not_picked":["Force Field","Aggregate"],"picked":"Glacier","floor":5},{"not_picked":["White Noise","Beam Cell"],"picked":"Glacier","floor":7},{"not_picked":["Chaos","Barrage"],"picked":"Compile Driver","floor":10},{"not_picked":["FTL","Skim","Barrage"],"picked":"Singing Bowl","floor":12},{"not_picked":["Force Field","Rebound"],"picked":"Defragment","floor":14},{"not_picked":["Buffer","Multi-Cast","Meteor Strike"],"picked":"Singing Bowl","floor":16},{"not_picked":["Streamline","Hologram"],"picked":"Leap+1","floor":18},{"not_picked":["FTL","Hello World","Streamline+1"],"picked":"Singing Bowl","floor":19},{"not_picked":["Hello World","Streamline","Recycle"],"picked":"Singing Bowl","floor":22},{"not_picked":["Rebound","Ball Lightning"],"picked":"Go for the Eyes","floor":23},{"not_picked":["Static Discharge","Redo","Lockon+1"],"picked":"Singing Bowl","floor":27},{"not_picked":["Rebound+1","Stack+1"],"picked":"Reinforced Body","floor":31},{"not_picked":["Hyperbeam","Meteor Strike"],"picked":"Echo Form","floor":33},{"not_picked":["Chaos","Steam","Go for the Eyes"],"picked":"Singing Bowl","floor":35},{"not_picked":["Sweeping Beam","Redo","Go for the Eyes+1"],"picked":"Singing Bowl","floor":36},{"not_picked":["Good Instincts","Apotheosis","Swift Strike"],"picked":"Singing Bowl","floor":38},{"not_picked":["Hologram+1","Conserve Battery","Steam"],"picked":"Singing Bowl","floor":40},{"not_picked":["Turbo","Tempest","Hello World"],"picked":"Singing Bowl","floor":44},{"not_picked":["Leap+1","Coolheaded+1","Recycle"],"picked":"Singing Bowl","floor":47},{"not_picked":["Auto Shields","Hologram","Storm"],"picked":"Singing Bowl","floor":48}],"player_experience":348641,"relics_obtained":[{"floor":7,"key":"Lantern"},{"floor":8,"key":"Happy Flower"},{"floor":9,"key":"Du-Vu Doll"},{"floor":10,"key":"Thread and Needle"},{"floor":12,"key":"Singing Bowl"},{"floor":23,"key":"StoneCalendar"},{"floor":27,"key":"Pen Nib"},{"floor":31,"key":"Bag of Marbles"},{"floor":40,"key":"Ornamental Fan"}],"event_choices":[{"damage_healed":0,"gold_gain":0,"player_choice":"Donut","damage_taken":0,"max_hp_gain":5,"max_hp_loss":0,"event_name":"Big Fish","floor":2,"gold_loss":0},{"cards_removed":["Strike_B"],"damage_healed":0,"gold_gain":0,"player_choice":"Gave Gold","damage_taken":0,"max_hp_gain":0,"max_hp_loss":0,"event_name":"Beggar","floor":20,"gold_loss":75},{"damage_healed":0,"gold_gain":0,"player_choice":"Read","damage_taken":0,"max_hp_gain":0,"max_hp_loss":0,"event_name":"The Library","floor":21,"gold_loss":0,"cards_obtained":["Capacitor"]},{"damage_healed":0,"gold_gain":0,"player_choice":"Memory 1","damage_taken":0,"max_hp_gain":0,"max_hp_loss":0,"event_name":"SensoryStone","floor":38,"gold_loss":0},{"cards_removed":["Compile Driver"],"damage_healed":0,"gold_gain":0,"player_choice":"Removed Attack","damage_taken":0,"max_hp_gain":0,"max_hp_loss":0,"event_name":"Falling","floor":41,"gold_loss":0}],"is_beta":false,"boss_relics":[{"not_picked":["Nuclear Battery","FrozenCore"],"picked":"Cursed Key"},{"not_picked":["Tiny House","Calling Bell"],"picked":"White Beast Statue"}],"items_purged_floors":[13],"is_endless":false,"potions_floor_spawned":[1,14,18,22,35,36,39,40,44,47,48],"ascension_level":7}