{"gold_per_floor":[117,64,64,64,88,88,113,113,139,183,183,14,14,50,50,175,175,195,320,68,167,185,219,219,240,322,322,365,379,403,416,416,536,536,555,570,370,370,389,428,428],"floor_reached":41,"playtime":1641,"items_purged":["Defend_R"],"score":517,"play_id":"fec53a26-c9d0-4663-b5ee-45a04f5996c9","local_time":"20180918133531","is_ascension_mode":true,"campfire_choices":[{"data":"Perfected Strike","floor":6,"key":"SMITH"},{"floor":11,"key":"REST"},{"data":"Perfected Strike","floor":13,"key":"SMITH"},{"data":"Perfected Strike","floor":15,"key":"SMITH"},{"floor":24,"key":"REST"},{"floor":32,"key":"REST"}],"neow_cost":"TEN_PERCENT_HP_LOSS","seed_source_timestamp":379028669939957,"circlet_count":0,"master_deck":["Strike_R","Strike_R","Strike_R","Strike_R","Strike_R","Defend_R","Defend_R","Bash","Armaments","Perfected Strike+1","Flex","Perfected Strike+1","Perfected Strike+1","Twin Strike","Demon Form","Thunderclap"],"relics":["Black Blood","Calipers","Golden Idol","Self Forming Clay","Omamori","Matryoshka","Pocketwatch","Mark of Pain","StoneCalendar","Pear","Gremlin Horn","Lantern","Art of War","Pantograph","Paper Frog","Bag of Marbles","The Courier"],"potions_floor_usage":[19,19,28,33],"damage_taken":[{"damage":7,"enemies":"2 Louse","floor":1,"turns":3},{"damage":5,"enemies":"Small Slimes","floor":5,"turns":3},{"damage":11,"enemies":"Jaw Worm","floor":7,"turns":2},{"damage":23,"enemies":"Lagavulin","floor":10,"turns":5},{"damage":8,"enemies":"Gremlin Nob","floor":14,"turns":3},{"damage":45,"enemies":"Hexaghost","floor":16,"turns":8},{"damage":24,"enemies":"2 Thieves","floor":18,"turns":3},{"damage":26,"enemies":"Colosseum Slavers","floor":19,"turns":3},{"damage":16,"enemies":"Colosseum Nobs","floor":19,"turns":3},{"damage":12,"enemies":"Shell Parasite","floor":22,"turns":2},{"damage":28,"enemies":"Slavers","floor":23,"turns":4},{"damage":10,"enemies":"Snecko","floor":25,"turns":3},{"damage":27,"enemies":"Book of Stabbing","floor":28,"turns":4},{"damage":11,"enemies":"Shelled Parasite and Fungi","floor":29,"turns":2},{"damage":0,"enemies":"Cultist and Chosen","floor":30,"turns":3},{"damage":0,"enemies":"Snake Plant","floor":31,"turns":2},{"damage":63,"enemies":"Automaton","floor":33,"turns":8},{"damage":29,"enemies":"3 Darklings","floor":35,"turns":4},{"damage":15,"enemies":"Orb Walker","floor":36,"turns":2},{"damage":0,"enemies":"Spire Growth","floor":39,"turns":2},{"damage":54,"enemies":"2 Orb Walkers","floor":40,"turns":4},{"damage":28,"enemies":"3 Darklings","floor":41,"turns":2}],"seed_played":"-1021203308406027631","potions_obtained":[{"floor":1,"key":"Weak Potion"},{"floor":10,"key":"Strength Potion"},{"floor":18,"key":"Regen Potion"},{"floor":25,"key":"SpeedPotion"},{"floor":30,"key":"EssenceOfSteel"},{"floor":31,"key":"FearPotion"},{"floor":33,"key":"GamblersBrew"},{"floor":35,"key":"Strength Potion"},{"floor":36,"key":"Explosive Potion"},{"floor":40,"key":"SteroidPotion"}],"is_trial":false,"path_per_floor":["M","$","?","?","M","R","M","?","T","E","R","$","R","E","R","B",null,"M","?","$","?","M","E","R","M","T","?","E","M","M","M","R","B",null,"M","M","$","?","M","E"],"character_chosen":"IRONCLAD","items_purchased":["Armaments","Flex","Perfected Strike","Gremlin Horn","Thunderclap","Bag of Marbles"],"campfire_rested":3,"item_purchase_floors":[2,12,12,20,37,37],"current_hp_per_floor":[71,71,53,53,54,54,49,49,49,32,53,53,53,51,51,12,72,54,43,43,43,37,15,39,35,35,35,14,9,15,21,45,13,82,63,58,58,58,68,24,0],"gold":428,"neow_bonus":"ONE_RARE_RELIC","is_prod":false,"is_daily":false,"chose_seed":false,"campfire_upgraded":3,"win_rate":0,"timestamp":1537292131,"path_taken":["M","$","?","?","M","R","M","?","T","E","R","$","R","E","R","BOSS","M","?","$","?","M","E","R","M","T","?","E","M","?","M","R","BOSS","M","M","$","?","M","E","M"],"build_version":"2018-09-06","purchased_purges":1,"victory":false,"max_hp_per_floor":[72,72,72,72,72,72,72,72,72,72,72,72,72,72,72,72,72,72,82,82,82,82,82,82,82,82,82,82,82,82,82,82,82,82,82,82,82,82,82,82,82],"card_choices":[{"not_picked":["Ghostly Armor","Blood for Blood"],"picked":"Cleave","floor":1},{"not_picked":["Cleave","Clothesline"],"picked":"Perfected Strike","floor":5},{"not_picked":["Dropkick","True Grit","Sentinel"],"picked":"SKIP","floor":7},{"not_picked":["Infernal Blade","Heavy Blade","True Grit"],"picked":"SKIP","floor":10},{"not_picked":["Warcry","Sword Boomerang"],"picked":"Perfected Strike","floor":14},{"not_picked":["Brutality","Impervious"],"picked":"Limit Break","floor":16},{"not_picked":["True Grit+1","Anger"],"picked":"Twin Strike","floor":18},{"not_picked":["Blood for Blood","Infernal Blade","Clothesline+1"],"picked":"SKIP","floor":22},{"not_picked":["Fire Breathing","Wild Strike","Twin Strike"],"picked":"SKIP","floor":23},{"not_picked":["Warcry","Wild Strike","Hemokinesis+1"],"picked":"SKIP","floor":25},{"not_picked":["Feel No Pain","Fiend Fire","Clash+1"],"picked":"SKIP","floor":28},{"not_picked":["Havoc+1","Warcry","Clash+1"],"picked":"SKIP","floor":29},{"not_picked":["Cleave","Body Slam","Second Wind"],"picked":"SKIP","floor":30},{"not_picked":["Perfected Strike","Feed","Bloodletting+1"],"picked":"SKIP","floor":31},{"not_picked":["Double Tap","Immolate"],"picked":"Demon Form","floor":33},{"not_picked":["Iron Wave+1","Headbutt","Warcry"],"picked":"SKIP","floor":35},{"not_picked":["Hemokinesis","Shrug It Off","Second Wind"],"picked":"SKIP","floor":36},{"not_picked":["Metallicize","Armaments","Carnage+1"],"picked":"SKIP","floor":39},{"not_picked":["Cleave+1","Warcry","Wild Strike"],"picked":"SKIP","floor":40}],"player_experience":346966,"relics_obtained":[{"floor":9,"key":"Omamori"},{"floor":10,"key":"Matryoshka"},{"floor":14,"key":"Pocketwatch"},{"floor":19,"key":"StoneCalendar"},{"floor":19,"key":"Pear"},{"floor":23,"key":"Lantern"},{"floor":26,"key":"Art of War"},{"floor":26,"key":"Pantograph"},{"floor":28,"key":"Paper Frog"},{"floor":40,"key":"The Courier"}],"event_choices":[{"event_name":"Golden Idol","player_choice":"Take Damage","floor":3,"damage_taken":0},{"event_name":"Living Wall","player_choice":"Forget","floor":4,"damage_taken":0},{"event_name":"WeMeetAgain","player_choice":"Potion","floor":8,"damage_taken":0},{"event_name":"Colosseum","player_choice":"Fight","floor":19,"damage_taken":0},{"event_name":"Colosseum","player_choice":"Fought Nobs","floor":19,"damage_taken":0},{"event_name":"Nest","player_choice":"Stole From Cult","floor":21,"damage_taken":0},{"event_name":"Purifier","player_choice":"One Purge","floor":27,"damage_taken":0},{"event_name":"Falling","player_choice":"Removed Attack","floor":38,"damage_taken":0}],"is_beta":false,"boss_relics":[{"not_picked":["Runic Pyramid","Ectoplasm"],"picked":"Mark of Pain"},{"not_picked":["Empty Cage","Eternal Feather"],"picked":"Black Blood"}],"items_purged_floors":[12],"is_endless":false,"potions_floor_spawned":[1,10,18,19,25,30,31,33,35,36,40],"killed_by":"3 Darklings","ascension_level":1}