{"gold_per_floor":[112,112,125,1,15,33,51,69,69,69,69,79,79,93,93,188,188,208,208,222,222,232,232,232,246,270,289,189,189,209,84,84,84],"floor_reached":33,"playtime":1166,"items_purged":["Defend_R","Defend_R","Strike_R"],"score":292,"play_id":"2eca0d58-d47e-4ed2-94c0-f012a6072406","local_time":"20180926131047","is_ascension_mode":true,"campfire_choices":[{"floor":10,"key":"REST"},{"floor":13,"key":"REST"},{"data":"Whirlwind","floor":15,"key":"SMITH"},{"data":"Thunderclap","floor":23,"key":"SMITH"},{"data":"Cleave","floor":29,"key":"SMITH"},{"data":"Spot Weakness","floor":32,"key":"SMITH"}],"neow_cost":"NONE","seed_source_timestamp":438739059280911,"circlet_count":0,"master_deck":["Strike_R","Strike_R","Strike_R","Defend_R","Bash","Pommel Strike","Shrug It Off","Cleave+1","Inflame","Thunderclap+1","Whirlwind+1","Spot Weakness+1"],"relics":["Burning Blood","Pantograph","Blue Candle","Champion Belt","Empty Cage","FaceOfCleric","Letter Opener","Orichalcum"],"potions_floor_usage":[6,12,16,20,33,33,33,33],"damage_taken":[{"damage":6,"enemies":"Small Slimes","floor":1,"turns":3},{"damage":14,"enemies":"2 Louse","floor":3,"turns":3},{"damage":0,"enemies":"Cultist","floor":5,"turns":3},{"damage":16,"enemies":"Exordium Thugs","floor":6,"turns":5},{"damage":21,"enemies":"Blue Slaver","floor":7,"turns":3},{"damage":15,"enemies":"Red Slaver","floor":8,"turns":3},{"damage":3,"enemies":"3 Louse","floor":12,"turns":2},{"damage":12,"enemies":"2 Fungi Beasts","floor":14,"turns":2},{"damage":53,"enemies":"The Guardian","floor":16,"turns":11},{"damage":2,"enemies":"3 Byrds","floor":18,"turns":3},{"damage":30,"enemies":"2 Thieves","floor":20,"turns":3},{"damage":29,"enemies":"3 Cultists","floor":22,"turns":5},{"damage":18,"enemies":"Chosen and Byrds","floor":25,"turns":3},{"damage":43,"enemies":"Snecko","floor":27,"turns":5},{"damage":22,"enemies":"Snake Plant","floor":30,"turns":4},{"damage":63,"enemies":"Champ","floor":33,"turns":8}],"seed_played":"1807959957838539357","potions_obtained":[{"floor":7,"key":"Block Potion"},{"floor":14,"key":"SpeedPotion"},{"floor":16,"key":"FearPotion"},{"floor":20,"key":"EntropicBrew"},{"floor":27,"key":"SteroidPotion"}],"is_trial":false,"path_per_floor":["M","?","M","$","M","M","M","M","T","R","T","M","R","M","R","B",null,"M","?","M","?","M","R","?","M","T","M","$","R","M","$","R"],"character_chosen":"IRONCLAD","items_purchased":["Fire Potion"],"campfire_rested":2,"item_purchase_floors":[4],"current_hp_per_floor":[80,55,47,47,53,43,28,19,19,43,43,46,70,64,64,33,80,80,80,57,57,35,35,92,81,81,45,45,45,30,30,30,0],"gold":84,"neow_bonus":"ONE_RANDOM_RARE_CARD","is_prod":false,"is_daily":false,"chose_seed":false,"campfire_upgraded":4,"win_rate":0,"timestamp":1537981847,"path_taken":["M","?","M","$","M","?","M","M","T","R","?","M","R","M","R","BOSS","M","?","M","?","M","R","?","M","T","M","?","R","?","$","R","BOSS"],"build_version":"2018-09-20","purchased_purges":3,"victory":false,"max_hp_per_floor":[80,80,80,80,80,80,80,80,80,80,80,80,80,80,80,80,80,80,80,81,81,82,82,92,93,93,94,94,94,95,95,95,95],"card_choices":[{"not_picked":["Headbutt","Flame Barrier"],"picked":"Pommel Strike","floor":1},{"not_picked":["Wild Strike","Body Slam"],"picked":"Shrug It Off","floor":3},{"not_picked":["Infernal Blade","True Grit"],"picked":"Cleave","floor":5},{"not_picked":["Armaments","Power Through"],"picked":"Inflame","floor":6},{"not_picked":["Warcry","Twin Strike"],"picked":"Thunderclap","floor":7},{"not_picked":["Corruption","Second Wind"],"picked":"Whirlwind","floor":8},{"not_picked":["Metallicize","Iron Wave","True Grit"],"picked":"SKIP","floor":12},{"not_picked":["Demon Form","Twin Strike"],"picked":"Spot Weakness","floor":14},{"not_picked":["Entrench","Heavy Blade+1","Combust+1"],"picked":"SKIP","floor":18},{"not_picked":["Warcry+1","Anger+1","Iron Wave+1"],"picked":"SKIP","floor":20},{"not_picked":["Clothesline","Sword Boomerang","Armaments+1"],"picked":"SKIP","floor":22},{"not_picked":["Sword Boomerang","Iron Wave","Clash"],"picked":"SKIP","floor":25},{"not_picked":["Dual Wield","Blood for Blood+1","Juggernaut"],"picked":"SKIP","floor":27},{"not_picked":["Havoc","Body Slam","Seeing Red+1"],"picked":"SKIP","floor":30}],"player_experience":417092,"relics_obtained":[{"floor":9,"key":"Blue Candle"},{"floor":11,"key":"Champion Belt"},{"floor":26,"key":"Orichalcum"}],"event_choices":[{"event_name":"Scrap Ooze","player_choice":"success","floor":2,"damage_taken":25},{"event_name":"FaceTrader","player_choice":"Trade","floor":19,"damage_taken":0},{"event_name":"The Mausoleum","player_choice":"Yes","floor":21,"damage_taken":0},{"event_name":"Bonfire Elementals","player_choice":"RARE","floor":24,"damage_taken":0}],"is_beta":false,"boss_relics":[{"not_picked":["Black Blood","Black Star"],"picked":"Empty Cage"}],"items_purged_floors":[4,28,31],"is_endless":false,"potions_floor_spawned":[7,14,16,20,27],"killed_by":"Champ","ascension_level":2}