{"gold_per_floor":[109,109,119,44,58,90,90,122,122,140,40,59,59,59,59,59],"floor_reached":16,"playtime":359,"items_purged":["Defend_B","Zap"],"score":127,"play_id":"634eb25d-21c3-42af-82cb-edf3755ae5d2","local_time":"20190324203317","is_ascension_mode":true,"campfire_choices":[{"data":"Sunder","floor":7,"key":"SMITH"},{"floor":13,"key":"REST"},{"floor":15,"key":"REST"}],"neow_cost":"NONE","seed_source_timestamp":7854451050118963,"circlet_count":0,"master_deck":["Strike_B","Strike_B","Strike_B","Strike_B","Defend_B","Defend_B","Defend_B","Dualcast","Reboot","Sunder+1","Beam Cell","FTL","BootSequence","Steam"],"relics":["Cracked Core","Bag of Marbles","Mummified Hand","Happy Flower"],"potions_floor_usage":[5],"damage_taken":[{"damage":12,"enemies":"Jaw Worm","floor":1,"turns":3},{"damage":6,"enemies":"Cultist","floor":3,"turns":3},{"damage":0,"enemies":"2 Louse","floor":5,"turns":1},{"damage":10,"enemies":"Gremlin Nob","floor":6,"turns":3},{"damage":30,"enemies":"Lagavulin","floor":8,"turns":5},{"damage":0,"enemies":"Blue Slaver","floor":10,"turns":2},{"damage":3,"enemies":"Large Slime","floor":12,"turns":2},{"damage":52,"enemies":"Hexaghost","floor":16,"turns":9}],"seed_played":"4151076973633095473","potions_obtained":[{"floor":3,"key":"Explosive Potion"}],"is_trial":false,"path_per_floor":["M","?","M","$","M","E","R","E","T","M","$","M","R","$","R","B"],"character_chosen":"DEFECT","items_purchased":[],"campfire_rested":2,"item_purchase_floors":[],"current_hp_per_floor":[63,56,50,50,50,40,40,10,10,10,10,7,29,29,51,0],"gold":59,"neow_bonus":"ONE_RANDOM_RARE_CARD","is_prod":false,"is_daily":false,"chose_seed":false,"campfire_upgraded":1,"win_rate":0,"timestamp":1553473997,"path_taken":["M","?","M","$","M","E","R","E","T","M","$","M","R","?","R","BOSS"],"build_version":"2019-01-23","purchased_purges":2,"victory":false,"max_hp_per_floor":[75,75,75,75,75,75,75,75,75,75,75,75,75,75,75,75],"card_choices":[{"not_picked":["Hologram","Chill"],"picked":"Sunder","floor":1},{"not_picked":["Ball Lightning","Steam","Conserve Battery"],"picked":"SKIP","floor":3},{"not_picked":["Chill","Capacitor"],"picked":"Beam Cell","floor":5},{"not_picked":["Leap","Storm"],"picked":"FTL","floor":6},{"not_picked":["Ball Lightning","Aggregate"],"picked":"BootSequence","floor":8},{"not_picked":["Hologram","Go for the Eyes","Stack"],"picked":"SKIP","floor":10},{"not_picked":["Chaos","Coolheaded"],"picked":"Steam","floor":12}],"player_experience":476447,"relics_obtained":[{"floor":6,"key":"Bag of Marbles"},{"floor":8,"key":"Mummified Hand"},{"floor":9,"key":"Happy Flower"}],"event_choices":[{"damage_healed":0,"gold_gain":0,"player_choice":"Damaged","damage_taken":7,"max_hp_gain":0,"max_hp_loss":0,"event_name":"Wheel of Change","floor":2,"gold_loss":0}],"is_beta":false,"boss_relics":[],"items_purged_floors":[4,11],"is_endless":false,"potions_floor_spawned":[3],"killed_by":"Hexaghost","ascension_level":3}