{"gold_per_floor":[362,217,229,140,151,151,170,189,215,215,242,242,257,274,274,274],"floor_reached":16,"playtime":486,"items_purged":["Strike_R"],"score":104,"play_id":"ce663bce-cec2-4188-8086-10624b240790","local_time":"20180803011742","is_ascension_mode":false,"campfire_choices":[{"data":"Body Slam","floor":6,"key":"SMITH"},{"data":"Body Slam","floor":10,"key":"SMITH"},{"data":"Good Instincts","floor":12,"key":"SMITH"},{"data":"Defend_R","floor":15,"key":"SMITH"}],"neow_cost":"FIFTY_PERCENT_DAMAGE","seed_source_timestamp":1962821487241911,"circlet_count":0,"master_deck":["Strike_R","Strike_R","Strike_R","Strike_R","Defend_R","Defend_R","Defend_R+1","Defend_R","Bash","Body Slam+1","Ghostly Armor","Good Instincts+1","Body Slam+1","Shrug It Off","Shrug It Off"],"relics":["Burning Blood","Lantern","Happy Flower"],"potions_floor_usage":[5,16],"damage_taken":[{"damage":1,"enemies":"Cultist","floor":1,"turns":3},{"damage":0,"enemies":"2 Louse","floor":3,"turns":3},{"damage":2,"enemies":"Small Slimes","floor":5,"turns":5},{"damage":32,"enemies":"Exordium Thugs","floor":7,"turns":6},{"damage":8,"enemies":"Red Slaver","floor":8,"turns":5},{"damage":7,"enemies":"3 Sentries","floor":11,"turns":8},{"damage":0,"enemies":"Looter","floor":13,"turns":1},{"damage":0,"enemies":"Large Slime","floor":14,"turns":5},{"damage":37,"enemies":"Slime Boss","floor":16,"turns":10}],"seed_played":"5970400349368262317","potions_obtained":[{"floor":3,"key":"Regen Potion"},{"floor":8,"key":"BloodPotion"},{"floor":14,"key":"Dexterity Potion"}],"is_trial":false,"path_per_floor":["M","$","M","$","M","R","M","M","T","R","E","R","M","M","R"],"character_chosen":"IRONCLAD","items_purchased":["Ghostly Armor","Good Instincts"],"campfire_rested":0,"item_purchase_floors":[2,4],"current_hp_per_floor":[45,45,51,51,67,67,41,39,39,39,38,38,44,50,50,13],"gold":274,"neow_bonus":"TWO_FIFTY_GOLD","is_prod":false,"is_daily":false,"chose_seed":false,"campfire_upgraded":4,"win_rate":0,"timestamp":1533273462,"path_taken":["M","$","M","$","M","R","M","M","T","R","E","R","M","M","R","BOSS"],"build_version":"2018-08-02","purchased_purges":1,"victory":false,"max_hp_per_floor":[80,80,80,80,80,80,80,80,80,80,80,80,80,80,80,80],"card_choices":[{"not_picked":["Iron Wave","True Grit"],"picked":"Body Slam","floor":1},{"not_picked":["Sword Boomerang","Headbutt","Rampage"],"picked":"SKIP","floor":3},{"not_picked":["Spot Weakness","Pummel"],"picked":"Body Slam","floor":5},{"not_picked":["Sever Soul","Anger"],"picked":"Shrug It Off","floor":7},{"not_picked":["Hemokinesis","Clash","Reckless Charge"],"picked":"SKIP","floor":8},{"not_picked":["Body Slam","Warcry","Uppercut"],"picked":"SKIP","floor":11},{"not_picked":["Disarm","Berserk"],"picked":"Shrug It Off","floor":13},{"not_picked":["Armaments","Fire Breathing","Clothesline"],"picked":"SKIP","floor":14}],"player_experience":336045,"relics_obtained":[{"floor":9,"key":"Lantern"},{"floor":11,"key":"Happy Flower"}],"event_choices":[],"is_beta":false,"boss_relics":[],"items_purged_floors":[2],"is_endless":false,"potions_floor_spawned":[3,8,14],"killed_by":"Slime Boss","ascension_level":0}