{"gold_per_floor":[111,111,74,74,85,85,102,120,147,177,277,277,295,311,311,411,411,426,250,261,161,174,174],"floor_reached":23,"playtime":503,"items_purged":["Defend_B","Defend_B"],"score":212,"play_id":"80983bc0-f895-4251-bb43-3c47037f6798","local_time":"20180923213601","is_ascension_mode":true,"campfire_choices":[{"data":"Scrape","floor":6,"key":"SMITH"},{"floor":15,"key":"REST"}],"neow_cost":"","seed_source_timestamp":210512720176312,"circlet_count":0,"master_deck":["Strike_B","Strike_B+1","Strike_B","Strike_B","Defend_B","Defend_B","Zap+1","Dualcast+1","Beam Cell+1","Scrape+1","Scrape","Hyperbeam"],"relics":["Cracked Core","Whetstone","Potion Belt","Ice Cream","Busted Crown"],"potions_floor_usage":[10,10,16,20,23],"damage_taken":[{"damage":1,"enemies":"2 Louse","floor":1,"turns":3},{"damage":9,"enemies":"Jaw Worm","floor":5,"turns":3},{"damage":0,"enemies":"Cultist","floor":7,"turns":2},{"damage":18,"enemies":"3 Louse","floor":8,"turns":3},{"damage":11,"enemies":"Lagavulin","floor":10,"turns":4},{"damage":13,"enemies":"Lots of Slimes","floor":13,"turns":3},{"damage":0,"enemies":"Large Slime","floor":14,"turns":2},{"damage":32,"enemies":"Hexaghost","floor":16,"turns":8},{"damage":11,"enemies":"Shell Parasite","floor":18,"turns":3},{"damage":0,"enemies":"2 Thieves","floor":20,"turns":1},{"damage":23,"enemies":"Centurion and Healer","floor":22,"turns":3},{"damage":44,"enemies":"Book of Stabbing","floor":23,"turns":4}],"seed_played":"5846546146724305774","potions_obtained":[{"floor":5,"key":"Weak Potion"},{"floor":8,"key":"SpeedPotion"},{"floor":14,"key":"FearPotion"},{"floor":16,"key":"Ancient Potion"},{"floor":22,"key":"Weak Potion"}],"is_trial":false,"path_per_floor":["M","?","$","?","M","R","M","M","T","E","?","?","M","M","R","B",null,"M","$","M","$","M"],"character_chosen":"DEFECT","items_purchased":["Scrape","Energy Potion","Fire Potion"],"campfire_rested":1,"item_purchase_floors":[3,19,19],"current_hp_per_floor":[74,59,59,75,66,66,66,48,48,37,37,30,17,17,39,7,75,64,64,64,64,41,0],"gold":174,"neow_bonus":"","is_prod":false,"is_daily":false,"chose_seed":false,"campfire_upgraded":1,"win_rate":0,"timestamp":1537752961,"path_taken":["M","?","$","?","M","R","M","M","T","E","?","?","M","M","R","BOSS","M","$","M","$","M","E"],"build_version":"2018-09-20","purchased_purges":2,"victory":false,"max_hp_per_floor":[75,75,75,75,75,75,75,75,75,75,75,75,75,75,75,75,75,75,75,75,75,75,75],"card_choices":[{"not_picked":["Turbo","Double Energy"],"picked":"Beam Cell","floor":1},{"not_picked":["Cold Snap","Aggregate","Self Repair"],"picked":"SKIP","floor":5},{"not_picked":["Fusion","Loop","Chaos"],"picked":"SKIP","floor":7},{"not_picked":["Hello World","Steam","Skim"],"picked":"SKIP","floor":8},{"not_picked":["Ball Lightning","Steam","Hologram"],"picked":"SKIP","floor":10},{"not_picked":["Cold Snap","Ball Lightning"],"picked":"Scrape","floor":13},{"not_picked":["Heatsinks","Auto Shields","Undo"],"picked":"SKIP","floor":14},{"not_picked":["Reboot","Electrodynamics"],"picked":"Hyperbeam","floor":16},{"not_picked":["Rip and Tear"],"picked":"SKIP","floor":18},{"not_picked":["Storm"],"picked":"SKIP","floor":20},{"not_picked":["Capacitor"],"picked":"SKIP","floor":22}],"player_experience":387854,"relics_obtained":[{"floor":9,"key":"Whetstone"},{"floor":10,"key":"Potion Belt"}],"event_choices":[{"event_name":"Shining Light","player_choice":"Entered Light","floor":2,"damage_taken":0},{"event_name":"Big Fish","player_choice":"Banana","floor":4,"damage_taken":0},{"event_name":"Golden Shrine","player_choice":"Pray","floor":11,"damage_taken":0},{"event_name":"Scrap Ooze","player_choice":"success","floor":12,"damage_taken":7}],"is_beta":false,"boss_relics":[{"not_picked":["Astrolabe","Cursed Key"],"picked":"Busted Crown"}],"items_purged_floors":[19,21],"is_endless":false,"potions_floor_spawned":[5,8,14,16,22],"killed_by":"Book of Stabbing","ascension_level":2}