{"gold_per_floor":[213,223,236,88,88,88,120,138,138,164,184,184,213,213,213,312,312,326,251,251,266,69,69,104,104,129,148,148,148,159,170,170,266,316,331,86,102,102,150,150,168,186,186,197,197,197,209,0,0,0],"floor_reached":50,"playtime":6867,"items_purged":["Strike_G","Strike_G","Strike_G"],"score":607,"play_id":"02609736-787a-4e6f-8381-e4d4876d4397","local_time":"20190329091533","is_ascension_mode":false,"campfire_choices":[{"data":"Footwork","floor":6,"key":"SMITH"},{"floor":12,"key":"REST"},{"data":"Dash","floor":15,"key":"SMITH"},{"floor":23,"key":"REST"},{"floor":25,"key":"REST"},{"data":"Doppelganger","floor":29,"key":"SMITH"},{"floor":32,"key":"REST"},{"floor":40,"key":"REST"},{"floor":45,"key":"REST"},{"floor":49,"key":"RECALL"}],"neow_cost":"NONE","seed_source_timestamp":282284496199786,"circlet_count":0,"master_deck":["Defend_G","Defend_G","Defend_G","Defend_G","Defend_G","Strike_G","Survivor","Neutralize+1","Dash+1","Dagger Spray","Footwork+1","Leg Sweep+1","Calculated Gamble+1","Dash","All Out Attack","Backflip","Tools of the Trade","Backflip","Dagger Throw","Caltrops","Escape Plan","PiercingWail+1","Doppelganger+1","Footwork","Dodge and Roll+1","PiercingWail","A Thousand Cuts","Dodge and Roll","Acrobatics+1","Flechettes","Footwork","Dash+1","Parasite","PiercingWail+1","Well Laid Plans+1"],"relics":["Ring of the Snake","Mercury Hourglass","Dodecahedron","Bag of Marbles","Smiling Mask","Orrery","Enchiridion","Pear","Oddly Smooth Stone","Meat on the Bone","Tiny House","The Specimen","Red Mask"],"potions_floor_usage":[7,10,18,24,33,33,33,39,39,42,50,50],"damage_taken":[{"damage":0,"enemies":"Cultist","floor":1,"turns":5},{"damage":0,"enemies":"Small Slimes","floor":2,"turns":3},{"damage":1,"enemies":"Jaw Worm","floor":3,"turns":5},{"damage":22,"enemies":"Lagavulin","floor":7,"turns":11},{"damage":0,"enemies":"Looter","floor":8,"turns":3},{"damage":2,"enemies":"Gremlin Nob","floor":10,"turns":3},{"damage":4,"enemies":"Blue Slaver","floor":11,"turns":3},{"damage":0,"enemies":"Lagavulin","floor":13,"turns":7},{"damage":0,"enemies":"The Guardian","floor":16,"turns":17},{"damage":4,"enemies":"2 Thieves","floor":18,"turns":4},{"damage":2,"enemies":"Chosen","floor":21,"turns":5},{"damage":51,"enemies":"Gremlin Leader","floor":24,"turns":8},{"damage":0,"enemies":"Centurion and Healer","floor":27,"turns":10},{"damage":0,"enemies":"3 Cultists","floor":30,"turns":5},{"damage":10,"enemies":"Snake Plant","floor":31,"turns":8},{"damage":25,"enemies":"Collector","floor":33,"turns":16},{"damage":6,"enemies":"3 Darklings","floor":35,"turns":5},{"damage":39,"enemies":"3 Shapes","floor":37,"turns":10},{"damage":16,"enemies":"2 Orb Walkers","floor":39,"turns":8},{"damage":0,"enemies":"Writhing Mass","floor":41,"turns":6},{"damage":55,"enemies":"Spire Growth","floor":42,"turns":10},{"damage":9,"enemies":"4 Shapes","floor":44,"turns":7},{"damage":25,"enemies":"Writhing Mass","floor":47,"turns":12},{"damage":47,"enemies":"Donu and Deca","floor":50,"turns":10}],"seed_played":"-6810135436005312110","potions_obtained":[{"floor":1,"key":"GamblersBrew"},{"floor":7,"key":"SteroidPotion"},{"floor":8,"key":"GamblersBrew"},{"floor":10,"key":"Fire Potion"},{"floor":24,"key":"Swift Potion"},{"floor":30,"key":"Swift Potion"},{"floor":31,"key":"Strength Potion"},{"floor":34,"key":"Dexterity Potion"},{"floor":39,"key":"SkillPotion"},{"floor":41,"key":"Weak Potion"},{"floor":42,"key":"Fire Potion"},{"floor":44,"key":"LiquidBronze"},{"floor":46,"key":"Dexterity Potion"}],"is_trial":false,"path_per_floor":["?","?","?","?","T","?","?","?","M","?"],"character_chosen":"THE_SILENT","items_purchased":["Footwork","Doppelganger","Footwork","Flechettes","Footwork","GhostInAJar"],"campfire_rested":6,"item_purchase_floors":[4,22,22,36,36,36],"current_hp_per_floor":[70,70,69,69,69,69,47,47,47,45,41,62,62,62,62,62,70,66,66,50,48,48,69,28,52,52,52,52,52,52,42,66,41,85,79,79,52,52,48,73,73,30,30,33,58,58,45,45,45,0],"gold":0,"neow_bonus":"HUNDRED_GOLD","is_prod":false,"is_daily":false,"chose_seed":false,"campfire_upgraded":3,"win_rate":0,"timestamp":1553861733,"path_taken":["M","M","M","$","?","R","E","M","T","E","M","R","E","?","R","BOSS","M","?","?","M","$","R","E","R","T","M","?","R","M","M","R","BOSS","M","$","M","?","?","R","M","M","T","M","R","?","?","?","R","BOSS"],"build_version":"2019-01-23","purchased_purges":3,"victory":false,"max_hp_per_floor":[70,70,70,70,70,70,70,70,70,70,70,70,70,70,70,70,70,70,70,70,70,70,70,80,80,80,80,80,80,80,80,80,80,85,85,85,85,85,85,85,85,85,85,85,85,85,85,85,85,85],"card_choices":[{"not_picked":["Crippling Poison","Deflect"],"picked":"Quick Slash","floor":1},{"not_picked":["Deflect","Cloak And Dagger"],"picked":"Dash","floor":2},{"not_picked":["Cloak And Dagger","Terror"],"picked":"Dagger Spray","floor":3},{"not_picked":["Outmaneuver","Cloak And Dagger"],"picked":"Leg Sweep","floor":7},{"not_picked":["Expertise","Poisoned Stab"],"picked":"Calculated Gamble","floor":8},{"not_picked":["Underhanded Strike","Bane"],"picked":"Dash","floor":10},{"not_picked":["Outmaneuver","Poisoned Stab"],"picked":"All Out Attack","floor":11},{"not_picked":["Outmaneuver","Deadly Poison"],"picked":"Backflip","floor":13},{"not_picked":["Adrenaline","Storm of Steel"],"picked":"Tools of the Trade","floor":16},{"not_picked":["Dodge and Roll","Prepared"],"picked":"Backflip","floor":17},{"not_picked":["Prepared","Escape Plan"],"picked":"Dagger Throw","floor":17},{"not_picked":["Expertise","Predator"],"picked":"Caltrops","floor":17},{"not_picked":["Outmaneuver","Deflect"],"picked":"Escape Plan","floor":17},{"not_picked":["Poisoned Stab","Dagger Spray+1","Prepared"],"picked":"SKIP","floor":18},{"not_picked":["Wraith Form v2","Calculated Gamble+1"],"picked":"PiercingWail+1","floor":21},{"not_picked":["Deflect","Predator+1"],"picked":"Dodge and Roll+1","floor":24},{"not_picked":["Deadly Poison","Finisher","Dagger Spray"],"picked":"SKIP","floor":27},{"not_picked":["Setup","Heel Hook","Skewer"],"picked":"SKIP","floor":30},{"not_picked":["Outmaneuver","Deflect"],"picked":"PiercingWail","floor":31},{"not_picked":["Doppelganger","Burst"],"picked":"A Thousand Cuts","floor":33},{"not_picked":["PiercingWail","Dagger Throw"],"picked":"Dodge and Roll","floor":34},{"not_picked":["Blade Dance+1","Poisoned Stab"],"picked":"Acrobatics+1","floor":35},{"not_picked":["Outmaneuver+1","Choke"],"picked":"Dash+1","floor":37},{"not_picked":["Dagger Spray","Distraction+1"],"picked":"PiercingWail+1","floor":41},{"not_picked":["Deadly Poison+1","Deflect","Prepared"],"picked":"SKIP","floor":42},{"not_picked":["Bouncing Flask+1","Reflex"],"picked":"Well Laid Plans+1","floor":44},{"not_picked":["All Out Attack+1","Cloak And Dagger","Backflip+1"],"picked":"SKIP","floor":47}],"player_experience":487970,"relics_obtained":[{"floor":7,"key":"Mercury Hourglass"},{"floor":9,"key":"Dodecahedron"},{"floor":10,"key":"Bag of Marbles"},{"floor":13,"key":"Smiling Mask"},{"floor":20,"key":"Enchiridion"},{"floor":24,"key":"Pear"},{"floor":26,"key":"Oddly Smooth Stone"},{"floor":28,"key":"Meat on the Bone"},{"floor":39,"key":"The Specimen"}],"event_choices":[{"damage_healed":0,"gold_gain":0,"player_choice":"Grow","damage_taken":0,"max_hp_gain":0,"max_hp_loss":0,"event_name":"Living Wall","floor":5,"gold_loss":0,"cards_upgraded":["Neutralize"]},{"damage_healed":0,"gold_gain":0,"player_choice":"Forge","damage_taken":0,"max_hp_gain":0,"max_hp_loss":0,"event_name":"Accursed Blacksmith","floor":14,"gold_loss":0,"cards_upgraded":["Leg Sweep"]},{"cards_removed":["Strike_G"],"damage_healed":0,"gold_gain":0,"player_choice":"Gave Gold","damage_taken":0,"max_hp_gain":0,"max_hp_loss":0,"event_name":"Beggar","floor":19,"gold_loss":75},{"damage_healed":0,"gold_gain":0,"player_choice":"Obtained Book","damage_taken":16,"max_hp_gain":0,"max_hp_loss":0,"event_name":"Cursed Tome","floor":20,"gold_loss":0},{"cards_removed":["Quick Slash"],"damage_healed":0,"gold_gain":0,"player_choice":"Removed Attack","damage_taken":0,"max_hp_gain":0,"max_hp_loss":0,"event_name":"Falling","floor":38,"gold_loss":0},{"damage_healed":0,"gold_gain":0,"player_choice":"Fight","damage_taken":0,"max_hp_gain":0,"max_hp_loss":0,"event_name":"Mysterious Sphere","floor":39,"gold_loss":0},{"damage_healed":0,"gold_gain":0,"player_choice":"Got Potions","damage_taken":0,"max_hp_gain":0,"max_hp_loss":0,"event_name":"Lab","floor":46,"gold_loss":0},{"damage_healed":0,"gold_gain":0,"player_choice":"Paid","damage_taken":0,"relics_obtained":["Red Mask"],"max_hp_gain":0,"max_hp_loss":0,"event_name":"Tomb of Lord Red Mask","floor":48,"gold_loss":209}],"is_beta":false,"boss_relics":[{"not_picked":["Pandora\u0027s Box","Busted Crown"],"picked":"Orrery"},{"not_picked":["Calling Bell","WristBlade"],"picked":"Tiny House"}],"items_purged_floors":[4,22,36],"is_endless":false,"potions_floor_spawned":[1,7,8,10,24,30,31,39,41,42,44],"killed_by":"Donu and Deca","ascension_level":0}