{"gold_per_floor":[109,109,59,29,43,43,72,72,72,92,107,123,123,139,139,262,262,276,19,19,19,19],"floor_reached":22,"playtime":821,"items_purged":["Defend_B"],"score":258,"play_id":"43d8a19e-881e-4a58-969f-1d83aca8534b","local_time":"20190330184749","is_ascension_mode":true,"campfire_choices":[{"data":"Madness","floor":6,"key":"SMITH"},{"data":"Zap","floor":8,"key":"SMITH"},{"data":"Defragment","floor":15,"key":"SMITH"}],"neow_cost":"NONE","seed_source_timestamp":29448649105851,"circlet_count":0,"master_deck":["Strike_B","Strike_B","Strike_B","Defend_B","Defend_B","Defend_B","Zap+1","Dualcast","Madness+1","Cold Snap","Melter","Skim","Glacier","White Noise","Defragment+1","Injury","Coolheaded","Echo Form","Leap+1","Chrysalis"],"relics":["Cracked Core","Regal Pillow","WingedGreaves","Matryoshka","Golden Idol","Nuclear Battery"],"potions_floor_usage":[5,16,16,22,22],"damage_taken":[{"damage":7,"enemies":"Small Slimes","floor":1,"turns":3},{"damage":0,"enemies":"Cultist","floor":5,"turns":4},{"damage":14,"enemies":"Gremlin Nob","floor":7,"turns":4},{"damage":0,"enemies":"2 Louse","floor":10,"turns":2},{"damage":3,"enemies":"Large Slime","floor":11,"turns":6},{"damage":1,"enemies":"Exordium Wildlife","floor":12,"turns":5},{"damage":0,"enemies":"Blue Slaver","floor":14,"turns":4},{"damage":31,"enemies":"The Guardian","floor":16,"turns":17},{"damage":0,"enemies":"Spheric Guardian","floor":18,"turns":1},{"damage":27,"enemies":"Colosseum Slavers","floor":22,"turns":5},{"damage":39,"enemies":"Colosseum Nobs","floor":22,"turns":4}],"seed_played":"-3720434404021182489","potions_obtained":[{"floor":4,"key":"Explosive Potion"},{"floor":4,"key":"Explosive Potion"},{"floor":5,"key":"Fruit Juice"},{"floor":10,"key":"SpeedPotion"},{"floor":14,"key":"Strength Potion"},{"floor":16,"key":"SpeedPotion"},{"floor":18,"key":"GamblersBrew"}],"is_trial":false,"path_per_floor":["M","?","?","?","M","R","E","R","T","M","M","M","?","M","R","B",null,"M","$","?","?","?"],"character_chosen":"DEFECT","items_purchased":["Chrysalis"],"campfire_rested":0,"item_purchase_floors":[19],"current_hp_per_floor":[61,54,54,54,59,59,45,45,45,45,42,41,41,41,41,10,63,63,63,63,63,0],"gold":19,"neow_bonus":"RANDOM_COLORLESS","is_prod":false,"is_daily":false,"chose_seed":false,"campfire_upgraded":3,"win_rate":0,"timestamp":1553989669,"path_taken":["M","?","?","?","M","R","E","R","T","M","M","?","?","M","R","BOSS","M","$","?","?","?"],"build_version":"2019-01-23","purchased_purges":1,"victory":false,"max_hp_per_floor":[75,75,75,75,80,80,80,80,80,80,80,80,80,80,80,80,80,80,80,80,80,80],"card_choices":[{"not_picked":["Doom and Gloom","Scrape"],"picked":"Cold Snap","floor":1},{"not_picked":["Coolheaded","Aggregate"],"picked":"Melter","floor":5},{"not_picked":["Rebound","Sweeping Beam"],"picked":"Skim","floor":7},{"not_picked":["Doom and Gloom","Go for the Eyes"],"picked":"Glacier","floor":10},{"not_picked":["Ball Lightning","Hologram"],"picked":"White Noise","floor":11},{"not_picked":["Sweeping Beam","Coolheaded"],"picked":"Defragment","floor":12},{"not_picked":["Turbo","Sweeping Beam"],"picked":"Coolheaded","floor":14},{"not_picked":["Fission","Machine Learning"],"picked":"Echo Form","floor":16},{"not_picked":["Melter+1","Reprogram"],"picked":"Leap+1","floor":18}],"player_experience":583619,"relics_obtained":[{"floor":7,"key":"WingedGreaves"},{"floor":9,"key":"Matryoshka"}],"event_choices":[{"damage_healed":0,"gold_gain":0,"player_choice":"Success","damage_taken":7,"relics_obtained":["Regal Pillow"],"max_hp_gain":0,"max_hp_loss":0,"event_name":"Scrap Ooze","floor":2,"gold_loss":0},{"cards_removed":["Strike_B"],"damage_healed":0,"gold_gain":0,"player_choice":"Card Removal","damage_taken":0,"max_hp_gain":0,"max_hp_loss":0,"event_name":"The Cleric","floor":3,"gold_loss":50},{"damage_healed":0,"gold_gain":0,"player_choice":"Bought 2 Potions","damage_taken":0,"max_hp_gain":0,"max_hp_loss":0,"event_name":"The Woman in Blue","floor":4,"gold_loss":0},{"damage_healed":0,"gold_gain":0,"player_choice":"Take Wound","damage_taken":0,"relics_obtained":["Golden Idol"],"max_hp_gain":0,"max_hp_loss":0,"event_name":"Golden Idol","floor":13,"gold_loss":0,"cards_obtained":["Injury"]},{"damage_healed":0,"gold_gain":0,"player_choice":"Ignored","damage_taken":0,"max_hp_gain":0,"max_hp_loss":0,"event_name":"Beggar","floor":21,"gold_loss":0},{"damage_healed":0,"gold_gain":0,"player_choice":"Fight","damage_taken":0,"max_hp_gain":0,"max_hp_loss":0,"event_name":"Colosseum","floor":22,"gold_loss":0},{"damage_healed":0,"gold_gain":0,"player_choice":"Fought Nobs","damage_taken":0,"max_hp_gain":0,"max_hp_loss":0,"event_name":"Colosseum","floor":22,"gold_loss":0}],"is_beta":false,"boss_relics":[{"not_picked":["Sozu","Runic Pyramid"],"picked":"Nuclear Battery"}],"items_purged_floors":[19],"is_endless":false,"potions_floor_spawned":[5,10,14,16,18],"killed_by":"Colosseum Nobs","ascension_level":8}