{"gold_per_floor":[115,40,52,52,227,227,227,227,253,282,297,322,338,362,362,362],"floor_reached":16,"playtime":4117,"items_purged":["Zap"],"score":99,"play_id":"ac910a3a-312a-4f89-8f1c-7b2da328fcf7","local_time":"20190324191230","is_ascension_mode":true,"campfire_choices":[{"data":"Streamline","floor":6,"key":"SMITH"},{"data":"Genetic Algorithm","floor":8,"key":"SMITH"},{"floor":15,"key":"REST"}],"neow_cost":"NONE","seed_source_timestamp":7845848583402069,"circlet_count":0,"master_deck":["Strike_B","Strike_B","Strike_B","Strike_B","Defend_B","Defend_B","Defend_B","Defend_B","Dualcast","Streamline+1","Genetic Algorithm+1","Rebound","Skim"],"relics":["Cracked Core","Golden Idol","Regal Pillow","Odd Mushroom","Boot"],"potions_floor_usage":[11,16],"damage_taken":[{"damage":0,"enemies":"Small Slimes","floor":1,"turns":2},{"damage":6,"enemies":"2 Louse","floor":3,"turns":2},{"damage":26,"enemies":"The Mushroom Lair","floor":10,"turns":4},{"damage":0,"enemies":"Jaw Worm","floor":11,"turns":3},{"damage":14,"enemies":"Lots of Slimes","floor":13,"turns":4},{"damage":0,"enemies":"Large Slime","floor":14,"turns":3},{"damage":65,"enemies":"Hexaghost","floor":16,"turns":10}],"seed_played":"-3809976954372702668","potions_obtained":[{"floor":10,"key":"Weak Potion"},{"floor":13,"key":"Energy Potion"}],"is_trial":false,"path_per_floor":["M","$","M","?","?","R","?","R","T","?","M","T","M","M","R","B"],"character_chosen":"DEFECT","items_purchased":[],"campfire_rested":1,"item_purchase_floors":[],"current_hp_per_floor":[75,75,69,69,69,69,69,69,69,43,43,43,29,29,64,0],"gold":362,"neow_bonus":"THREE_CARDS","is_prod":false,"is_daily":false,"chose_seed":false,"campfire_upgraded":2,"win_rate":0,"timestamp":1553469150,"path_taken":["M","$","M","?","?","R","?","R","T","?","M","?","M","M","R","BOSS"],"build_version":"2019-01-23","purchased_purges":1,"victory":false,"max_hp_per_floor":[75,75,75,69,69,69,69,69,69,69,69,69,69,69,69,69],"card_choices":[{"not_picked":["Ball Lightning","Recycle"],"picked":"Streamline","floor":0},{"not_picked":["Barrage","Lockon"],"picked":"Genetic Algorithm","floor":1},{"not_picked":["Coolheaded","Storm"],"picked":"Rebound","floor":3},{"not_picked":["Lockon","Streamline","Ball Lightning"],"picked":"SKIP","floor":11},{"not_picked":["Redo","Conserve Battery","Doom and Gloom"],"picked":"SKIP","floor":13},{"not_picked":["Recycle","Turbo"],"picked":"Skim","floor":14}],"player_experience":467961,"relics_obtained":[{"floor":9,"key":"Regal Pillow"},{"floor":10,"key":"Odd Mushroom"},{"floor":12,"key":"Boot"}],"event_choices":[{"damage_healed":0,"gold_gain":0,"player_choice":"Lose Max HP","damage_taken":0,"relics_obtained":["Golden Idol"],"max_hp_gain":0,"max_hp_loss":6,"event_name":"Golden Idol","floor":4,"gold_loss":0},{"damage_healed":0,"gold_gain":175,"player_choice":"AGREE","damage_taken":0,"max_hp_gain":0,"max_hp_loss":0,"event_name":"Liars Game","floor":5,"gold_loss":0,"cards_obtained":["Doubt"]},{"cards_removed":["Doubt"],"damage_healed":0,"gold_gain":0,"player_choice":"Forget","damage_taken":0,"max_hp_gain":0,"max_hp_loss":0,"event_name":"Living Wall","floor":7,"gold_loss":0},{"damage_healed":0,"gold_gain":0,"player_choice":"Fought Mushrooms","damage_taken":0,"max_hp_gain":0,"max_hp_loss":0,"event_name":"Mushrooms","floor":10,"gold_loss":0}],"is_beta":false,"boss_relics":[],"items_purged_floors":[2],"is_endless":false,"potions_floor_spawned":[10,13],"killed_by":"Hexaghost","ascension_level":2}