{"gold_per_floor":[19,294,310,327,110,110,145,145,145,158,174,174,174,185,185,290,290,301,318,136,136,146,146,166,166,192,192],"floor_reached":27,"playtime":2332,"items_purged":["Regret"],"score":215,"play_id":"ed4bac4f-8dff-49b4-a25b-79451e5afe11","local_time":"20190204101009","is_ascension_mode":false,"campfire_choices":[{"data":"Enlightenment","floor":6,"key":"SMITH"},{"floor":8,"key":"REST"},{"floor":15,"key":"REST"},{"floor":25,"key":"REST"}],"neow_cost":"NO_GOLD","seed_source_timestamp":82109403016652,"circlet_count":0,"master_deck":["Strike_B","Strike_B","Strike_B","Defend_B","Defend_B","Defend_B","Defend_B","Zap","Dualcast","Electrodynamics+1","Steam","Enlightenment+1","Redo","Loop","Rebound","Undo","Rainbow","Redo","Thunder Strike","Sunder","Genetic Algorithm","Ball Lightning","Streamline"],"relics":["Cracked Core","Matryoshka","Smiling Mask","The Courier","Black Star","Runic Capacitor","Nilry\u0027s Codex","Art of War","Pen Nib"],"potions_floor_usage":[7,16,16,16,18,22,24,24],"damage_taken":[{"damage":1,"enemies":"Cultist","floor":1,"turns":3},{"damage":8,"enemies":"Jaw Worm","floor":3,"turns":3},{"damage":2,"enemies":"2 Louse","floor":4,"turns":3},{"damage":22,"enemies":"Gremlin Nob","floor":7,"turns":4},{"damage":21,"enemies":"Exordium Thugs","floor":10,"turns":4},{"damage":5,"enemies":"Looter","floor":11,"turns":3},{"damage":18,"enemies":"Lots of Slimes","floor":14,"turns":2},{"damage":40,"enemies":"Hexaghost","floor":16,"turns":9},{"damage":15,"enemies":"Shell Parasite","floor":18,"turns":4},{"damage":18,"enemies":"Spheric Guardian","floor":19,"turns":4},{"damage":21,"enemies":"Snake Plant","floor":22,"turns":3},{"damage":10,"enemies":"Shelled Parasite and Fungi","floor":24,"turns":4},{"damage":45,"enemies":"Cultist and Chosen","floor":27,"turns":4}],"seed_played":"5655485517104964117","potions_obtained":[{"floor":3,"key":"Poison Potion"},{"floor":10,"key":"Strength Potion"},{"floor":14,"key":"EntropicBrew"},{"floor":16,"key":"Dexterity Potion"},{"floor":22,"key":"Regen Potion"}],"is_trial":false,"path_per_floor":["?","M","?","?","?","?"],"character_chosen":"DEFECT","items_purchased":["Enlightenment","Redo","Runic Capacitor","Genetic Algorithm"],"campfire_rested":3,"item_purchase_floors":[5,5,20,20],"current_hp_per_floor":[74,74,66,64,64,64,42,64,64,43,38,38,38,20,42,2,75,60,42,42,26,5,5,7,29,29,0],"gold":192,"neow_bonus":"THREE_RARE_CARDS","is_prod":false,"is_daily":false,"chose_seed":false,"campfire_upgraded":1,"win_rate":0.0,"timestamp":1549285809,"path_taken":["M","?","?","M","$","R","E","R","T","M","M","?","?","M","R","BOSS","M","M","$","?","M","?","M","R","T","M"],"build_version":"2019-01-23","purchased_purges":1,"victory":false,"max_hp_per_floor":[75,75,75,75,75,75,75,75,75,75,75,75,75,75,75,75,75,75,75,75,75,75,75,75,75,75,75],"card_choices":[{"not_picked":["Biased Cognition","Fission"],"picked":"Electrodynamics","floor":0},{"not_picked":["Cold Snap","Steam Power","Hologram"],"picked":"SKIP","floor":1},{"not_picked":["Heatsinks","FTL"],"picked":"Steam","floor":3},{"not_picked":["Compile Driver","Consume","Sweeping Beam"],"picked":"SKIP","floor":4},{"not_picked":["Cold Snap","Turbo"],"picked":"Loop","floor":7},{"not_picked":["Conserve Battery","Leap"],"picked":"Rebound","floor":10},{"not_picked":["Hello World","Amplify"],"picked":"Undo","floor":11},{"not_picked":["Coolheaded","Scrape"],"picked":"Redo","floor":14},{"not_picked":["All For One","Buffer"],"picked":"Thunder Strike","floor":16},{"not_picked":["Beam Cell","Rebound"],"picked":"Sunder","floor":18},{"not_picked":["Coolheaded","Beam Cell","Gash+1"],"picked":"SKIP","floor":19},{"not_picked":["Compile Driver","Turbo+1"],"picked":"Ball Lightning","floor":22},{"not_picked":["Stack","White Noise"],"picked":"Streamline","floor":24}],"player_experience":103514,"relics_obtained":[{"floor":7,"key":"Matryoshka"},{"floor":9,"key":"Smiling Mask"},{"floor":9,"key":"The Courier"},{"floor":21,"key":"Nilry\u0027s Codex"},{"floor":26,"key":"Art of War"},{"floor":26,"key":"Pen Nib"}],"event_choices":[{"damage_healed":0,"gold_gain":275,"player_choice":"Desecrate","damage_taken":0,"max_hp_gain":0,"max_hp_loss":0,"event_name":"Golden Shrine","floor":2,"gold_loss":0,"cards_obtained":["Regret"]},{"damage_healed":0,"gold_gain":0,"player_choice":"Fled","damage_taken":0,"max_hp_gain":0,"max_hp_loss":0,"event_name":"Scrap Ooze","floor":12,"gold_loss":0},{"damage_healed":0,"gold_gain":0,"cards_transformed":["Strike_B"],"player_choice":"Transformed","damage_taken":0,"max_hp_gain":0,"max_hp_loss":0,"event_name":"Transmorgrifier","floor":13,"gold_loss":0,"cards_obtained":["Rainbow"]},{"damage_healed":0,"gold_gain":0,"player_choice":"Obtained Book","damage_taken":16,"max_hp_gain":0,"max_hp_loss":0,"event_name":"Cursed Tome","floor":21,"gold_loss":0},{"damage_healed":0,"gold_gain":0,"player_choice":"Forge","damage_taken":0,"max_hp_gain":0,"max_hp_loss":0,"event_name":"Accursed Blacksmith","floor":23,"gold_loss":0,"cards_upgraded":["Electrodynamics"]}],"is_beta":false,"boss_relics":[{"not_picked":["Ectoplasm","Coffee Dripper"],"picked":"Black Star"}],"items_purged_floors":[5],"is_endless":false,"potions_floor_spawned":[3,10,14,16,22],"killed_by":"Cultist and Chosen","ascension_level":0}