{"gold_per_floor":[112,37,37,50,50,50,50,67,94,105,105,83,83,99,99,201,201,220,220,239,239,249,249,348,146,172,190,202,77,77,93,93,93],"floor_reached":33,"playtime":1034,"items_purged":["Defend_R","Defend_R","Defend_R"],"score":287,"play_id":"f49b3de5-9312-42dd-9ded-fdcef27aaa81","local_time":"20180801151418","is_ascension_mode":false,"campfire_choices":[{"data":"Fiend Fire","floor":6,"key":"SMITH"},{"floor":11,"key":"REST"},{"data":"Flex","floor":13,"key":"SMITH"},{"data":"Pommel Strike","floor":15,"key":"SMITH"},{"data":"Double Tap","floor":23,"key":"SMITH"},{"floor":30,"key":"REST"},{"data":"Battle Trance","floor":32,"key":"SMITH"}],"neow_cost":"NONE","seed_source_timestamp":1839669023154075,"circlet_count":0,"master_deck":["Strike_R","Strike_R","Strike_R","Strike_R+1","Strike_R","Defend_R","Bash","Fiend Fire+1","Inflame+1","Pommel Strike+1","Shrug It Off","Flex+1","Double Tap+1","Battle Trance+1","Flex"],"relics":["Burning Blood","Anchor","Mark of Pain","Art of War","Pen Nib"],"potions_floor_usage":[18,20],"damage_taken":[{"damage":5,"enemies":"Small Slimes","floor":1,"turns":3},{"damage":6,"enemies":"2 Louse","floor":4,"turns":3},{"damage":0,"enemies":"Cultist","floor":8,"turns":2},{"damage":12,"enemies":"Exordium Thugs","floor":10,"turns":3},{"damage":0,"enemies":"2 Fungi Beasts","floor":14,"turns":3},{"damage":0,"enemies":"Slime Boss","floor":16,"turns":5},{"damage":0,"enemies":"Chosen","floor":18,"turns":3},{"damage":23,"enemies":"3 Byrds","floor":20,"turns":4},{"damage":23,"enemies":"Centurion and Healer","floor":22,"turns":6},{"damage":8,"enemies":"Snecko","floor":27,"turns":3},{"damage":22,"enemies":"Slaver and Parasite","floor":28,"turns":4},{"damage":0,"enemies":"Snake Plant","floor":31,"turns":2},{"damage":77,"enemies":"Collector","floor":33,"turns":6}],"seed_played":"-676491132437979685","potions_obtained":[{"floor":1,"key":"FairyPotion"},{"floor":10,"key":"GamblersBrew"},{"floor":16,"key":"Explosive Potion"},{"floor":18,"key":"EssenceOfSteel"}],"is_trial":false,"path_per_floor":["M","$","?","M","$","R","$","M","T","M","R","$","R","M","R","B",null,"M","?","M","?","M","R","?","$","T","M","M","$","R","M","R"],"character_chosen":"IRONCLAD","items_purchased":["Flex","Battle Trance","Flex"],"campfire_rested":2,"item_purchase_floors":[12,25,25],"current_hp_per_floor":[80,80,64,64,64,64,64,70,70,64,80,80,80,80,80,80,80,80,80,63,63,46,46,46,46,46,44,28,28,52,58,58,0],"gold":93,"neow_bonus":"ONE_RANDOM_RARE_CARD","is_prod":false,"is_daily":false,"chose_seed":false,"campfire_upgraded":5,"win_rate":0,"timestamp":1533150858,"path_taken":["M","$","?","?","?","R","$","M","T","M","R","$","R","M","R","BOSS","M","?","?","?","M","R","?","$","T","M","M","$","R","?","R","BOSS"],"build_version":"2018-07-26","purchased_purges":3,"victory":false,"max_hp_per_floor":[80,80,80,80,80,80,80,80,80,80,80,80,80,80,80,80,80,80,80,80,80,80,80,80,80,80,80,80,80,80,80,80,80],"card_choices":[{"not_picked":["Hemokinesis","Uppercut"],"picked":"Inflame","floor":1},{"not_picked":["Cleave","Disarm","Ghostly Armor"],"picked":"SKIP","floor":4},{"not_picked":["Bloodletting","Warcry"],"picked":"Pommel Strike","floor":8},{"not_picked":["Pummel","Anger"],"picked":"Shrug It Off","floor":10},{"not_picked":["Ghostly Armor","Iron Wave","Havoc"],"picked":"SKIP","floor":14},{"not_picked":["Limit Break","Fiend Fire"],"picked":"Double Tap","floor":16},{"not_picked":["Wild Strike","Iron Wave","Sword Boomerang+1"],"picked":"SKIP","floor":18},{"not_picked":["Flex","Rage+1","Pummel+1"],"picked":"SKIP","floor":20},{"not_picked":["Heavy Blade","Burning Pact+1","Sword Boomerang"],"picked":"SKIP","floor":22},{"not_picked":["Shockwave","Shrug It Off","Clothesline+1"],"picked":"SKIP","floor":27},{"not_picked":["Headbutt","Flex","Thunderclap"],"picked":"SKIP","floor":28},{"not_picked":["True Grit","Demon Form","Whirlwind"],"picked":"SKIP","floor":31}],"player_experience":318124,"relics_obtained":[{"floor":9,"key":"Anchor"},{"floor":26,"key":"Pen Nib"}],"event_choices":[{"event_name":"Shining Light","player_choice":"Entered Light","floor":3,"damage_taken":0},{"event_name":"The Mausoleum","player_choice":"No","floor":19,"damage_taken":0},{"event_name":"WeMeetAgain","player_choice":"Potion","floor":21,"damage_taken":0},{"event_name":"Nest","player_choice":"Stole From Cult","floor":24,"damage_taken":0}],"is_beta":false,"boss_relics":[{"not_picked":["Astrolabe","Coffee Dripper"],"picked":"Mark of Pain"}],"items_purged_floors":[2,25,29],"is_endless":false,"potions_floor_spawned":[1,10,16,18],"killed_by":"Collector","ascension_level":0}