{"gold_per_floor":[118,118,18,18,18,53,53,73,100,132,132,132,11,22,22,122,122,140,158,158],"floor_reached":20,"playtime":1434,"items_purged":["Strike_R"],"score":198,"play_id":"e4a3672c-7464-47e8-b987-2dc087fab5b0","local_time":"20190328023010","is_ascension_mode":true,"campfire_choices":[{"data":"Clothesline","floor":7,"key":"SMITH"},{"data":"Bash","floor":11,"key":"SMITH"},{"data":"Cleave","floor":15,"key":"SMITH"}],"neow_cost":"NONE","seed_source_timestamp":177000262642322,"circlet_count":0,"master_deck":["Strike_R","Strike_R","Strike_R","Strike_R","Defend_R","Defend_R","Defend_R","Defend_R","Bash+1","Pummel","Clothesline+1","Iron Wave","Carnage","Disarm","Armaments","Cleave+1","Feed","Regret","Uppercut+1","Pommel Strike+1"],"relics":["Burning Blood","The Courier","Ancient Tea Set","Omamori","Dream Catcher","Juzu Bracelet","Calling Bell","Bag of Marbles","Molten Egg 2","Magic Flower"],"potions_floor_usage":[16,20],"damage_taken":[{"damage":7,"enemies":"Jaw Worm","floor":1,"turns":5},{"damage":31,"enemies":"Gremlin Nob","floor":6,"turns":6},{"damage":2,"enemies":"2 Louse","floor":8,"turns":2},{"damage":26,"enemies":"3 Sentries","floor":10,"turns":9},{"damage":3,"enemies":"Small Slimes","floor":14,"turns":3},{"damage":31,"enemies":"Slime Boss","floor":16,"turns":7},{"damage":29,"enemies":"3 Byrds","floor":18,"turns":7},{"damage":47,"enemies":"Spheric Guardian","floor":19,"turns":6},{"damage":27,"enemies":"Snake Plant","floor":20,"turns":1}],"seed_played":"6214708722274916515","potions_obtained":[{"floor":8,"key":"LiquidBronze"},{"floor":18,"key":"FearPotion"}],"is_trial":false,"path_per_floor":["?","?","?","T"],"character_chosen":"IRONCLAD","items_purchased":["Iron Wave","Juzu Bracelet"],"campfire_rested":0,"item_purchase_floors":[3,13],"current_hp_per_floor":[79,79,79,84,81,56,56,60,60,40,40,40,40,43,43,18,85,65,27,0],"gold":158,"neow_bonus":"THREE_CARDS","is_prod":false,"is_daily":false,"chose_seed":false,"campfire_upgraded":3,"win_rate":0,"timestamp":1553751010,"path_taken":["M","?","$","?","?","E","R","M","T","E","R","?","$","M","R","BOSS","M","M","M"],"build_version":"2019-01-23","purchased_purges":1,"victory":false,"max_hp_per_floor":[80,80,80,85,85,85,85,85,85,85,85,85,85,85,85,85,85,85,85,85],"card_choices":[{"not_picked":["True Grit","Body Slam"],"picked":"Pummel","floor":0},{"not_picked":["Perfected Strike","Sever Soul"],"picked":"Clothesline","floor":1},{"not_picked":["Body Slam","Havoc"],"picked":"Carnage","floor":6},{"not_picked":["Iron Wave","Headbutt"],"picked":"Disarm","floor":8},{"not_picked":["Carnage","Clothesline"],"picked":"Armaments","floor":10},{"not_picked":["Body Slam","Bludgeon"],"picked":"Cleave","floor":14},{"not_picked":["Berserk","Immolate"],"picked":"Feed","floor":16},{"not_picked":["Dropkick+1","Anger+1"],"picked":"Uppercut+1","floor":18},{"not_picked":["Blood for Blood+1","True Grit"],"picked":"Pommel Strike+1","floor":19}],"player_experience":473319,"relics_obtained":[{"floor":6,"key":"The Courier"},{"floor":9,"key":"Ancient Tea Set"},{"floor":10,"key":"Omamori"},{"floor":12,"key":"Dream Catcher"},{"floor":17,"key":"Bag of Marbles"},{"floor":17,"key":"Molten Egg 2"},{"floor":17,"key":"Magic Flower"}],"event_choices":[{"damage_healed":0,"gold_gain":0,"player_choice":"Leave","damage_taken":0,"max_hp_gain":0,"max_hp_loss":0,"event_name":"The Cleric","floor":2,"gold_loss":0},{"damage_healed":0,"gold_gain":0,"player_choice":"Donut","damage_taken":0,"max_hp_gain":5,"max_hp_loss":0,"event_name":"Big Fish","floor":4,"gold_loss":0},{"damage_healed":0,"gold_gain":0,"player_choice":"Fled","damage_taken":3,"max_hp_gain":0,"max_hp_loss":0,"event_name":"Scrap Ooze","floor":5,"gold_loss":0}],"is_beta":false,"boss_relics":[{"not_picked":["Busted Crown","Snecko Eye"],"picked":"Calling Bell"}],"items_purged_floors":[3],"is_endless":false,"potions_floor_spawned":[8,18],"killed_by":"Snake Plant","ascension_level":2}