{"gold_per_floor":[114,127,146,156,156,156,200,7,7,50,50,90,105,124,124,245,245,245,200,200,200,200,200,200,200,200,200,200,200,200,200,200,200,200,200,125,125,125,0,0,0,0,0,0,0,0,0,0,0,0],"floor_reached":51,"playtime":2733,"items_purged":["Entrench+1"],"score":1116,"play_id":"5a6c4320-15da-4d85-8914-8e5b1cb65513","local_time":"20190326225931","is_ascension_mode":true,"campfire_choices":[{"data":"Demon Form","floor":6,"key":"SMITH"},{"data":"Anger","floor":11,"key":"SMITH"},{"data":"Flame Barrier","floor":15,"key":"SMITH"},{"data":"Limit Break","floor":24,"key":"SMITH"},{"data":"Sword Boomerang","floor":28,"key":"SMITH"},{"data":"Uppercut","floor":32,"key":"SMITH"},{"data":"Ghostly","floor":45,"key":"SMITH"},{"data":"Ghostly","floor":49,"key":"SMITH"}],"neow_cost":"NONE","seed_source_timestamp":37917218284500,"circlet_count":0,"master_deck":["Strike_R","Strike_R","Defend_R","Defend_R","Defend_R","Defend_R","Bash","Anger+1","Inflame","Demon Form+1","Shrug It Off","Uppercut+1","Flame Barrier+1","Limit Break+1","Sword Boomerang+1","Ghostly+1","Ghostly+1","Ghostly","Ghostly","Ghostly","Battle Trance+1","Uppercut+1","Perfected Strike+1","Havoc+1","Sword Boomerang+1","Whirlwind+1"],"relics":["Burning Blood","Bag of Marbles","Juzu Bracelet","Singing Bowl","Bottled Tornado","Meat on the Bone","Ectoplasm","PreservedInsect","Lantern","Nilry\u0027s Codex","Mummified Hand","Astrolabe","Red Mask","Paper Frog","Thread and Needle","Self Forming Clay","Oddly Smooth Stone","Unceasing Top"],"potions_floor_usage":[10,12,16,18,19,42,50,50],"damage_taken":[{"damage":10,"enemies":"2 Louse","floor":1,"turns":2},{"damage":7,"enemies":"Jaw Worm","floor":2,"turns":2},{"damage":0,"enemies":"Small Slimes","floor":3,"turns":3},{"damage":17,"enemies":"3 Louse","floor":4,"turns":4},{"damage":10,"enemies":"Lagavulin","floor":7,"turns":5},{"damage":12,"enemies":"3 Sentries","floor":10,"turns":8},{"damage":12,"enemies":"Gremlin Nob","floor":12,"turns":4},{"damage":14,"enemies":"Red Slaver","floor":13,"turns":3},{"damage":0,"enemies":"Large Slime","floor":14,"turns":3},{"damage":12,"enemies":"Slime Boss","floor":16,"turns":7},{"damage":42,"enemies":"3 Byrds","floor":18,"turns":6},{"damage":22,"enemies":"2 Thieves","floor":19,"turns":4},{"damage":12,"enemies":"Snecko","floor":21,"turns":5},{"damage":9,"enemies":"Slavers","floor":23,"turns":8},{"damage":3,"enemies":"Snake Plant","floor":25,"turns":4},{"damage":1,"enemies":"Gremlin Leader","floor":30,"turns":5},{"damage":0,"enemies":"Chosen and Byrds","floor":31,"turns":5},{"damage":6,"enemies":"Automaton","floor":33,"turns":7},{"damage":1,"enemies":"Orb Walker","floor":35,"turns":4},{"damage":7,"enemies":"3 Darklings","floor":37,"turns":5},{"damage":1,"enemies":"Sphere and 2 Shapes","floor":38,"turns":5},{"damage":0,"enemies":"Nemesis","floor":40,"turns":5},{"damage":17,"enemies":"Reptomancer","floor":42,"turns":4},{"damage":0,"enemies":"Nemesis","floor":44,"turns":5},{"damage":3,"enemies":"4 Shapes","floor":47,"turns":6},{"damage":1,"enemies":"Mind Bloom Boss Battle","floor":48,"turns":5},{"damage":44,"enemies":"Awakened One","floor":50,"turns":9}],"seed_played":"-8932855118835870785","potions_obtained":[{"floor":0,"key":"Ancient Potion"},{"floor":0,"key":"Dexterity Potion"},{"floor":0,"key":"GamblersBrew"},{"floor":3,"key":"Energy Potion"},{"floor":10,"key":"SteroidPotion"},{"floor":14,"key":"Regen Potion"},{"floor":18,"key":"SteroidPotion"},{"floor":21,"key":"AttackPotion"},{"floor":25,"key":"Energy Potion"},{"floor":47,"key":"BloodPotion"},{"floor":48,"key":"Poison Potion"}],"is_trial":false,"path_per_floor":["?","?","?","?","?","$","?"],"character_chosen":"IRONCLAD","items_purchased":["Weak Potion","Juzu Bracelet"],"campfire_rested":0,"item_purchase_floors":[8,8],"current_hp_per_floor":[68,67,73,62,62,62,58,58,58,54,54,50,54,60,60,54,72,50,48,48,56,41,38,38,43,43,27,27,27,34,42,42,44,48,49,49,50,53,53,53,53,44,44,52,52,52,55,59,59,33],"gold":0,"neow_bonus":"THREE_SMALL_POTIONS","is_prod":false,"is_daily":false,"chose_seed":false,"campfire_upgraded":8,"win_rate":0,"timestamp":1553655571,"path_taken":["M","M","M","M","?","R","E","$","T","E","R","E","M","M","R","BOSS","M","M","$","M","?","E","R","M","T","?","R","$","E","M","R","BOSS","M","$","M","M","?","E","?","E","T","E","R","?","M","?","R","BOSS"],"build_version":"2019-01-23","purchased_purges":1,"victory":true,"max_hp_per_floor":[80,80,80,80,74,74,74,74,74,76,76,78,78,78,78,78,78,78,80,80,82,41,41,41,43,43,43,43,43,45,47,47,49,49,49,49,51,53,53,53,53,55,55,57,57,57,57,59,59,59],"card_choices":[{"not_picked":["Iron Wave","Twin Strike"],"picked":"Anger","floor":1},{"not_picked":["Cleave","Twin Strike"],"picked":"Inflame","floor":2},{"not_picked":["Wild Strike","Flame Barrier"],"picked":"Demon Form","floor":3},{"not_picked":["Perfected Strike","Heavy Blade","Clash"],"picked":"SKIP","floor":4},{"not_picked":["Cleave","Havoc"],"picked":"Shrug It Off","floor":7},{"not_picked":["Heavy Blade","Rampage","Havoc"],"picked":"Singing Bowl","floor":10},{"not_picked":["Heavy Blade","Cleave","Iron Wave"],"picked":"Singing Bowl","floor":12},{"not_picked":["Dual Wield","Flex"],"picked":"Uppercut","floor":13},{"not_picked":["Rage","Juggernaut"],"picked":"Flame Barrier","floor":14},{"not_picked":["Impervious","Feed"],"picked":"Limit Break","floor":16},{"not_picked":["Entrench","Iron Wave"],"picked":"Sword Boomerang","floor":18},{"not_picked":["Flex+1","Headbutt","Cleave+1"],"picked":"Singing Bowl","floor":19},{"not_picked":["Body Slam","Intimidate","Twin Strike"],"picked":"Singing Bowl","floor":21},{"not_picked":["Clash","Infernal Blade"],"picked":"Battle Trance+1","floor":23},{"not_picked":["Body Slam","Cleave","Hemokinesis+1"],"picked":"Singing Bowl","floor":25},{"not_picked":["Infernal Blade+1","Pommel Strike+1","Wild Strike"],"picked":"Singing Bowl","floor":30},{"not_picked":["Pommel Strike+1","Havoc","Shrug It Off+1"],"picked":"Singing Bowl","floor":31},{"not_picked":["Double Tap","Immolate","Impervious"],"picked":"Singing Bowl","floor":33},{"not_picked":["Armaments+1","Cleave"],"picked":"Havoc+1","floor":35},{"not_picked":["Feel No Pain+1","Dual Wield+1","Headbutt"],"picked":"Singing Bowl","floor":37},{"not_picked":["Ghostly Armor","Clash","Thunderclap"],"picked":"Singing Bowl","floor":38},{"not_picked":["True Grit","Havoc+1"],"picked":"Sword Boomerang+1","floor":40},{"not_picked":["Feel No Pain","Berserk","Heavy Blade"],"picked":"Singing Bowl","floor":42},{"not_picked":["Havoc","Pommel Strike","True Grit"],"picked":"Singing Bowl","floor":44},{"not_picked":["True Grit","Thunderclap+1"],"picked":"Whirlwind+1","floor":47},{"not_picked":["Iron Wave","Combust+1","Searing Blow+1"],"picked":"Singing Bowl","floor":48}],"player_experience":310363,"relics_obtained":[{"floor":7,"key":"Bag of Marbles"},{"floor":9,"key":"Singing Bowl"},{"floor":10,"key":"Bottled Tornado"},{"floor":12,"key":"Meat on the Bone"},{"floor":23,"key":"PreservedInsect"},{"floor":26,"key":"Lantern"},{"floor":27,"key":"Nilry\u0027s Codex"},{"floor":30,"key":"Mummified Hand"},{"floor":40,"key":"Paper Frog"},{"floor":42,"key":"Thread and Needle"},{"floor":43,"key":"Self Forming Clay"},{"floor":44,"key":"Oddly Smooth Stone"},{"floor":48,"key":"Unceasing Top"}],"event_choices":[{"damage_healed":0,"gold_gain":0,"player_choice":"Lose Max HP","damage_taken":0,"relics_obtained":["Golden Idol"],"max_hp_gain":0,"max_hp_loss":6,"event_name":"Golden Idol","floor":5,"gold_loss":0},{"damage_healed":0,"gold_gain":0,"player_choice":"Became a Ghost","damage_taken":0,"max_hp_gain":0,"max_hp_loss":41,"event_name":"Ghosts","floor":22,"gold_loss":0,"cards_obtained":["Ghostly","Ghostly","Ghostly","Ghostly","Ghostly"]},{"damage_healed":0,"gold_gain":0,"player_choice":"Obtained Book","damage_taken":16,"max_hp_gain":0,"max_hp_loss":0,"event_name":"Cursed Tome","floor":27,"gold_loss":0},{"damage_healed":0,"gold_gain":0,"player_choice":"Paid","damage_taken":0,"relics_obtained":["Red Mask"],"max_hp_gain":0,"max_hp_loss":0,"event_name":"Tomb of Lord Red Mask","floor":39,"gold_loss":125},{"damage_healed":0,"gold_gain":333,"player_choice":"Gave Idol","damage_taken":0,"max_hp_gain":0,"max_hp_loss":0,"event_name":"The Moai Head","floor":41,"relics_lost":["Golden Idol"],"gold_loss":0},{"damage_healed":0,"gold_gain":0,"player_choice":"Fight","damage_taken":0,"max_hp_gain":0,"max_hp_loss":0,"event_name":"MindBloom","floor":48,"gold_loss":0}],"is_beta":false,"boss_relics":[{"not_picked":["Empty Cage","Fusion Hammer"],"picked":"Ectoplasm"},{"not_picked":["White Beast Statue","Pandora\u0027s Box"],"picked":"Astrolabe"}],"items_purged_floors":[36],"is_endless":false,"potions_floor_spawned":[1,3,10,14,18,21,25,33,38,40,47,48],"ascension_level":6}