{"gold_per_floor":[118,132,55,75,86,86,115,115,115,115,115,115,125,141,141,245,245,258,258,168,182,196,196,527,527,527,545,557,575,594,606,606,711,711,722,567,583,359,459,493,493,504,504,554,570,570,59,59,59,59],"floor_reached":50,"playtime":2776,"items_purged":["Strike_R","Strike_R"],"score":620,"play_id":"1f058d72-a9ad-4c35-9eb8-b2bc6f2c6af3","local_time":"20190323223741","is_ascension_mode":true,"campfire_choices":[{"data":"Reckless Charge","floor":6,"key":"SMITH"},{"floor":8,"key":"REST"},{"data":"Dark Embrace","floor":15,"key":"SMITH"},{"floor":23,"key":"REST"},{"floor":25,"key":"REST"},{"data":"Heavy Blade","floor":32,"key":"SMITH"},{"floor":46,"key":"REST"},{"floor":49,"key":"REST"}],"neow_cost":"PERCENT_DAMAGE","seed_source_timestamp":2188667258600,"circlet_count":0,"master_deck":["Strike_R","Strike_R","Defend_R","Defend_R","Defend_R","Defend_R","Bash","Evolve","Iron Wave+1","Reckless Charge+1","Headbutt","Spot Weakness","Sword Boomerang","Demon Form+1","Blood for Blood","Heavy Blade+1","True Grit+1","Clothesline","Heavy Blade+1","Whirlwind","Demon Form","Clothesline+1","Flame Barrier","Carnage","Bludgeon","Heavy Blade","Mayhem","Flame Barrier","Carnage","Carnage"],"relics":["Burning Blood","Turnip","Red Skull","Pantograph","Snecko Eye","Old Coin","Vajra","Sozu","PreservedInsect","Shovel","The Courier","Girya","Blood Vial","Lantern"],"potions_floor_usage":[7,16,22,33,33,35,50],"damage_taken":[{"damage":9,"enemies":"Jaw Worm","floor":1,"turns":6},{"damage":1,"enemies":"2 Louse","floor":2,"turns":3},{"damage":6,"enemies":"Cultist","floor":4,"turns":3},{"damage":14,"enemies":"Blue Slaver","floor":5,"turns":4},{"damage":52,"enemies":"Lagavulin","floor":7,"turns":7},{"damage":16,"enemies":"Lots of Slimes","floor":13,"turns":3},{"damage":2,"enemies":"Red Slaver","floor":14,"turns":2},{"damage":47,"enemies":"The Guardian","floor":16,"turns":10},{"damage":20,"enemies":"2 Thieves","floor":18,"turns":3},{"damage":23,"enemies":"Shell Parasite","floor":21,"turns":4},{"damage":39,"enemies":"Sentry and Sphere","floor":22,"turns":6},{"damage":25,"enemies":"Slavers","floor":24,"turns":5},{"damage":18,"enemies":"Shelled Parasite and Fungi","floor":27,"turns":2},{"damage":0,"enemies":"Centurion and Healer","floor":28,"turns":3},{"damage":0,"enemies":"Cultist and Chosen","floor":29,"turns":3},{"damage":14,"enemies":"Shelled Parasite and Fungi","floor":30,"turns":3},{"damage":11,"enemies":"Snake Plant","floor":31,"turns":3},{"damage":46,"enemies":"Collector","floor":33,"turns":5},{"damage":22,"enemies":"3 Darklings","floor":35,"turns":4},{"damage":0,"enemies":"Orb Walker","floor":37,"turns":2},{"damage":33,"enemies":"Mind Bloom Boss Battle","floor":39,"turns":5},{"damage":27,"enemies":"Reptomancer","floor":40,"turns":3},{"damage":12,"enemies":"Writhing Mass","floor":42,"turns":3},{"damage":13,"enemies":"4 Shapes","floor":45,"turns":4},{"damage":82,"enemies":"Awakened One","floor":50,"turns":7}],"seed_played":"-5109705834004073988","potions_obtained":[{"floor":1,"key":"BloodPotion"},{"floor":13,"key":"Explosive Potion"},{"floor":14,"key":"Energy Potion"},{"floor":18,"key":"EssenceOfSteel"},{"floor":28,"key":"Regen Potion"},{"floor":29,"key":"Strength Potion"},{"floor":33,"key":"SteroidPotion"}],"is_trial":false,"path_per_floor":["?","?","M","?","M","?","?","M","T","?"],"character_chosen":"IRONCLAD","items_purchased":["Reckless Charge","PreservedInsect","Flame Barrier","Carnage","Mayhem","Flame Barrier","Carnage","Lantern","Carnage"],"campfire_rested":5,"item_purchase_floors":[3,36,38,38,47,47,47,47,47],"current_hp_per_floor":[53,58,58,58,50,50,12,36,36,36,36,36,26,30,30,14,80,66,66,66,49,16,40,21,45,45,33,39,45,37,32,32,29,80,64,64,70,70,53,32,32,26,26,26,21,45,45,45,69,0],"gold":59,"neow_bonus":"ONE_RARE_RELIC","is_prod":false,"is_daily":false,"chose_seed":false,"campfire_upgraded":3,"win_rate":0,"timestamp":1553395061,"path_taken":["M","M","$","M","M","R","E","R","T","$","?","?","M","?","R","BOSS","M","$","?","M","M","R","E","R","T","M","M","M","?","M","R","BOSS","M","$","M","$","?","E","?","?","T","?","M","R","$","?","R","BOSS"],"build_version":"2019-01-23","purchased_purges":2,"victory":false,"max_hp_per_floor":[80,80,80,80,80,80,80,80,80,80,80,80,80,80,80,80,80,80,80,80,80,80,80,80,80,80,80,80,80,80,80,80,80,80,80,80,80,80,80,80,80,80,80,80,80,80,80,80,80,80],"card_choices":[{"not_picked":["Seeing Red","Pommel Strike"],"picked":"Evolve","floor":1},{"not_picked":["Warcry","Combust"],"picked":"Iron Wave","floor":2},{"not_picked":["Rage","Rupture"],"picked":"Headbutt","floor":4},{"not_picked":["Anger","Pommel Strike"],"picked":"Spot Weakness","floor":5},{"not_picked":["Warcry","True Grit"],"picked":"Dark Embrace","floor":7},{"not_picked":["Pommel Strike","Clash","Rupture"],"picked":"SKIP","floor":13},{"not_picked":["Headbutt","Havoc"],"picked":"Sword Boomerang","floor":14},{"not_picked":["Dark Embrace","Fiend Fire"],"picked":"Demon Form","floor":16},{"not_picked":["True Grit","Cleave+1"],"picked":"Blood for Blood","floor":18},{"not_picked":["Searing Blow","Dropkick","Warcry"],"picked":"SKIP","floor":21},{"not_picked":["Havoc","Pummel"],"picked":"Heavy Blade+1","floor":22},{"not_picked":["Dropkick","Combust","Sentinel"],"picked":"SKIP","floor":24},{"not_picked":["Warcry","Infernal Blade+1"],"picked":"True Grit+1","floor":27},{"not_picked":["Body Slam","Warcry"],"picked":"Clothesline","floor":28},{"not_picked":["Berserk","Twin Strike"],"picked":"Heavy Blade","floor":29},{"not_picked":["Wild Strike","Perfected Strike"],"picked":"Whirlwind","floor":30},{"not_picked":["Sword Boomerang","Second Wind","Havoc"],"picked":"SKIP","floor":31},{"not_picked":["Immolate","Double Tap"],"picked":"Demon Form","floor":33},{"not_picked":["Body Slam+1","Seeing Red"],"picked":"Clothesline+1","floor":35},{"not_picked":["Cleave","Sword Boomerang+1","Thunderclap+1"],"picked":"SKIP","floor":37},{"not_picked":["Flex+1","Pommel Strike"],"picked":"Bludgeon","floor":40},{"not_picked":["Ghostly Armor+1","Infernal Blade+1","Anger"],"picked":"SKIP","floor":42},{"not_picked":["Wild Strike","Combust+1"],"picked":"Heavy Blade","floor":45}],"player_experience":239003,"relics_obtained":[{"floor":7,"key":"Red Skull"},{"floor":9,"key":"Pantograph"},{"floor":24,"key":"Old Coin"},{"floor":26,"key":"Vajra"},{"floor":39,"key":"Shovel"},{"floor":40,"key":"The Courier"},{"floor":43,"key":"Girya"},{"floor":44,"key":"Blood Vial"}],"event_choices":[{"damage_healed":0,"gold_gain":0,"player_choice":"Ignored","damage_taken":0,"max_hp_gain":0,"max_hp_loss":0,"event_name":"Shining Light","floor":11,"gold_loss":0},{"damage_healed":0,"gold_gain":0,"player_choice":"Forge","damage_taken":0,"max_hp_gain":0,"max_hp_loss":0,"event_name":"Accursed Blacksmith","floor":12,"gold_loss":0,"cards_upgraded":["Iron Wave"]},{"cards_removed":["Strike_R"],"damage_healed":0,"gold_gain":0,"player_choice":"Upgrade and Remove","damage_taken":0,"max_hp_gain":0,"max_hp_loss":0,"event_name":"Designer","floor":20,"gold_loss":90,"cards_upgraded":["Demon Form"]},{"damage_healed":0,"gold_gain":0,"player_choice":"Fight","damage_taken":0,"max_hp_gain":0,"max_hp_loss":0,"event_name":"MindBloom","floor":39,"gold_loss":0},{"damage_healed":0,"gold_gain":0,"player_choice":"Memory 1","damage_taken":0,"max_hp_gain":0,"max_hp_loss":0,"event_name":"SensoryStone","floor":41,"gold_loss":0},{"cards_removed":["Dark Embrace"],"damage_healed":0,"gold_gain":0,"player_choice":"Removed Power","damage_taken":0,"max_hp_gain":0,"max_hp_loss":0,"event_name":"Falling","floor":48,"gold_loss":0}],"is_beta":false,"boss_relics":[{"not_picked":["Fusion Hammer","Velvet Choker"],"picked":"Snecko Eye"},{"not_picked":["Tiny House","Astrolabe"],"picked":"Sozu"}],"items_purged_floors":[38,47],"is_endless":false,"potions_floor_spawned":[1,13,14,18,28,29,30,33,37,39,42,45],"killed_by":"Awakened One","ascension_level":4}