{"gold_per_floor":[115,40,40,59,75,75,109,125,201,201,20,33,33,50,50,146,146,159,57,57,83,83,83,93,113,113,113,143,162,162],"floor_reached":30,"playtime":750,"items_purged":["Defend_R","Regret"],"score":275,"play_id":"3fc92dbc-9715-4168-97e0-d53649aa3990","local_time":"20180728161625","is_ascension_mode":false,"campfire_choices":[{"floor":6,"key":"REST"},{"data":"Carnage","floor":10,"key":"SMITH"},{"data":"Flex","floor":13,"key":"SMITH"},{"data":"Armaments","floor":15,"key":"SMITH"},{"data":"Bludgeon","floor":23,"key":"SMITH"}],"neow_cost":"NONE","seed_source_timestamp":1498070906415511,"circlet_count":0,"master_deck":["Defend_R","Bash","Armaments+1","Flex+1","Carnage+1","Sword Boomerang","Spot Weakness","Inflame","Bludgeon+1","Bite","Bite","Bite","Bite","Bite"],"relics":["Burning Blood","Orichalcum","Unceasing Top","Centennial Puzzle","Bottled Flame","Empty Cage","Ancient Tea Set","Blood Vial","Gremlin Horn","Dream Catcher"],"potions_floor_usage":[8,16,16,16,24,28,28,30],"damage_taken":[{"damage":0,"enemies":"Cultist","floor":1,"turns":3},{"damage":2,"enemies":"Small Slimes","floor":4,"turns":3},{"damage":4,"enemies":"2 Louse","floor":5,"turns":3},{"damage":49,"enemies":"Gremlin Nob","floor":7,"turns":5},{"damage":3,"enemies":"Exordium Wildlife","floor":8,"turns":3},{"damage":7,"enemies":"Red Slaver","floor":12,"turns":2},{"damage":0,"enemies":"Exordium Thugs","floor":14,"turns":3},{"damage":41,"enemies":"The Guardian","floor":16,"turns":9},{"damage":31,"enemies":"3 Byrds","floor":18,"turns":5},{"damage":6,"enemies":"Shell Parasite","floor":24,"turns":3},{"damage":15,"enemies":"Snake Plant","floor":25,"turns":3},{"damage":19,"enemies":"Gremlin Leader","floor":28,"turns":4},{"damage":23,"enemies":"Centurion and Healer","floor":29,"turns":4},{"damage":46,"enemies":"Book of Stabbing","floor":30,"turns":4}],"seed_played":"-8173511296764997254","potions_obtained":[{"floor":5,"key":"Dexterity Potion"},{"floor":7,"key":"Block Potion"},{"floor":8,"key":"GamblersBrew"},{"floor":14,"key":"LiquidBronze"},{"floor":18,"key":"SkillPotion"},{"floor":28,"key":"GamblersBrew"}],"is_trial":false,"path_per_floor":["M","$","?","M","M","R","E","M","T","R","$","M","R","M","R","B",null,"M","$","?","T","?","R","M","M","T","?","E","M"],"character_chosen":"IRONCLAD","items_purchased":["Spot Weakness","Explosive Potion","Block Potion"],"campfire_rested":1,"item_purchase_floors":[11,19,19],"current_hp_per_floor":[80,80,80,80,80,80,37,40,40,40,40,39,39,45,45,10,80,55,55,55,55,55,55,56,49,49,49,38,25,0],"gold":162,"neow_bonus":"RANDOM_COMMON_RELIC","is_prod":false,"is_daily":false,"chose_seed":false,"campfire_upgraded":4,"win_rate":0,"timestamp":1532808985,"path_taken":["M","?","?","M","M","R","E","M","T","R","$","M","R","?","R","BOSS","M","$","?","?","?","R","M","M","T","?","E","M","E"],"build_version":"2018-07-26","purchased_purges":2,"victory":false,"max_hp_per_floor":[80,80,80,80,80,80,80,80,80,80,80,80,80,80,80,80,80,80,80,56,56,56,56,56,56,56,56,56,56,56],"card_choices":[{"not_picked":["Cleave","Pommel Strike"],"picked":"Armaments","floor":1},{"not_picked":["Sword Boomerang","Heavy Blade"],"picked":"Flex","floor":4},{"not_picked":["Wild Strike","Havoc","Flame Barrier"],"picked":"SKIP","floor":5},{"not_picked":["Cleave","Headbutt"],"picked":"Carnage","floor":7},{"not_picked":["Perfected Strike","Entrench"],"picked":"Sword Boomerang","floor":8},{"not_picked":["Feel No Pain","Corruption"],"picked":"Inflame","floor":12},{"not_picked":["Carnage","Wild Strike","Pommel Strike"],"picked":"SKIP","floor":14},{"not_picked":["Dark Embrace","Impervious"],"picked":"Bludgeon","floor":16},{"not_picked":["Spot Weakness","Hemokinesis","Sword Boomerang"],"picked":"SKIP","floor":18},{"not_picked":["True Grit","Clothesline","Wild Strike+1"],"picked":"SKIP","floor":24},{"not_picked":["True Grit","Clothesline+1","Shrug It Off"],"picked":"SKIP","floor":25},{"not_picked":["Perfected Strike","Thunderclap","Headbutt"],"picked":"SKIP","floor":28},{"not_picked":["Warcry","Havoc","Exhume"],"picked":"SKIP","floor":29}],"player_experience":281357,"relics_obtained":[{"floor":7,"key":"Centennial Puzzle"},{"floor":9,"key":"Bottled Flame"},{"floor":21,"key":"Ancient Tea Set"},{"floor":26,"key":"Gremlin Horn"},{"floor":28,"key":"Dream Catcher"}],"event_choices":[{"event_name":"Big Fish","player_choice":"Box","floor":3,"damage_taken":0},{"event_name":"Vampires","player_choice":"Became a vampire","floor":20,"damage_taken":0},{"event_name":"The Mausoleum","player_choice":"Yes","floor":22,"damage_taken":0},{"event_name":"Ghosts","player_choice":"Ignored","floor":27,"damage_taken":0}],"is_beta":false,"boss_relics":[{"not_picked":["Lizard Tail","Eternal Feather"],"picked":"Empty Cage"}],"items_purged_floors":[2,11],"is_endless":false,"potions_floor_spawned":[5,7,8,14,18,28],"killed_by":"Book of Stabbing","ascension_level":0}