{"gold_per_floor":[109,109,127,127,127,127,146,71,97,52,52,72,87,87],"floor_reached":14,"playtime":275,"items_purged":["Defend_B"],"score":80,"play_id":"da7f62f0-c200-41a5-96ef-1a763648585e","local_time":"20180801123908","is_ascension_mode":false,"campfire_choices":[{"data":"Gash","floor":11,"key":"SMITH"}],"neow_cost":"NONE","seed_source_timestamp":1831118116934147,"circlet_count":0,"master_deck":["Strike_B","Strike_B","Strike_B","Strike_B","Defend_B","Defend_B","Zap","Dualcast","Gash+1"],"relics":["Cracked Core","Omamori","Darkstone Periapt","Regal Pillow"],"potions_floor_usage":[7],"damage_taken":[{"damage":6,"enemies":"Cultist","floor":1,"turns":3},{"damage":11,"enemies":"Jaw Worm","floor":3,"turns":2},{"damage":7,"enemies":"2 Louse","floor":7,"turns":2},{"damage":32,"enemies":"Gremlin Gang","floor":12,"turns":4},{"damage":21,"enemies":"2 Fungi Beasts","floor":13,"turns":3},{"damage":16,"enemies":"3 Louse","floor":14,"turns":2}],"seed_played":"7366704428206471484","potions_obtained":[{"floor":3,"key":"Regen Potion"},{"floor":7,"key":"GamblersBrew"}],"is_trial":false,"path_per_floor":["M","?","M","?","?","T","M","$","T","$","R","M","M"],"character_chosen":"DEFECT","items_purchased":["Gash"],"campfire_rested":0,"item_purchase_floors":[10],"current_hp_per_floor":[69,62,51,75,68,68,66,66,66,66,66,34,13,0],"gold":87,"neow_bonus":"RANDOM_COMMON_RELIC","is_prod":false,"is_daily":false,"chose_seed":false,"campfire_upgraded":1,"win_rate":0,"timestamp":1533141548,"path_taken":["M","?","M","?","?","?","M","$","T","?","R","M","M","M"],"build_version":"2018-07-26","purchased_purges":1,"victory":false,"max_hp_per_floor":[75,75,75,75,75,75,75,75,75,75,75,75,75,75],"card_choices":[{"not_picked":["Sweeping Beam","Leap","Steam"],"picked":"SKIP","floor":1},{"not_picked":["Leap","Recycle","Turbo"],"picked":"SKIP","floor":3},{"not_picked":["Thunder Strike","Stack","Lockon"],"picked":"SKIP","floor":7},{"not_picked":["Barrage","Doom and Gloom","Rip and Tear"],"picked":"SKIP","floor":12},{"not_picked":["Turbo","Darkness","Loop"],"picked":"SKIP","floor":13}],"player_experience":309793,"relics_obtained":[{"floor":6,"key":"Darkstone Periapt"},{"floor":9,"key":"Regal Pillow"}],"event_choices":[{"event_name":"Golden Wing","player_choice":"Card Removal","floor":2,"damage_taken":0},{"event_name":"Big Fish","player_choice":"Banana","floor":4,"damage_taken":0},{"event_name":"Wheel of Change","player_choice":"Damage","floor":5,"damage_taken":0}],"is_beta":false,"boss_relics":[],"items_purged_floors":[8],"is_endless":false,"potions_floor_spawned":[3,7],"killed_by":"3 Louse","ascension_level":0}