{"gold_per_floor":[110,29,46,60,71,71,71,106,106,106,106,281,298,317,317,415,415,431,431,450,20,0,0,26,26,26,26,46,46,46,46,46,142,142,152,171,71,71,21,21,21,35,35,35,35,35,35],"floor_reached":48,"playtime":1479,"items_purged":["Doubt","Parasite"],"score":836,"play_id":"4cdf1fcb-b186-4df8-9477-bd78cbf5d59d","local_time":"20181012110921","is_ascension_mode":true,"campfire_choices":[{"data":"Carnage","floor":6,"key":"SMITH"},{"floor":10,"key":"REST"},{"data":"Twin Strike","floor":15,"key":"SMITH"},{"data":"Inflame","floor":23,"key":"SMITH"},{"floor":25,"key":"REST"},{"data":"Offering","floor":27,"key":"SMITH"},{"data":"Flex","floor":32,"key":"SMITH"},{"floor":41,"key":"DIG"},{"floor":44,"key":"DIG"}],"neow_cost":"TEN_PERCENT_HP_LOSS","seed_source_timestamp":106830811530110,"circlet_count":0,"master_deck":["Strike_R+1","Strike_R+1","Strike_R+1","Strike_R+1","Defend_R+1","Defend_R+1","Bash","Thunderclap","Inflame+1","Carnage+1","Twin Strike+1","Flex+1","Offering+1","Shrug It Off","Necronomicurse","Battle Trance"],"relics":["Burning Blood","Incense Burner","Meat on the Bone","Busted Crown","Necronomicon","Bottled Lightning","Gremlin Horn","Gambling Chip","Runic Pyramid","Shovel","Potion Belt","Frozen Egg 2","Juzu Bracelet"],"potions_floor_usage":[3,4,8,18,24,33,33,40,47,47,47],"damage_taken":[{"damage":12,"enemies":"Jaw Worm","floor":1,"turns":2},{"damage":0,"enemies":"Small Slimes","floor":3,"turns":2},{"damage":7,"enemies":"2 Louse","floor":4,"turns":2},{"damage":12,"enemies":"2 Fungi Beasts","floor":5,"turns":3},{"damage":36,"enemies":"Lagavulin","floor":8,"turns":4},{"damage":17,"enemies":"Looter","floor":13,"turns":3},{"damage":0,"enemies":"Large Slime","floor":14,"turns":2},{"damage":28,"enemies":"Slime Boss","floor":16,"turns":10},{"damage":6,"enemies":"Shell Parasite","floor":18,"turns":1},{"damage":13,"enemies":"Chosen","floor":20,"turns":2},{"damage":24,"enemies":"Gremlin Leader","floor":24,"turns":2},{"damage":6,"enemies":"Sentry and Sphere","floor":28,"turns":1},{"damage":32,"enemies":"Collector","floor":33,"turns":6},{"damage":6,"enemies":"3 Shapes","floor":35,"turns":1},{"damage":22,"enemies":"Orb Walker","floor":36,"turns":2},{"damage":19,"enemies":"Mind Bloom Boss Battle","floor":38,"turns":3},{"damage":0,"enemies":"Nemesis","floor":40,"turns":1},{"damage":7,"enemies":"Maw","floor":42,"turns":4},{"damage":40,"enemies":"Time Eater","floor":47,"turns":6}],"seed_played":"-6828655383502531090","potions_obtained":[{"floor":1,"key":"Explosive Potion"},{"floor":3,"key":"SteroidPotion"},{"floor":5,"key":"SkillPotion"},{"floor":16,"key":"SteroidPotion"},{"floor":20,"key":"Block Potion"},{"floor":28,"key":"FearPotion"},{"floor":38,"key":"SmokeBomb"},{"floor":42,"key":"BloodPotion"}],"is_trial":false,"path_per_floor":["M","$","M","M","M","R","?","E","T","R","?","?","M","M","R","B",null,"M","?","M","$","?","R","E","R","T","R","M","?","$","$","R","B",null,"M","M","$","?","$","E","R","M","T","R","$","?","B"],"character_chosen":"IRONCLAD","items_purchased":["Inflame","Bottled Lightning","Energy Potion","Strength Potion","AttackPotion"],"campfire_rested":2,"item_purchase_floors":[2,21,21,21,39],"current_hp_per_floor":[66,66,72,71,65,65,58,28,28,49,67,67,56,62,62,52,72,72,56,49,49,49,49,43,64,64,64,64,64,64,64,64,50,72,72,56,56,43,43,49,49,48,48,48,48,48,32],"gold":35,"neow_bonus":"REMOVE_TWO","is_prod":false,"is_daily":false,"chose_seed":false,"campfire_upgraded":5,"win_rate":0,"timestamp":1539356961,"path_taken":["M","$","M","M","M","R","?","E","T","R","?","?","M","M","R","BOSS","M","?","M","$","?","R","E","R","T","R","?","?","?","$","R","BOSS","M","M","$","?","$","E","R","M","T","R","$","?","BOSS"],"build_version":"2018-10-11","purchased_purges":2,"victory":true,"max_hp_per_floor":[72,72,72,72,72,72,72,72,72,72,72,72,72,72,72,72,72,72,72,72,72,72,72,72,72,72,72,72,72,72,72,72,72,72,72,72,69,69,69,69,69,69,69,69,69,69,69],"card_choices":[{"not_picked":["Second Wind","Reckless Charge"],"picked":"Thunderclap","floor":1},{"not_picked":["Intimidate","Cleave"],"picked":"Carnage","floor":3},{"not_picked":["Armaments","Headbutt","Infernal Blade"],"picked":"SKIP","floor":4},{"not_picked":["Blood for Blood","Thunderclap","Perfected Strike"],"picked":"SKIP","floor":5},{"not_picked":["Fiend Fire","Shockwave"],"picked":"Twin Strike","floor":8},{"not_picked":["Warcry","Cleave","Armaments"],"picked":"SKIP","floor":13},{"not_picked":["Uppercut","Armaments"],"picked":"Flex","floor":14},{"not_picked":["Barricade","Immolate"],"picked":"Offering","floor":16},{"not_picked":[],"picked":"Shrug It Off","floor":18},{"not_picked":["Sword Boomerang"],"picked":"SKIP","floor":20},{"not_picked":["Warcry"],"picked":"SKIP","floor":24},{"not_picked":["Disarm"],"picked":"SKIP","floor":28},{"not_picked":[],"picked":"Battle Trance","floor":35},{"not_picked":["Uppercut+1"],"picked":"SKIP","floor":36},{"not_picked":["Sword Boomerang+1"],"picked":"SKIP","floor":42}],"player_experience":436754,"relics_obtained":[{"floor":8,"key":"Incense Burner"},{"floor":9,"key":"Meat on the Bone"},{"floor":19,"key":"Necronomicon"},{"floor":24,"key":"Gremlin Horn"},{"floor":26,"key":"Gambling Chip"},{"floor":38,"key":"Shovel"},{"floor":41,"key":"Potion Belt"},{"floor":43,"key":"Frozen Egg 2"},{"floor":44,"key":"Juzu Bracelet"}],"event_choices":[{"event_name":"Golden Wing","player_choice":"Card Removal","floor":7,"damage_taken":0},{"event_name":"Mushrooms","player_choice":"Healed and dodged fight","floor":11,"damage_taken":0},{"event_name":"Liars Game","player_choice":"agreed","floor":12,"damage_taken":0},{"event_name":"Cursed Tome","player_choice":"Obtained Book","floor":19,"damage_taken":0},{"event_name":"Masked Bandits","player_choice":"Paid Fearfully","floor":22,"damage_taken":0},{"event_name":"Back to Basics","player_choice":"Simplicity","floor":29,"damage_taken":0},{"event_name":"MindBloom","player_choice":"Fight","floor":38,"damage_taken":0},{"event_name":"SecretPortal","player_choice":"Took Portal.","floor":46,"damage_taken":0}],"is_beta":false,"boss_relics":[{"not_picked":["Black Blood","Eternal Feather"],"picked":"Busted Crown"},{"not_picked":["Snecko Eye","White Beast Statue"],"picked":"Runic Pyramid"}],"items_purged_floors":[21,37],"is_endless":false,"potions_floor_spawned":[1,3,5,16,20,28,38,42],"ascension_level":2}