{"gold_per_floor":[111,111,122,138,157,157,169,183,183,199,199,230,230,248,248,344,344,364,364,381,287,301,315,328,339,339,339,339,357,357,370,370,473,473,487,487,501,501,331,331,209,225,225,225,237,250,265,280,280,280],"floor_reached":50,"playtime":5295,"items_purged":["Pain"],"score":606,"play_id":"d6d84d02-b902-4194-a939-05d9717d1c22","local_time":"20190228031013","is_ascension_mode":false,"campfire_choices":[{"data":"Barricade","floor":6,"key":"SMITH"},{"floor":11,"key":"REST"},{"floor":15,"key":"REST"},{"data":"Entrench","floor":28,"key":"SMITH"},{"floor":32,"key":"REST"},{"floor":40,"key":"RECALL"},{"data":"Impervious","floor":44,"key":"SMITH"},{"data":"Body Slam","floor":49,"key":"SMITH"}],"neow_cost":"NONE","seed_source_timestamp":9694709053741,"circlet_count":0,"master_deck":["Strike_R","Strike_R","Strike_R","Strike_R","Strike_R","Defend_R","Defend_R","Defend_R","Defend_R","Bash","Hemokinesis","Entrench+1","Metallicize","Barricade+1","Headbutt","Flame Barrier","Flame Barrier","Juggernaut+1","Shrug It Off","Impervious+1","Shrug It Off","Iron Wave","Body Slam+1","Ghostly Armor","Dual Wield","Ghostly","Ghostly","Ghostly","Ghostly","Ghostly","Shrug It Off","Juggernaut+1","Body Slam+1","Magnetism+1","Shrug It Off","Iron Wave","Ghostly Armor","Headbutt+1","Body Slam+1","Headbutt+1"],"relics":["Burning Blood","NeowsBlessing","WarpedTongs","Paper Frog","Frozen Egg 2","Velvet Choker","Mark of Pain"],"potions_floor_usage":[8,10,12,14,18,20,24,29,29,45,50,50],"damage_taken":[{"damage":0,"enemies":"Small Slimes","floor":1,"turns":1},{"damage":0,"enemies":"Cultist","floor":3,"turns":1},{"damage":0,"enemies":"2 Louse","floor":4,"turns":1},{"damage":15,"enemies":"Red Slaver","floor":5,"turns":4},{"damage":18,"enemies":"3 Louse","floor":7,"turns":4},{"damage":12,"enemies":"2 Fungi Beasts","floor":8,"turns":7},{"damage":17,"enemies":"Exordium Wildlife","floor":10,"turns":5},{"damage":29,"enemies":"Lagavulin","floor":12,"turns":10},{"damage":5,"enemies":"3 Louse","floor":14,"turns":4},{"damage":22,"enemies":"Hexaghost","floor":16,"turns":9},{"damage":12,"enemies":"Chosen","floor":18,"turns":6},{"damage":14,"enemies":"3 Byrds","floor":20,"turns":5},{"damage":3,"enemies":"Centurion and Healer","floor":22,"turns":9},{"damage":16,"enemies":"Shelled Parasite and Fungi","floor":23,"turns":7},{"damage":10,"enemies":"Snecko","floor":24,"turns":5},{"damage":21,"enemies":"Centurion and Healer","floor":25,"turns":8},{"damage":14,"enemies":"Sentry and Sphere","floor":29,"turns":7},{"damage":7,"enemies":"Chosen and Byrds","floor":31,"turns":11},{"damage":5,"enemies":"Champ","floor":33,"turns":8},{"damage":3,"enemies":"Orb Walker","floor":35,"turns":6},{"damage":2,"enemies":"3 Shapes","floor":37,"turns":7},{"damage":0,"enemies":"3 Darklings","floor":42,"turns":6},{"damage":5,"enemies":"Writhing Mass","floor":45,"turns":5},{"damage":4,"enemies":"4 Shapes","floor":46,"turns":8},{"damage":0,"enemies":"Jaw Worm Horde","floor":47,"turns":5},{"damage":2,"enemies":"Maw","floor":48,"turns":6},{"damage":42,"enemies":"Time Eater","floor":50,"turns":11}],"seed_played":"7045259783828362537","potions_obtained":[{"floor":1,"key":"Strength Potion"},{"floor":3,"key":"LiquidBronze"},{"floor":7,"key":"Block Potion"},{"floor":8,"key":"Weak Potion"},{"floor":14,"key":"Weak Potion"},{"floor":16,"key":"Fire Potion"},{"floor":24,"key":"GamblersBrew"},{"floor":25,"key":"Energy Potion"},{"floor":31,"key":"AttackPotion"},{"floor":35,"key":"Energy Potion"},{"floor":46,"key":"Weak Potion"},{"floor":48,"key":"SmokeBomb"}],"is_trial":false,"path_per_floor":["?","M","?","M","?","?","?","M","?","?","$"],"character_chosen":"IRONCLAD","items_purchased":["Block Potion","Iron Wave","Shrug It Off","Iron Wave","Ghostly Armor","SpeedPotion"],"campfire_rested":3,"item_purchase_floors":[21,21,39,39,41,41],"current_hp_per_floor":[80,80,80,80,71,71,59,53,53,42,66,43,43,44,68,52,80,74,74,66,66,69,59,55,40,40,40,40,32,32,31,40,40,40,40,40,40,40,40,40,40,40,40,40,40,40,40,40,40,0],"gold":280,"neow_bonus":"THREE_ENEMY_KILL","is_prod":false,"is_daily":false,"chose_seed":false,"campfire_upgraded":4,"win_rate":0,"timestamp":1551334213,"path_taken":["M","?","M","?","M","R","M","M","T","M","R","E","?","?","R","BOSS","M","?","M","$","M","M","M","M","T","?","R","M","?","?","R","BOSS","M","?","M","?","?","R","$","M","T","R","M","M","M","M","R","BOSS"],"build_version":"2019-01-23","purchased_purges":1,"victory":false,"max_hp_per_floor":[80,80,80,80,80,80,80,80,80,80,80,80,80,80,80,80,80,80,80,80,80,80,80,80,80,80,80,80,80,40,40,40,40,40,40,40,40,40,40,40,40,40,40,40,40,40,40,40,40,40],"card_choices":[{"not_picked":["Twin Strike","Armaments"],"picked":"Hemokinesis","floor":1},{"not_picked":["Searing Blow","Iron Wave"],"picked":"Entrench","floor":3},{"not_picked":["Heavy Blade","Pummel"],"picked":"Metallicize","floor":4},{"not_picked":["Reckless Charge","Anger"],"picked":"Barricade","floor":5},{"not_picked":["Power Through","Perfected Strike","Clothesline"],"picked":"SKIP","floor":7},{"not_picked":["Clothesline","Bludgeon"],"picked":"Headbutt","floor":8},{"not_picked":["Pommel Strike","Sever Soul"],"picked":"Flame Barrier","floor":10},{"not_picked":["Dropkick","Hemokinesis"],"picked":"Flame Barrier","floor":12},{"not_picked":["Uppercut","Intimidate"],"picked":"Shrug It Off","floor":14},{"not_picked":["Offering","Barricade+1"],"picked":"Impervious","floor":16},{"not_picked":["Clash","Warcry","Havoc+1"],"picked":"SKIP","floor":18},{"not_picked":["Carnage","Flex+1","Anger"],"picked":"SKIP","floor":20},{"not_picked":["Carnage","Second Wind"],"picked":"Body Slam+1","floor":22},{"not_picked":["Flex","Havoc+1","Power Through"],"picked":"SKIP","floor":23},{"not_picked":["Inflame+1","Seeing Red"],"picked":"Ghostly Armor","floor":24},{"not_picked":["Shockwave","Burning Pact+1"],"picked":"Dual Wield","floor":25},{"not_picked":["Twin Strike+1","Combust+1","Spot Weakness"],"picked":"SKIP","floor":29},{"not_picked":["Cleave","Whirlwind"],"picked":"Shrug It Off","floor":31},{"not_picked":["Demon Form+1","Feed"],"picked":"Juggernaut+1","floor":33},{"not_picked":["Wild Strike+1","Heavy Blade"],"picked":"Body Slam+1","floor":35},{"not_picked":["Carnage+1","Cleave+1","Flex"],"picked":"SKIP","floor":37},{"not_picked":["Jack Of All Trades","Master of Strategy"],"picked":"Magnetism+1","floor":38},{"not_picked":["Twin Strike","Rupture+1"],"picked":"Headbutt+1","floor":42},{"not_picked":["Battle Trance+1","Spot Weakness"],"picked":"Body Slam","floor":45},{"not_picked":["Rage","Whirlwind","Burning Pact+1"],"picked":"SKIP","floor":46},{"not_picked":["Seeing Red","Reaper"],"picked":"Headbutt+1","floor":47},{"not_picked":["Combust+1","Second Wind+1","Flame Barrier"],"picked":"SKIP","floor":48}],"player_experience":230532,"relics_obtained":[{"floor":9,"key":"Paper Frog"},{"floor":12,"key":"Frozen Egg 2"}],"event_choices":[{"damage_healed":0,"gold_gain":0,"player_choice":"Rummage","damage_taken":0,"relics_obtained":["WarpedTongs"],"max_hp_gain":0,"max_hp_loss":0,"event_name":"Accursed Blacksmith","floor":2,"gold_loss":0,"cards_obtained":["Pain"]},{"damage_healed":0,"gold_gain":0,"player_choice":"1 cards matched","damage_taken":0,"max_hp_gain":0,"max_hp_loss":0,"event_name":"Match and Keep!","floor":13,"gold_loss":0,"cards_obtained":["Juggernaut"]},{"damage_healed":0,"gold_gain":0,"player_choice":"Read","damage_taken":0,"max_hp_gain":0,"max_hp_loss":0,"event_name":"The Library","floor":19,"gold_loss":0,"cards_obtained":["Shrug It Off"]},{"damage_healed":0,"gold_gain":0,"player_choice":"Ignored","damage_taken":0,"max_hp_gain":0,"max_hp_loss":0,"event_name":"Cursed Tome","floor":27,"gold_loss":0},{"damage_healed":0,"gold_gain":0,"player_choice":"Became a Ghost","damage_taken":0,"max_hp_gain":0,"max_hp_loss":40,"event_name":"Ghosts","floor":30,"gold_loss":0,"cards_obtained":["Ghostly","Ghostly","Ghostly","Ghostly","Ghostly"]},{"damage_healed":0,"gold_gain":0,"player_choice":"Ignored","damage_taken":0,"max_hp_gain":0,"max_hp_loss":0,"event_name":"Mysterious Sphere","floor":36,"gold_loss":0},{"damage_healed":0,"gold_gain":0,"player_choice":"Memory 1","damage_taken":0,"max_hp_gain":0,"max_hp_loss":0,"event_name":"SensoryStone","floor":38,"gold_loss":0}],"is_beta":false,"boss_relics":[{"not_picked":["Black Blood","Fusion Hammer"],"picked":"Velvet Choker"},{"not_picked":["Snecko Eye","Coffee Dripper"],"picked":"Mark of Pain"}],"items_purged_floors":[39],"is_endless":false,"potions_floor_spawned":[1,3,7,8,14,16,24,25,31,35,46,47,48],"killed_by":"Time Eater","ascension_level":0}