{"gold_per_floor":[114,127,79,95,45,70,70,95,95,95,107,107,121,136,136,237,237,250,250,47,47,67,99,39,70,70,104,104,24,43,54,54,54],"floor_reached":33,"playtime":1343,"items_purged":["Shame","Strike_R+1"],"score":362,"play_id":"3c1f1b83-e032-4e16-ac07-2f1243b0090b","local_time":"20190327133148","is_ascension_mode":true,"campfire_choices":[{"data":"Whirlwind","floor":7,"key":"SMITH"},{"data":"Inflame","floor":10,"key":"SMITH"},{"data":"Shrug It Off","floor":12,"key":"SMITH"},{"data":"Bash","floor":15,"key":"SMITH"},{"data":"Rampage","floor":28,"key":"SMITH"},{"data":"Offering","floor":32,"key":"SMITH"}],"neow_cost":"NONE","seed_source_timestamp":8087386556330553,"circlet_count":0,"master_deck":["Strike_R+1","Strike_R+1","Strike_R+1","Defend_R+1","Defend_R+1","Defend_R+1","Defend_R+1","Bash+1","Inflame+1","Whirlwind+1","Disarm","Shrug It Off+1","Rampage+1","Brutality","Second Wind","Battle Trance","Flex","Offering+1"],"relics":["Burning Blood","Orichalcum","Shuriken","Happy Flower","Runic Dome","Chemical X","Singing Bowl","The Courier","Blood Vial","Bottled Tornado","Oddly Smooth Stone"],"potions_floor_usage":[6,11,16,23,25,27,33],"damage_taken":[{"damage":10,"enemies":"2 Louse","floor":1,"turns":2},{"damage":2,"enemies":"Jaw Worm","floor":2,"turns":3},{"damage":8,"enemies":"Small Slimes","floor":4,"turns":4},{"damage":29,"enemies":"Gremlin Nob","floor":6,"turns":5},{"damage":24,"enemies":"Lagavulin","floor":8,"turns":7},{"damage":0,"enemies":"Gremlin Gang","floor":11,"turns":1},{"damage":3,"enemies":"Red Slaver","floor":13,"turns":4},{"damage":0,"enemies":"3 Louse","floor":14,"turns":1},{"damage":36,"enemies":"Hexaghost","floor":16,"turns":9},{"damage":22,"enemies":"Spheric Guardian","floor":18,"turns":4},{"damage":7,"enemies":"Chosen","floor":22,"turns":2},{"damage":15,"enemies":"Slavers","floor":23,"turns":3},{"damage":21,"enemies":"Gremlin Leader","floor":25,"turns":5},{"damage":15,"enemies":"Book of Stabbing","floor":27,"turns":3},{"damage":14,"enemies":"Snake Plant","floor":30,"turns":3},{"damage":8,"enemies":"Centurion and Healer","floor":31,"turns":2},{"damage":61,"enemies":"Champ","floor":33,"turns":6}],"seed_played":"4627485114856749131","potions_obtained":[{"floor":2,"key":"Block Potion"},{"floor":11,"key":"GamblersBrew"},{"floor":13,"key":"Energy Potion"},{"floor":14,"key":"SkillPotion"},{"floor":16,"key":"EssenceOfSteel"},{"floor":22,"key":"Explosive Potion"},{"floor":25,"key":"Swift Potion"},{"floor":31,"key":"SteroidPotion"}],"is_trial":false,"path_per_floor":["M","M","$","M","?","E","R","E","T","R","M","R","M","M","R","B",null,"M","?","$","?","M","E","$","E","T","E","R","$","M","M","R","B"],"character_chosen":"IRONCLAD","items_purchased":["SteroidPotion","Chemical X"],"campfire_rested":0,"item_purchase_floors":[3,20],"current_hp_per_floor":[84,88,88,86,86,63,63,45,45,45,51,51,54,60,60,30,88,72,72,72,72,71,62,62,49,49,44,44,44,38,40,40,0],"gold":54,"neow_bonus":"TEN_PERCENT_HP_BONUS","is_prod":false,"is_daily":false,"chose_seed":false,"campfire_upgraded":6,"win_rate":0,"timestamp":1553707908,"path_taken":["M","M","$","M","?","E","R","E","T","R","M","R","M","M","R","BOSS","M","?","$","?","M","E","$","E","T","E","R","$","M","M","R","BOSS"],"build_version":"2019-01-23","purchased_purges":2,"victory":false,"max_hp_per_floor":[88,88,88,88,88,88,88,88,88,88,88,88,88,88,88,88,88,88,88,88,88,88,88,88,90,90,92,92,92,92,94,94,94],"card_choices":[{"not_picked":["Warcry","Body Slam"],"picked":"Inflame","floor":1},{"not_picked":["Body Slam","Headbutt"],"picked":"Whirlwind","floor":2},{"not_picked":["Heavy Blade","Hemokinesis"],"picked":"Disarm","floor":4},{"not_picked":["Ghostly Armor","Cleave","Pummel"],"picked":"SKIP","floor":6},{"not_picked":["Warcry","Combust"],"picked":"Shrug It Off","floor":8},{"not_picked":["Juggernaut","Armaments"],"picked":"Rampage","floor":11},{"not_picked":["Perfected Strike","Clothesline","Whirlwind"],"picked":"SKIP","floor":13},{"not_picked":["Sword Boomerang","Shockwave","Dual Wield"],"picked":"SKIP","floor":14},{"not_picked":["Immolate","Dark Embrace"],"picked":"Brutality","floor":16},{"not_picked":["Iron Wave+1","Shrug It Off"],"picked":"Second Wind","floor":18},{"not_picked":["Thunderclap+1","Shrug It Off"],"picked":"Battle Trance","floor":22},{"not_picked":["Ghostly Armor","Wild Strike"],"picked":"Flex","floor":23},{"not_picked":["Infernal Blade","Blood for Blood","Metallicize"],"picked":"Singing Bowl","floor":25},{"not_picked":["Rupture","Carnage","Wild Strike+1"],"picked":"Singing Bowl","floor":27},{"not_picked":["Fire Breathing+1","Burning Pact"],"picked":"Offering","floor":30},{"not_picked":["Wild Strike+1","Perfected Strike","Twin Strike"],"picked":"Singing Bowl","floor":31}],"player_experience":541704,"relics_obtained":[{"floor":6,"key":"Orichalcum"},{"floor":8,"key":"Shuriken"},{"floor":9,"key":"Happy Flower"},{"floor":23,"key":"The Courier"},{"floor":25,"key":"Blood Vial"},{"floor":26,"key":"Bottled Tornado"},{"floor":27,"key":"Oddly Smooth Stone"}],"event_choices":[{"cards_removed":["Strike_R"],"damage_healed":0,"gold_gain":0,"player_choice":"Card Removal","damage_taken":0,"max_hp_gain":0,"max_hp_loss":0,"event_name":"The Cleric","floor":5,"gold_loss":50},{"damage_healed":0,"gold_gain":0,"player_choice":"Simplicity","damage_taken":0,"max_hp_gain":0,"max_hp_loss":0,"event_name":"Back to Basics","floor":19,"gold_loss":0,"cards_upgraded":["Strike_R","Strike_R","Strike_R","Strike_R","Defend_R","Defend_R","Defend_R","Defend_R"]},{"damage_healed":0,"gold_gain":0,"player_choice":"Stole Relic","damage_taken":0,"relics_obtained":["Singing Bowl"],"max_hp_gain":0,"max_hp_loss":0,"event_name":"Addict","floor":21,"gold_loss":0,"cards_obtained":["Shame"]}],"is_beta":false,"boss_relics":[{"not_picked":["Black Star","Orrery"],"picked":"Runic Dome"}],"items_purged_floors":[24,29],"is_endless":false,"potions_floor_spawned":[2,11,13,14,16,22,25,31],"killed_by":"Champ","ascension_level":3}