{"gold_per_floor":[111,111,129,129,147,174,174,209,209,220,220,230,243,243,243,368,368,368,368,368,368,368,368,368,368,368,368],"floor_reached":27,"playtime":3895,"items_purged":[],"score":294,"play_id":"93a6b6b0-a6f6-4616-964b-3a29f2b13647","local_time":"20190330180314","is_ascension_mode":true,"campfire_choices":[{"data":"Neutralize","floor":7,"key":"SMITH"},{"data":"Noxious Fumes","floor":15,"key":"SMITH"},{"floor":23,"key":"REST"},{"floor":25,"key":"REST"}],"neow_cost":"NONE","seed_source_timestamp":8360333913038247,"circlet_count":0,"master_deck":["Defend_G","Defend_G+1","Defend_G","Defend_G","Defend_G","Strike_G","Strike_G","Strike_G","Strike_G","Strike_G+1","Survivor+1","Neutralize+1","Sucker Punch","Dodge and Roll+1","Flying Knee","Tools of the Trade","Dagger Spray+1","Cloak And Dagger","Noxious Fumes+1","Injury","Unload","Slice","Finisher","Dagger Spray","PiercingWail+1","Dash"],"relics":["Ring of the Snake","Vajra","Darkstone Periapt","Ancient Tea Set","Golden Idol","Ectoplasm","Nunchaku","War Paint"],"potions_floor_usage":[6,6,6,8,13,16,24,24],"damage_taken":[{"damage":10,"enemies":"Small Slimes","floor":1,"turns":4},{"damage":1,"enemies":"Jaw Worm","floor":3,"turns":5},{"damage":0,"enemies":"Cultist","floor":5,"turns":4},{"damage":26,"enemies":"Lagavulin","floor":6,"turns":9},{"damage":18,"enemies":"Gremlin Nob","floor":8,"turns":4},{"damage":0,"enemies":"2 Fungi Beasts","floor":10,"turns":3},{"damage":4,"enemies":"Large Slime","floor":12,"turns":6},{"damage":3,"enemies":"Gremlin Gang","floor":13,"turns":3},{"damage":15,"enemies":"The Guardian","floor":16,"turns":12},{"damage":11,"enemies":"Chosen","floor":18,"turns":5},{"damage":15,"enemies":"Spheric Guardian","floor":20,"turns":4},{"damage":20,"enemies":"Centurion and Healer","floor":21,"turns":6},{"damage":12,"enemies":"Shelled Parasite and Fungi","floor":22,"turns":7},{"damage":22,"enemies":"Slavers","floor":24,"turns":4},{"damage":42,"enemies":"Gremlin Leader","floor":27,"turns":7}],"seed_played":"4303342607040213389","potions_obtained":[{"floor":0,"key":"Energy Potion"},{"floor":0,"key":"SteroidPotion"},{"floor":0,"key":"Fire Potion"},{"floor":6,"key":"Weak Potion"},{"floor":10,"key":"Block Potion"},{"floor":13,"key":"SteroidPotion"},{"floor":16,"key":"Poison Potion"},{"floor":18,"key":"GamblersBrew"},{"floor":20,"key":"PowerPotion"},{"floor":21,"key":"Poison Potion"}],"is_trial":false,"path_per_floor":["M","?","M","?","M","E","R","E","T","M","?","M","M","?","R","B",null,"M","?","M","M","M","R","E","R","T","E"],"character_chosen":"THE_SILENT","items_purchased":[],"campfire_rested":2,"item_purchase_floors":[],"current_hp_per_floor":[60,46,45,68,68,42,42,24,24,24,24,20,17,23,23,8,76,65,65,50,30,18,40,18,40,40,0],"gold":368,"neow_bonus":"THREE_SMALL_POTIONS","is_prod":false,"is_daily":false,"chose_seed":false,"campfire_upgraded":2,"win_rate":0,"timestamp":1553983394,"path_taken":["M","?","M","?","M","E","R","E","T","M","?","M","?","?","R","BOSS","M","?","M","M","M","R","E","R","T","E"],"build_version":"2019-01-23","purchased_purges":0,"victory":false,"max_hp_per_floor":[70,70,70,70,70,70,70,70,70,70,70,70,70,76,76,76,76,76,76,76,76,76,76,76,76,76,76],"card_choices":[{"not_picked":["Outmaneuver","Masterful Stab","Acrobatics"],"picked":"SKIP","floor":1},{"not_picked":["Concentrate","Dodge and Roll"],"picked":"Sucker Punch","floor":3},{"not_picked":["Catalyst","Endless Agony"],"picked":"Dodge and Roll","floor":5},{"not_picked":["Backflip","Choke"],"picked":"Flying Knee","floor":6},{"not_picked":["Acrobatics","Setup"],"picked":"Tools of the Trade","floor":8},{"not_picked":["Masterful Stab","Prepared"],"picked":"Dagger Spray","floor":10},{"not_picked":["Catalyst","Quick Slash"],"picked":"Cloak And Dagger","floor":12},{"not_picked":["Wraith Form v2","Dodge and Roll"],"picked":"Noxious Fumes","floor":13},{"not_picked":["Phantasmal Killer","Wraith Form v2"],"picked":"Unload","floor":16},{"not_picked":["Blade Dance","Prepared"],"picked":"Slice","floor":18},{"not_picked":["Slice+1","Flying Knee"],"picked":"Finisher","floor":20},{"not_picked":["Prepared","Eviscerate"],"picked":"Dagger Spray","floor":21},{"not_picked":["Finisher+1","Bouncing Flask"],"picked":"PiercingWail+1","floor":22},{"not_picked":["Bane","Masterful Stab+1"],"picked":"Dash","floor":24}],"player_experience":628072,"relics_obtained":[{"floor":6,"key":"Vajra"},{"floor":8,"key":"Darkstone Periapt"},{"floor":9,"key":"Ancient Tea Set"},{"floor":24,"key":"Nunchaku"},{"floor":26,"key":"War Paint"}],"event_choices":[{"damage_healed":0,"gold_gain":0,"player_choice":"Entered Light","damage_taken":14,"max_hp_gain":0,"max_hp_loss":0,"event_name":"Shining Light","floor":2,"gold_loss":0,"cards_upgraded":["Defend_G","Strike_G"]},{"damage_healed":23,"gold_gain":0,"player_choice":"Banana","damage_taken":0,"max_hp_gain":0,"max_hp_loss":0,"event_name":"Big Fish","floor":4,"gold_loss":0},{"damage_healed":0,"gold_gain":0,"player_choice":"Upgraded","damage_taken":0,"max_hp_gain":0,"max_hp_loss":0,"event_name":"Upgrade Shrine","floor":11,"gold_loss":0,"cards_upgraded":["Dagger Spray"]},{"damage_healed":0,"gold_gain":0,"player_choice":"Take Wound","damage_taken":0,"relics_obtained":["Golden Idol"],"max_hp_gain":0,"max_hp_loss":0,"event_name":"Golden Idol","floor":14,"gold_loss":0,"cards_obtained":["Injury"]},{"damage_healed":0,"gold_gain":0,"player_choice":"Ignored","damage_taken":0,"max_hp_gain":0,"max_hp_loss":0,"event_name":"Golden Shrine","floor":19,"gold_loss":0}],"is_beta":false,"boss_relics":[{"not_picked":["Coffee Dripper","Eternal Feather"],"picked":"Ectoplasm"}],"items_purged_floors":[],"is_endless":false,"potions_floor_spawned":[3,6,10,13,16,18,20,21,22],"killed_by":"Gremlin Leader","ascension_level":4}