{"gold_per_floor":[119,294,179,179,196,196,224,224,298,298,314,314,344,344,344,444,444,444,444,314,314],"floor_reached":21,"playtime":1545,"items_purged":["Doubt"],"score":175,"play_id":"f95a9c47-15ea-4c09-a8b8-b12bae566536","local_time":"20190223033014","is_ascension_mode":false,"campfire_choices":[{"data":"Redo","floor":6,"key":"SMITH"},{"floor":8,"key":"REST"},{"data":"White Noise","floor":12,"key":"SMITH"},{"floor":15,"key":"RECALL"}],"neow_cost":"NONE","seed_source_timestamp":642756280626091,"circlet_count":0,"master_deck":["Strike_B","Strike_B","Strike_B","Strike_B","Defend_B","Defend_B","Defend_B","Defend_B","Zap","Dualcast","Redo+1","BootSequence","Consume+1","White Noise+1","BootSequence","Rebound+1","Defragment","Redo"],"relics":["Cracked Core","Ginger","Singing Bowl","Ectoplasm"],"potions_floor_usage":[7],"damage_taken":[{"damage":6,"enemies":"Jaw Worm","floor":1,"turns":4},{"damage":0,"enemies":"2 Louse","floor":5,"turns":3},{"damage":31,"enemies":"Lagavulin","floor":7,"turns":7},{"damage":2,"enemies":"Small Slimes","floor":11,"turns":3},{"damage":57,"enemies":"Hexaghost","floor":16,"turns":9},{"damage":20,"enemies":"Spheric Guardian","floor":18,"turns":4},{"damage":21,"enemies":"Shell Parasite","floor":19,"turns":6},{"damage":47,"enemies":"3 Cultists","floor":21,"turns":4}],"seed_played":"2127509071717893814","potions_obtained":[{"floor":1,"key":"Swift Potion"},{"floor":19,"key":"SpeedPotion"}],"is_trial":false,"path_per_floor":["?","?","?","?","?"],"character_chosen":"DEFECT","items_purchased":["Consume","Defragment","Redo"],"campfire_rested":1,"item_purchase_floors":[3,20,20],"current_hp_per_floor":[69,69,69,74,74,74,43,67,67,67,67,67,67,67,67,12,84,64,43,43,0],"gold":314,"neow_bonus":"THREE_CARDS","is_prod":false,"is_daily":false,"chose_seed":false,"campfire_upgraded":2,"win_rate":0,"timestamp":1550903414,"path_taken":["M","?","$","?","M","R","E","R","T","?","M","R","?","?","R","BOSS","M","M","$","M"],"build_version":"2019-01-23","purchased_purges":1,"victory":false,"max_hp_per_floor":[75,75,75,80,80,80,80,80,80,80,82,82,82,82,82,84,84,84,84,84,84],"card_choices":[{"not_picked":["Storm","Go for the Eyes"],"picked":"Redo","floor":0},{"not_picked":["Turbo","Steam"],"picked":"BootSequence","floor":1},{"not_picked":["Ball Lightning","Sweeping Beam","Tempest"],"picked":"SKIP","floor":5},{"not_picked":["Recycle","Consume"],"picked":"White Noise","floor":7},{"not_picked":["Gash","Ball Lightning","Barrage"],"picked":"Singing Bowl","floor":11},{"not_picked":["Reboot","Electrodynamics","Core Surge"],"picked":"Singing Bowl","floor":16},{"not_picked":["Streamline","Go for the Eyes+1"],"picked":"BootSequence","floor":18},{"not_picked":["Reinforced Body","Melter"],"picked":"Rebound+1","floor":19}],"player_experience":219044,"relics_obtained":[{"floor":7,"key":"Ginger"},{"floor":9,"key":"Singing Bowl"}],"event_choices":[{"damage_healed":0,"gold_gain":175,"player_choice":"AGREE","damage_taken":0,"max_hp_gain":0,"max_hp_loss":0,"event_name":"Liars Game","floor":2,"gold_loss":0,"cards_obtained":["Doubt"]},{"damage_healed":0,"gold_gain":0,"player_choice":"Donut","damage_taken":0,"max_hp_gain":5,"max_hp_loss":0,"event_name":"Big Fish","floor":4,"gold_loss":0},{"damage_healed":0,"gold_gain":0,"player_choice":"Ignored","damage_taken":0,"max_hp_gain":0,"max_hp_loss":0,"event_name":"Shining Light","floor":10,"gold_loss":0},{"damage_healed":0,"gold_gain":30,"player_choice":"Searched \u00271\u0027 times","damage_taken":0,"max_hp_gain":0,"max_hp_loss":0,"event_name":"Dead Adventurer","floor":13,"gold_loss":0},{"damage_healed":0,"gold_gain":0,"player_choice":"Grow","damage_taken":0,"max_hp_gain":0,"max_hp_loss":0,"event_name":"Living Wall","floor":14,"gold_loss":0,"cards_upgraded":["Consume"]}],"is_beta":false,"boss_relics":[{"not_picked":["Cursed Key","Black Star"],"picked":"Ectoplasm"}],"items_purged_floors":[3],"is_endless":false,"potions_floor_spawned":[1,19],"killed_by":"3 Cultists","ascension_level":0}