{"gold_per_floor":[111,131,149,160,17,43,59,90,137,137],"floor_reached":10,"playtime":287,"items_purged":["Defend_B"],"score":92,"play_id":"804cd662-a949-408b-8b23-49062bcf7651","local_time":"20190325000201","is_ascension_mode":true,"campfire_choices":[],"neow_cost":"NONE","seed_source_timestamp":7867046317554757,"circlet_count":0,"master_deck":["Strike_B+1","Strike_B","Strike_B+1","Strike_B","Defend_B","Defend_B","Defend_B","Zap","Dualcast","Finesse","Self Repair","Sweeping Beam","Rebound","Static Discharge","Melter","Force Field"],"relics":["Cracked Core","Blue Candle","Sundial","Whetstone"],"potions_floor_usage":[6,8],"damage_taken":[{"damage":1,"enemies":"Cultist","floor":1,"turns":3},{"damage":7,"enemies":"2 Louse","floor":2,"turns":3},{"damage":2,"enemies":"Jaw Worm","floor":3,"turns":3},{"damage":16,"enemies":"Gremlin Gang","floor":4,"turns":4},{"damage":20,"enemies":"3 Sentries","floor":6,"turns":3},{"damage":6,"enemies":"3 Louse","floor":7,"turns":2},{"damage":40,"enemies":"Lagavulin","floor":8,"turns":4},{"damage":16,"enemies":"Gremlin Nob","floor":10,"turns":2}],"seed_played":"-8763587415120804327","potions_obtained":[{"floor":1,"key":"AttackPotion"},{"floor":7,"key":"AttackPotion"}],"is_trial":false,"path_per_floor":["M","M","M","M","$","E","M","E","T","E"],"character_chosen":"DEFECT","items_purchased":["Static Discharge"],"campfire_rested":0,"item_purchase_floors":[5],"current_hp_per_floor":[74,74,72,63,63,50,44,11,11,0],"gold":137,"neow_bonus":"RANDOM_COLORLESS","is_prod":false,"is_daily":false,"chose_seed":false,"campfire_upgraded":0,"win_rate":0,"timestamp":1553486521,"path_taken":["M","M","M","M","$","E","M","E","T","E"],"build_version":"2019-01-23","purchased_purges":1,"victory":false,"max_hp_per_floor":[75,75,75,75,75,75,75,75,75,75],"card_choices":[{"not_picked":["Stack","Turbo"],"picked":"Self Repair","floor":1},{"not_picked":["Genetic Algorithm","Fusion"],"picked":"Sweeping Beam","floor":2},{"not_picked":["Darkness","Hologram"],"picked":"Rebound","floor":3},{"not_picked":["Rebound","Steam Power","Conserve Battery"],"picked":"SKIP","floor":4},{"not_picked":["Doom and Gloom","Redo"],"picked":"Melter","floor":6},{"not_picked":["Compile Driver","Reinforced Body"],"picked":"Force Field","floor":7},{"not_picked":["Reprogram","Go for the Eyes","Compile Driver"],"picked":"SKIP","floor":8}],"player_experience":488068,"relics_obtained":[{"floor":6,"key":"Blue Candle"},{"floor":8,"key":"Sundial"},{"floor":9,"key":"Whetstone"}],"event_choices":[],"is_beta":false,"boss_relics":[],"items_purged_floors":[5],"is_endless":false,"potions_floor_spawned":[1,7],"killed_by":"Gremlin Nob","ascension_level":3}