{"gold_per_floor":[110,128,140,151,169,169,197,197,197,197,40,67,67,79,79,79],"floor_reached":16,"playtime":1479,"items_purged":["Strike_G"],"score":112,"play_id":"7ad36c72-9a60-439c-95e5-bddc1910108f","local_time":"20190329114926","is_ascension_mode":false,"campfire_choices":[{"data":"Neutralize","floor":6,"key":"SMITH"},{"floor":15,"key":"REST"}],"neow_cost":"NONE","seed_source_timestamp":296917890428691,"circlet_count":0,"master_deck":["Defend_G","Defend_G","Defend_G","Defend_G","Defend_G","Strike_G","Strike_G","Strike_G","Strike_G","Survivor","Neutralize+1","Infinite Blades","Flying Knee","Accuracy","Calculated Gamble","Blur","Blade Dance","Well Laid Plans","Flechettes","Cloak And Dagger"],"relics":["Ring of the Snake","Pen Nib","Paper Crane","Gremlin Horn","Singing Bowl"],"potions_floor_usage":[5,7,7,12],"damage_taken":[{"damage":6,"enemies":"Jaw Worm","floor":1,"turns":5},{"damage":7,"enemies":"2 Louse","floor":2,"turns":4},{"damage":0,"enemies":"Small Slimes","floor":3,"turns":2},{"damage":2,"enemies":"2 Fungi Beasts","floor":4,"turns":4},{"damage":3,"enemies":"Gremlin Gang","floor":5,"turns":4},{"damage":23,"enemies":"Gremlin Nob","floor":7,"turns":5},{"damage":22,"enemies":"3 Sentries","floor":12,"turns":11},{"damage":11,"enemies":"Large Slime","floor":14,"turns":5},{"damage":28,"enemies":"The Guardian","floor":16,"turns":13}],"seed_played":"-5889920323890355456","potions_obtained":[{"floor":1,"key":"SteroidPotion"},{"floor":4,"key":"Fire Potion"},{"floor":5,"key":"EssenceOfSteel"},{"floor":7,"key":"Ancient Potion"}],"is_trial":false,"path_per_floor":["?","?","?"],"character_chosen":"THE_SILENT","items_purchased":["Well Laid Plans"],"campfire_rested":1,"item_purchase_floors":[11],"current_hp_per_floor":[71,64,64,62,59,59,36,36,36,36,36,14,14,3,26,0],"gold":79,"neow_bonus":"TEN_PERCENT_HP_BONUS","is_prod":false,"is_daily":false,"chose_seed":false,"campfire_upgraded":1,"win_rate":0,"timestamp":1553870966,"path_taken":["M","M","M","M","M","R","E","?","T","?","$","E","?","M","R","BOSS"],"build_version":"2019-01-23","purchased_purges":1,"victory":false,"max_hp_per_floor":[77,77,77,77,77,77,77,77,77,77,77,77,77,77,77,77],"card_choices":[{"not_picked":["Blade Dance","Cloak And Dagger"],"picked":"Infinite Blades","floor":1},{"not_picked":["Deadly Poison","Dodge and Roll"],"picked":"Flying Knee","floor":2},{"not_picked":["Leg Sweep","Bouncing Flask"],"picked":"Accuracy","floor":3},{"not_picked":["Deflect","Bane"],"picked":"Calculated Gamble","floor":4},{"not_picked":["Flying Knee","Acrobatics"],"picked":"Blur","floor":5},{"not_picked":["Dagger Throw","Skewer"],"picked":"Blade Dance","floor":7},{"not_picked":["Blade Dance","Expertise"],"picked":"Flechettes","floor":12},{"not_picked":["Dodge and Roll","Eviscerate"],"picked":"Cloak And Dagger","floor":14}],"player_experience":495524,"relics_obtained":[{"floor":7,"key":"Pen Nib"},{"floor":9,"key":"Gremlin Horn"},{"floor":12,"key":"Singing Bowl"}],"event_choices":[{"damage_healed":0,"gold_gain":0,"player_choice":"Searched \u00271\u0027 times","damage_taken":0,"relics_obtained":["Paper Crane"],"max_hp_gain":0,"max_hp_loss":0,"event_name":"Dead Adventurer","floor":8,"gold_loss":0},{"damage_healed":0,"gold_gain":0,"player_choice":"Searched \u00271\u0027 times","damage_taken":0,"relics_obtained":["Paper Crane"],"max_hp_gain":0,"max_hp_loss":0,"event_name":"Dead Adventurer","floor":8,"gold_loss":0},{"damage_healed":0,"gold_gain":0,"player_choice":"Ignored","damage_taken":0,"max_hp_gain":0,"max_hp_loss":0,"event_name":"Shining Light","floor":10,"gold_loss":0},{"damage_healed":0,"gold_gain":0,"player_choice":"Ignored","damage_taken":0,"max_hp_gain":0,"max_hp_loss":0,"event_name":"Liars Game","floor":13,"gold_loss":0}],"is_beta":false,"boss_relics":[],"items_purged_floors":[11],"is_endless":false,"potions_floor_spawned":[1,4,5,7],"killed_by":"The Guardian","ascension_level":0}