{"gold_per_floor":[16,16,16,28,28,28,41,53,53,63,63,96,96,96,96,96],"floor_reached":16,"playtime":1365,"items_purged":[],"score":104,"play_id":"f5675d5e-0c01-4181-84ab-4d606d169846","local_time":"20190218013211","is_ascension_mode":false,"campfire_choices":[{"data":"Gash","floor":6,"key":"SMITH"},{"data":"Redo","floor":13,"key":"SMITH"},{"data":"Zap","floor":15,"key":"SMITH"}],"neow_cost":"NO_GOLD","seed_source_timestamp":203822910859928,"circlet_count":0,"master_deck":["Strike_B","Strike_B","Strike_B","Strike_B","Defend_B","Defend_B","Defend_B","Defend_B","Zap+1","Dualcast","All For One","Gash+1","Cold Snap","Capacitor","Cold Snap","Redo+1","Amplify"],"relics":["Cracked Core","Symbiotic Virus","Ancient Tea Set"],"potions_floor_usage":[11,12,14,16],"damage_taken":[{"damage":7,"enemies":"Small Slimes","floor":1,"turns":3},{"damage":0,"enemies":"Cultist","floor":4,"turns":3},{"damage":4,"enemies":"2 Louse","floor":7,"turns":3},{"damage":3,"enemies":"Looter","floor":8,"turns":2},{"damage":0,"enemies":"Large Slime","floor":10,"turns":5},{"damage":0,"enemies":"3 Louse","floor":11,"turns":1},{"damage":12,"enemies":"Lagavulin","floor":12,"turns":4},{"damage":0,"enemies":"Exordium Thugs","floor":14,"turns":1},{"damage":51,"enemies":"The Guardian","floor":16,"turns":15}],"seed_played":"-4041326548072680042","potions_obtained":[{"floor":1,"key":"AttackPotion"},{"floor":3,"key":"SmokeBomb"},{"floor":3,"key":"SmokeBomb"},{"floor":12,"key":"SkillPotion"}],"is_trial":false,"path_per_floor":["?","M","M"],"character_chosen":"DEFECT","items_purchased":[],"campfire_rested":0,"item_purchase_floors":[],"current_hp_per_floor":[68,68,68,68,68,68,64,61,61,61,61,49,49,49,49,0],"gold":96,"neow_bonus":"THREE_RARE_CARDS","is_prod":false,"is_daily":false,"chose_seed":false,"campfire_upgraded":3,"win_rate":0,"timestamp":1550464331,"path_taken":["M","$","?","?","$","R","M","M","T","?","M","E","R","M","R","BOSS"],"build_version":"2019-01-23","purchased_purges":0,"victory":false,"max_hp_per_floor":[75,75,75,75,75,75,75,75,75,75,75,75,75,75,75,75],"card_choices":[{"not_picked":["Reboot","Core Surge"],"picked":"All For One","floor":0},{"not_picked":["Chaos","Sweeping Beam"],"picked":"Gash","floor":1},{"not_picked":["Sweeping Beam","Coolheaded"],"picked":"Cold Snap","floor":4},{"not_picked":["Steam","Double Energy"],"picked":"Capacitor","floor":7},{"not_picked":["Storm","Coolheaded"],"picked":"Cold Snap","floor":8},{"not_picked":["Coolheaded","Stack"],"picked":"Redo","floor":10},{"not_picked":["Ball Lightning","Melter"],"picked":"Amplify","floor":12}],"player_experience":203547,"relics_obtained":[{"floor":9,"key":"Symbiotic Virus"},{"floor":12,"key":"Ancient Tea Set"}],"event_choices":[{"damage_healed":0,"gold_gain":0,"player_choice":"Got Potions","damage_taken":0,"max_hp_gain":0,"max_hp_loss":0,"event_name":"Lab","floor":3,"gold_loss":0}],"is_beta":false,"boss_relics":[],"items_purged_floors":[],"is_endless":false,"potions_floor_spawned":[1,8,10,12],"killed_by":"The Guardian","ascension_level":0}