{"gold_per_floor":[114,124,100,119,138,165,165,195,195,195,206,134,134,164,164,164],"floor_reached":16,"playtime":773,"items_purged":[],"score":138,"play_id":"c1fa2f2f-5cb1-4286-8d08-cf1a494fafde","local_time":"20190326083236","is_ascension_mode":true,"campfire_choices":[{"data":"Trip","floor":7,"key":"SMITH"},{"floor":10,"key":"REST"},{"data":"Shrug It Off","floor":15,"key":"SMITH"}],"neow_cost":"TEN_PERCENT_HP_LOSS","seed_source_timestamp":7983600706628564,"circlet_count":0,"master_deck":["Strike_R","Strike_R","Strike_R","Strike_R","Strike_R","Defend_R","Defend_R","Defend_R","Defend_R","Bash","Good Instincts","Trip+1","Cleave","Combust","Twin Strike","Shrug It Off+1","Twin Strike","Demon Form","Spot Weakness"],"relics":["Burning Blood","Vajra","Matryoshka","Singing Bowl","Dodecahedron","The Courier","Meat on the Bone"],"potions_floor_usage":[5,6,16],"damage_taken":[{"damage":6,"enemies":"Small Slimes","floor":1,"turns":4},{"damage":2,"enemies":"Jaw Worm","floor":2,"turns":3},{"damage":1,"enemies":"Cultist","floor":4,"turns":4},{"damage":9,"enemies":"Gremlin Gang","floor":5,"turns":2},{"damage":37,"enemies":"Lagavulin","floor":6,"turns":7},{"damage":25,"enemies":"3 Sentries","floor":8,"turns":6},{"damage":6,"enemies":"Lots of Slimes","floor":11,"turns":2},{"damage":16,"enemies":"Gremlin Nob","floor":14,"turns":4},{"damage":31,"enemies":"The Guardian","floor":16,"turns":5}],"seed_played":"-5005898467002528362","potions_obtained":[{"floor":4,"key":"EssenceOfSteel"},{"floor":5,"key":"FearPotion"},{"floor":8,"key":"LiquidBronze"}],"is_trial":false,"path_per_floor":["M","M","$","M","M","E","R","E","T","R","M","$","?","E","R","B"],"character_chosen":"IRONCLAD","items_purchased":["Twin Strike","Spot Weakness"],"campfire_rested":1,"item_purchase_floors":[3,12],"current_hp_per_floor":[72,72,72,72,69,38,38,19,19,40,42,42,39,31,31,0],"gold":164,"neow_bonus":"RANDOM_COLORLESS_2","is_prod":false,"is_daily":false,"chose_seed":false,"campfire_upgraded":2,"win_rate":0,"timestamp":1553603556,"path_taken":["M","M","$","M","M","E","R","E","T","R","M","$","?","E","R","BOSS"],"build_version":"2019-01-23","purchased_purges":0,"victory":false,"max_hp_per_floor":[72,72,72,72,72,72,72,72,72,72,74,74,74,76,76,76],"card_choices":[{"not_picked":["Second Wind","Sword Boomerang"],"picked":"Cleave","floor":1},{"not_picked":["Sever Soul","Havoc"],"picked":"Combust","floor":2},{"not_picked":["Combust","Heavy Blade"],"picked":"Shrug It Off","floor":4},{"not_picked":["Anger","Headbutt"],"picked":"Twin Strike","floor":5},{"not_picked":["Clothesline","Ghostly Armor","Clash"],"picked":"SKIP","floor":6},{"not_picked":["Cleave","Armaments"],"picked":"Demon Form","floor":8},{"not_picked":["Warcry","True Grit","Infernal Blade"],"picked":"Singing Bowl","floor":11},{"not_picked":["Reckless Charge","Warcry","Shockwave"],"picked":"Singing Bowl","floor":14}],"player_experience":529585,"relics_obtained":[{"floor":6,"key":"Vajra"},{"floor":8,"key":"Matryoshka"},{"floor":9,"key":"Singing Bowl"},{"floor":9,"key":"Dodecahedron"},{"floor":14,"key":"Meat on the Bone"}],"event_choices":[{"damage_healed":0,"gold_gain":0,"player_choice":"Success","damage_taken":3,"relics_obtained":["The Courier"],"max_hp_gain":0,"max_hp_loss":0,"event_name":"Scrap Ooze","floor":13,"gold_loss":0}],"is_beta":false,"boss_relics":[],"items_purged_floors":[],"is_endless":false,"potions_floor_spawned":[4,5,8],"killed_by":"The Guardian","ascension_level":3}