{"gold_per_floor":[117,117,130,81,256,256,256,256,256,256,286,286,17,31,31,135,135,146,146,146,146,160,160,186,186,186,186,111,111],"floor_reached":29,"playtime":595,"items_purged":["Regret"],"score":389,"play_id":"1a2dc3e8-74fe-46d1-b1f1-93af28c03e75","local_time":"20190330191722","is_ascension_mode":true,"campfire_choices":[{"data":"Zap","floor":6.0,"key":"SMITH"},{"data":"Cold Snap","floor":8.0,"key":"SMITH"},{"data":"Ball Lightning","floor":12.0,"key":"SMITH"},{"data":"Apotheosis","floor":15.0,"key":"SMITH"},{"floor":23.0,"key":"REST"}],"neow_cost":"NONE","seed_source_timestamp":31364351547581,"circlet_count":0,"master_deck":["Strike_B","Strike_B","Strike_B","Strike_B","Defend_B","Defend_B","Defend_B","Defend_B","Zap+1","Dualcast","Ball Lightning+1","Cold Snap+1","Doubt","Ball Lightning","Defragment","Apotheosis+1","Creative AI","Writhe","Undo","Stack","BootSequence","Finesse","Zap"],"special_seed":0,"relics":["Cracked Core","NeowsBlessing","Pear","Boot","Letter Opener","Singing Bowl","Bag of Preparation","Eternal Feather","Mummified Hand","Shuriken","Peace Pipe","Matryoshka"],"potions_floor_usage":[],"damage_taken":[{"damage":0.0,"enemies":"2 Louse","floor":1.0,"turns":1.0},{"damage":0.0,"enemies":"Jaw Worm","floor":3.0,"turns":1.0},{"damage":0.0,"enemies":"Lagavulin","floor":11.0,"turns":1.0},{"damage":3.0,"enemies":"Small Slimes","floor":14.0,"turns":3.0},{"damage":22.0,"enemies":"Slime Boss","floor":16.0,"turns":8.0},{"damage":8.0,"enemies":"Chosen","floor":18.0,"turns":4.0},{"damage":12.0,"enemies":"3 Byrds","floor":22.0,"turns":4.0},{"damage":84.0,"enemies":"Gremlin Leader","floor":24.0,"turns":5.0},{"damage":10,"enemies":"3 Cultists","floor":29,"turns":2}],"seed_played":"1928451506565053263","potions_obtained":[{"floor":14.0,"key":"SteroidPotion"},{"floor":18.0,"key":"GamblersBrew"}],"is_trial":false,"path_per_floor":["M","?","M","$","?","R","?","R","T","T","E","R","$","M","R","B",null,"M","?","?","T","M","R","E","?","T","?","$","M"],"character_chosen":"DEFECT","items_purchased":["Cold Snap","Defragment","Apotheosis"],"campfire_rested":1,"item_purchase_floors":[4,13,13],"current_hp_per_floor":[68,78,78,78,78,78,71,71,71,71,71,71,71,70,70,48,77,71,71,71,71,59,89,7,7,7,7,7,0],"gold":111,"neow_bonus":"THREE_ENEMY_KILL","is_prod":false,"is_daily":false,"chose_seed":false,"campfire_upgraded":4,"win_rate":0,"timestamp":1553991442,"path_taken":["M","?","M","$","?","R","?","R","T","?","E","R","?","M","R","BOSS","M","?","?","?","?","R","E","?","T","?","$","M"],"build_version":"2019-01-23","purchased_purges":1,"victory":false,"max_hp_per_floor":[75,85,85,85,85,85,85,85,85,85,85,85,85,87,87,87,87,89,89,89,89,89,89,91,91,91,91,91,91],"card_choices":[{"not_picked":["Sunder","Hologram"],"picked":"Ball Lightning","floor":1.0},{"not_picked":["Redo","Fusion","Gash"],"picked":"SKIP","floor":3.0},{"not_picked":["Coolheaded","Static Discharge"],"picked":"Ball Lightning","floor":11.0},{"not_picked":["Redo","Hologram","Consume"],"picked":"Singing Bowl","floor":14.0},{"not_picked":["Rainbow","Meteor Strike"],"picked":"Creative AI","floor":16.0},{"not_picked":["Scrape","Rebound","Steam+1"],"picked":"Singing Bowl","floor":18.0},{"not_picked":["Barrage","Loop"],"picked":"Stack","floor":22.0},{"not_picked":["Fusion","Machine Learning","Reprogram"],"picked":"Singing Bowl","floor":24.0}],"player_experience":585234,"relics_obtained":[{"floor":9.0,"key":"Letter Opener"},{"floor":10.0,"key":"Singing Bowl"},{"floor":11.0,"key":"Bag of Preparation"},{"floor":21.0,"key":"Shuriken"},{"floor":24.0,"key":"Peace Pipe"},{"floor":26.0,"key":"Matryoshka"}],"event_choices":[{"damage_healed":0.0,"max_hp_gain":0.0,"max_hp_loss":0.0,"gold_gain":0.0,"event_name":"Big Fish","player_choice":"Box","floor":2.0,"gold_loss":0.0,"damage_taken":0.0,"relics_obtained":["Pear"],"cards_obtained":["Regret"]},{"damage_healed":0.0,"max_hp_gain":0.0,"max_hp_loss":0.0,"gold_gain":175.0,"event_name":"Liars Game","player_choice":"AGREE","floor":5.0,"gold_loss":0.0,"damage_taken":0.0,"cards_obtained":["Doubt"]},{"damage_healed":0.0,"max_hp_gain":0.0,"max_hp_loss":0.0,"gold_gain":0.0,"event_name":"Scrap Ooze","player_choice":"Success","floor":7.0,"gold_loss":0.0,"damage_taken":7.0,"relics_obtained":["Boot"]},{"damage_healed":0.0,"max_hp_gain":0.0,"max_hp_loss":0.0,"gold_gain":0.0,"event_name":"The Mausoleum","player_choice":"Opened","floor":19.0,"gold_loss":0.0,"damage_taken":0.0,"relics_obtained":["Mummified Hand"],"cards_obtained":["Writhe"]},{"damage_healed":0.0,"max_hp_gain":0.0,"max_hp_loss":0.0,"gold_gain":0.0,"event_name":"The Library","player_choice":"Read","floor":20.0,"gold_loss":0.0,"damage_taken":0.0,"cards_obtained":["Undo"]},{"damage_healed":0.0,"max_hp_gain":0.0,"max_hp_loss":0.0,"gold_gain":0.0,"event_name":"Cursed Tome","player_choice":"Ignored","floor":25.0,"gold_loss":0.0,"damage_taken":0.0},{"damage_healed":0,"gold_gain":0,"player_choice":"3 cards matched","damage_taken":0,"max_hp_gain":0,"max_hp_loss":0,"event_name":"Match and Keep!","floor":27,"gold_loss":0,"cards_obtained":["BootSequence","Finesse","Zap"]}],"is_beta":false,"boss_relics":[{"not_picked":["Philosopher\u0027s Stone","Black Star"],"picked":"Eternal Feather"}],"items_purged_floors":[28],"is_endless":false,"potions_floor_spawned":[14,18],"killed_by":"3 Cultists","ascension_level":8}