{"gold_per_floor":[117,127,139,151,37,37,67,86,86,102,102,102,135,146,146,245,275,286,211,33,33,33,33,33],"floor_reached":24,"playtime":655,"items_purged":["Strike_B","Doubt"],"score":272,"play_id":"077f22c0-254a-480b-a178-99b268639def","local_time":"20190326020804","is_ascension_mode":true,"campfire_choices":[{"data":"Chaos","floor":6,"key":"SMITH"},{"data":"Ball Lightning","floor":12,"key":"SMITH"},{"floor":15,"key":"REST"},{"data":"Rainbow","floor":23,"key":"SMITH"}],"neow_cost":"TEN_PERCENT_HP_LOSS","seed_source_timestamp":7960643640750224,"circlet_count":0,"master_deck":["Strike_B","Strike_B","Strike_B","Defend_B+1","Defend_B","Defend_B","Defend_B","Zap","Dualcast+1","Skim","Ball Lightning+1","Chaos+1","Loop","Lockon","Thunder Strike","Rainbow+1","Writhe","Heatsinks"],"relics":["Cracked Core","Mango","Singing Bowl","Mercury Hourglass","War Paint","Cables","Calling Bell","Tiny Chest","Mummified Hand","Calipers"],"potions_floor_usage":[10,16,16,24,24,24],"damage_taken":[{"damage":6,"enemies":"Cultist","floor":1,"turns":4},{"damage":0,"enemies":"Small Slimes","floor":2,"turns":3},{"damage":0,"enemies":"2 Louse","floor":3,"turns":2},{"damage":6,"enemies":"Exordium Thugs","floor":4,"turns":4},{"damage":24,"enemies":"Gremlin Nob","floor":7,"turns":4},{"damage":6,"enemies":"3 Louse","floor":8,"turns":3},{"damage":7,"enemies":"Large Slime","floor":10,"turns":3},{"damage":22,"enemies":"Lagavulin","floor":13,"turns":5},{"damage":9,"enemies":"Exordium Wildlife","floor":14,"turns":3},{"damage":10,"enemies":"Slime Boss","floor":16,"turns":6},{"damage":32,"enemies":"3 Byrds","floor":18,"turns":4},{"damage":67,"enemies":"Gremlin Leader","floor":24,"turns":7}],"seed_played":"-7666006414141103572","potions_obtained":[{"floor":3,"key":"Poison Potion"},{"floor":4,"key":"Ancient Potion"},{"floor":7,"key":"LiquidBronze"},{"floor":14,"key":"Poison Potion"},{"floor":16,"key":"SkillPotion"},{"floor":18,"key":"Explosive Potion"},{"floor":21,"key":"EntropicBrew"}],"is_trial":false,"path_per_floor":["M","M","M","M","$","R","E","M","T","M","?","R","E","M","R","B",null,"M","?","$","?","$","R","E"],"character_chosen":"DEFECT","items_purchased":["Loop","Heatsinks"],"campfire_rested":1,"item_purchase_floors":[5,20],"current_hp_per_floor":[76,76,76,70,70,70,46,42,42,37,37,37,15,8,34,24,88,58,58,58,58,58,58,0],"gold":33,"neow_bonus":"ONE_RARE_RELIC","is_prod":false,"is_daily":false,"chose_seed":false,"campfire_upgraded":3,"win_rate":0,"timestamp":1553580484,"path_taken":["M","M","M","M","$","R","E","M","T","M","?","R","E","M","R","BOSS","M","?","$","?","$","R","E"],"build_version":"2019-01-23","purchased_purges":2,"victory":false,"max_hp_per_floor":[82,82,82,82,82,82,82,84,84,86,86,86,86,88,88,88,88,90,90,90,90,90,90,90],"card_choices":[{"not_picked":["Compile Driver","Hologram","Go for the Eyes"],"picked":"SKIP","floor":1},{"not_picked":["Turbo","Steam Power"],"picked":"Skim","floor":2},{"not_picked":["Loop","Skim"],"picked":"Ball Lightning","floor":3},{"not_picked":["Steam Power","Hologram"],"picked":"Chaos","floor":4},{"not_picked":["Hologram","Turbo"],"picked":"Lockon","floor":7},{"not_picked":["Barrage","Fusion","Streamline"],"picked":"Singing Bowl","floor":8},{"not_picked":["Go for the Eyes","Auto Shields","Turbo"],"picked":"Singing Bowl","floor":10},{"not_picked":["Consume","Doom and Gloom"],"picked":"Thunder Strike","floor":13},{"not_picked":["Tempest","Leap","Hologram"],"picked":"Singing Bowl","floor":14},{"not_picked":["Fission","Buffer"],"picked":"Rainbow","floor":16},{"not_picked":["Conserve Battery","Leap","Glacier"],"picked":"Singing Bowl","floor":18}],"player_experience":522222,"relics_obtained":[{"floor":7,"key":"Singing Bowl"},{"floor":9,"key":"Mercury Hourglass"},{"floor":13,"key":"Cables"},{"floor":17,"key":"Tiny Chest"},{"floor":17,"key":"Mummified Hand"},{"floor":17,"key":"Calipers"}],"event_choices":[{"damage_healed":0,"gold_gain":0,"player_choice":"Searched \u00271\u0027 times","damage_taken":0,"relics_obtained":["War Paint"],"max_hp_gain":0,"max_hp_loss":0,"event_name":"Dead Adventurer","floor":11,"gold_loss":0},{"cards_removed":["Pain"],"damage_healed":0,"gold_gain":0,"player_choice":"Gave Gold","damage_taken":0,"max_hp_gain":0,"max_hp_loss":0,"event_name":"Beggar","floor":19,"gold_loss":75},{"damage_healed":0,"gold_gain":0,"player_choice":"Got Potions","damage_taken":0,"max_hp_gain":0,"max_hp_loss":0,"event_name":"Lab","floor":21,"gold_loss":0}],"is_beta":false,"boss_relics":[{"not_picked":["Pandora\u0027s Box","Tiny House"],"picked":"Calling Bell"}],"items_purged_floors":[5,20],"is_endless":false,"potions_floor_spawned":[3,4,7,14,16,18],"killed_by":"Gremlin Leader","ascension_level":4}