{"gold_per_floor":[362,180,192,29,204,104,104,104,104,104,121,136,136,154,154,154,154,167,67,81,81,1,1,13,13,13,13],"floor_reached":27,"playtime":704,"items_purged":["Defend_B","Defend_B","Strike_B"],"score":251,"play_id":"374e4992-398d-45e2-9aac-c8fbafc63165","local_time":"20180709153221","is_ascension_mode":false,"campfire_choices":[{"data":"Dualcast","floor":7,"key":"SMITH"},{"data":"Zap","floor":10,"key":"SMITH"},{"floor":13,"key":"REST"},{"data":"Streamline","floor":15,"key":"SMITH"},{"floor":23,"key":"REST"},{"floor":25,"key":"REST"}],"neow_cost":"TEN_PERCENT_HP_LOSS","seed_source_timestamp":1604140593076658,"circlet_count":0,"master_deck":["Strike_B","Strike_B","Strike_B","Defend_B","Defend_B","Zap+1","Dualcast+1","FTL","Streamline+1","Scrape","Scrape","Swift Strike","Doubt","Conserve Battery","Undo","Steam Power","Steam+1","Go for the Eyes","Steam Power"],"relics":["Cracked Core","Turnip","The Courier","Black Star","Girya"],"potions_floor_usage":[],"damage_taken":[{"damage":7,"enemies":"Small Slimes","floor":1,"turns":3},{"damage":0,"enemies":"2 Louse","floor":3,"turns":1},{"damage":11,"enemies":"Jaw Worm","floor":11,"turns":2},{"damage":4,"enemies":"Red Slaver","floor":12,"turns":3},{"damage":0,"enemies":"Looter","floor":14,"turns":2},{"damage":0,"enemies":"Slime Boss","floor":16,"turns":8},{"damage":41,"enemies":"3 Byrds","floor":18,"turns":5},{"damage":13,"enemies":"Shell Parasite","floor":20,"turns":4},{"damage":22,"enemies":"Cultist and Chosen","floor":24,"turns":6},{"damage":32,"enemies":"Slavers","floor":27,"turns":1}],"seed_played":"-1221321686593037891","potions_obtained":[{"floor":12,"key":"Poison Potion"},{"floor":18,"key":"Weak Potion"}],"is_trial":false,"path_per_floor":["M","$","M","$","?","$","R","?","T","R","M","M","R","M","R","B",null,"M","$","M","?","$","R","M","R","T"],"character_chosen":"DEFECT","items_purchased":["FTL","Streamline","Scrape","Swift Strike","Go for the Eyes","Steam Power"],"campfire_rested":3,"item_purchase_floors":[2,2,4,4,22,22],"current_hp_per_floor":[61,61,61,61,61,61,61,43,43,43,32,28,48,48,48,48,68,27,27,14,14,14,34,12,32,32,0],"gold":13,"neow_bonus":"TWO_FIFTY_GOLD","is_prod":false,"is_daily":false,"chose_seed":false,"campfire_upgraded":3,"win_rate":0.0,"timestamp":1531164741,"path_taken":["M","$","M","$","?","$","R","?","T","R","M","M","R","M","R","BOSS","M","$","M","?","$","R","M","R","T","E"],"build_version":"2018-07-05","purchased_purges":3,"victory":false,"max_hp_per_floor":[68,68,68,68,68,68,68,68,68,68,68,68,68,68,68,68,68,68,68,68,68,68,68,68,68,68,68],"card_choices":[{"not_picked":["Hologram","Stack","Turbo"],"picked":"SKIP","floor":1},{"not_picked":["Tempest","Ball Lightning"],"picked":"Scrape","floor":3},{"not_picked":["Heatsinks","Sweeping Beam"],"picked":"Conserve Battery","floor":11},{"not_picked":["Chaos","Coolheaded"],"picked":"Undo","floor":12},{"not_picked":["Conserve Battery","Hologram","Rip and Tear"],"picked":"SKIP","floor":14},{"not_picked":["Turbo+1","Steam+1"],"picked":"Steam Power","floor":18},{"not_picked":["Rebound+1","Hologram"],"picked":"Steam+1","floor":20},{"not_picked":["Leap","Fusion+1","Cold Snap"],"picked":"SKIP","floor":24}],"player_experience":155811,"relics_obtained":[{"floor":9,"key":"The Courier"},{"floor":26,"key":"Girya"}],"event_choices":[{"event_name":"Liars Game","player_choice":"agreed","floor":5,"damage_taken":0},{"event_name":"Scrap Ooze","player_choice":"success","floor":8,"damage_taken":18},{"event_name":"The Woman in Blue","player_choice":"Bought 0 Potions","floor":21,"damage_taken":0}],"boss_relics":[{"not_picked":["Snecko Eye","Ectoplasm"],"picked":"Black Star"}],"items_purged_floors":[2,6,19],"is_endless":false,"potions_floor_spawned":[12,16,18],"killed_by":"Slavers","ascension_level":0}