{"gold_per_floor":[116,116,116,216,234,247,247,247,318,197,212,112,112,125,125,125],"floor_reached":16,"playtime":3308,"items_purged":["Defend_R","Defend_R"],"score":90,"play_id":"864cd0ad-8be8-414e-8d77-d2a709c5c6ad","local_time":"20180706152957","is_ascension_mode":false,"campfire_choices":[{"data":"Swift Strike","floor":7,"key":"SMITH"},{"floor":13,"key":"REST"},{"data":"Perfected Strike","floor":15,"key":"SMITH"}],"neow_cost":"","seed_source_timestamp":1342188109314168,"circlet_count":0,"master_deck":["Strike_R","Strike_R","Strike_R","Strike_R","Strike_R","Defend_R","Bash","Swift Strike+1","Disarm","Thunderclap","Perfected Strike+1"],"relics":["Burning Blood","Golden Idol","Question Card"],"potions_floor_usage":[16],"damage_taken":[{"damage":6,"enemies":"Cultist","floor":1,"turns":3},{"damage":0,"enemies":"2 Louse","floor":5,"turns":2},{"damage":11,"enemies":"Jaw Worm","floor":6,"turns":2},{"damage":35,"enemies":"Exordium Thugs","floor":11,"turns":4},{"damage":0,"enemies":"2 Fungi Beasts","floor":14,"turns":2},{"damage":78,"enemies":"The Guardian","floor":16,"turns":6}],"seed_played":"-1459152211642988255","potions_obtained":[{"floor":6,"key":"Regen Potion"},{"floor":11,"key":"Dexterity Potion"},{"floor":14,"key":"Explosive Potion"}],"is_trial":false,"path_per_floor":["M","?","?","?","M","M","R","?","T","$","M","$","R","M","R"],"character_chosen":"IRONCLAD","items_purchased":["Thunderclap"],"campfire_rested":1,"item_purchase_floors":[10],"current_hp_per_floor":[80,80,60,60,66,61,61,61,61,61,32,32,56,62,62,0],"gold":125,"neow_bonus":"","is_prod":false,"is_daily":false,"chose_seed":false,"campfire_upgraded":2,"win_rate":0,"timestamp":1530905397,"path_taken":["M","?","?","?","?","M","R","?","T","$","?","$","R","M","R","BOSS"],"build_version":"2018-07-05","purchased_purges":2,"victory":false,"max_hp_per_floor":[80,80,80,80,80,80,80,80,80,80,80,80,80,80,80,80],"card_choices":[{"not_picked":["Headbutt","Metallicize","True Grit"],"picked":"SKIP","floor":1},{"not_picked":["Anger","Disarm","Dropkick"],"picked":"SKIP","floor":5},{"not_picked":["Wild Strike","True Grit","Clothesline"],"picked":"SKIP","floor":6},{"not_picked":["Seeing Red","Shrug It Off","Pummel"],"picked":"Perfected Strike","floor":11},{"not_picked":["Shrug It Off","Cleave","True Grit","Headbutt"],"picked":"SKIP","floor":14}],"player_experience":96422,"relics_obtained":[{"floor":9,"key":"Question Card"}],"event_choices":[{"event_name":"Match and Keep!","player_choice":"1 cards matched","floor":2,"damage_taken":0},{"event_name":"Golden Idol","player_choice":"Take Damage","floor":3,"damage_taken":0},{"event_name":"Golden Shrine","player_choice":"Pray","floor":4,"damage_taken":0},{"event_name":"Transmorgrifier","player_choice":"Transform","floor":8,"damage_taken":0}],"boss_relics":[],"items_purged_floors":[10,12],"is_endless":false,"potions_floor_spawned":[6,11,14],"killed_by":"The Guardian","ascension_level":0}