{"gold_per_floor":[118,137,137,137,156,187,187,207,207,81,81,31,47,66,66,66],"floor_reached":16,"playtime":1310,"items_purged":[],"score":102,"play_id":"251e27ec-6aee-4ae9-8b20-3aa4dff5aa01","local_time":"20190210074514","is_ascension_mode":false,"campfire_choices":[{"floor":7,"key":"REST"},{"floor":15,"key":"REST"}],"neow_cost":"NONE","seed_source_timestamp":64117578898994,"circlet_count":0,"master_deck":["Strike_R+1","Strike_R","Strike_R","Strike_R","Strike_R","Defend_R+1","Defend_R","Defend_R","Defend_R","Bash","Whirlwind","Flex","Shrug It Off","Flex","Rage+1","Evolve","Body Slam"],"relics":["Burning Blood","Strawberry","Gambling Chip","Question Card"],"potions_floor_usage":[6,16],"damage_taken":[{"damage":6,"enemies":"Cultist","floor":1,"turns":3},{"damage":7,"enemies":"Small Slimes","floor":2,"turns":2},{"damage":0,"enemies":"2 Louse","floor":5,"turns":3},{"damage":65,"enemies":"Lagavulin","floor":6,"turns":10},{"damage":7,"enemies":"Blue Slaver","floor":8,"turns":3},{"damage":0,"enemies":"3 Louse","floor":13,"turns":1},{"damage":19,"enemies":"Exordium Thugs","floor":14,"turns":6},{"damage":57,"enemies":"Slime Boss","floor":16,"turns":9}],"seed_played":"1517740701262660147","potions_obtained":[{"floor":5,"key":"Block Potion"},{"floor":6,"key":"SmokeBomb"},{"floor":13,"key":"Weak Potion"}],"is_trial":false,"path_per_floor":["M","?","?","?","?","M"],"character_chosen":"IRONCLAD","items_purchased":["Flex","Rage"],"campfire_rested":2,"item_purchase_floors":[10,10],"current_hp_per_floor":[80,79,83,66,72,13,39,38,38,38,38,38,44,31,57,0],"gold":66,"neow_bonus":"THREE_CARDS","is_prod":false,"is_daily":false,"chose_seed":false,"campfire_upgraded":0,"win_rate":0,"timestamp":1549795514,"path_taken":["M","?","?","?","M","E","R","M","T","$","?","?","?","M","R","BOSS"],"build_version":"2019-01-23","purchased_purges":0,"victory":false,"max_hp_per_floor":[80,80,87,87,87,87,87,87,87,87,87,87,87,87,87,87],"card_choices":[{"not_picked":["Corruption","Anger"],"picked":"Whirlwind","floor":0},{"not_picked":["Headbutt","Corruption"],"picked":"Flex","floor":1},{"not_picked":["Twin Strike","Battle Trance"],"picked":"Shrug It Off","floor":2},{"not_picked":["Thunderclap","Reckless Charge","True Grit"],"picked":"SKIP","floor":5},{"not_picked":["Dropkick","Sentinel","Perfected Strike"],"picked":"SKIP","floor":6},{"not_picked":["Flame Barrier","Wild Strike","Disarm"],"picked":"SKIP","floor":8},{"not_picked":["Dropkick","True Grit","Second Wind"],"picked":"Evolve","floor":13},{"not_picked":["Heavy Blade","Shockwave","Dark Embrace"],"picked":"Body Slam","floor":14}],"player_experience":148449,"relics_obtained":[{"floor":6,"key":"Gambling Chip"},{"floor":9,"key":"Question Card"}],"event_choices":[{"damage_healed":0,"gold_gain":0,"player_choice":"Success","damage_taken":3,"relics_obtained":["Strawberry"],"max_hp_gain":0,"max_hp_loss":0,"event_name":"Scrap Ooze","floor":3,"gold_loss":0},{"damage_healed":0,"gold_gain":0,"player_choice":"Entered Light","damage_taken":17,"max_hp_gain":0,"max_hp_loss":0,"event_name":"Shining Light","floor":4,"gold_loss":0,"cards_upgraded":["Defend_R","Strike_R"]},{"damage_healed":0,"gold_gain":0,"player_choice":"Grow","damage_taken":0,"max_hp_gain":0,"max_hp_loss":0,"event_name":"Living Wall","floor":11,"gold_loss":0,"cards_upgraded":["Rage"]},{"damage_healed":0,"gold_gain":0,"player_choice":"Left Gold","damage_taken":0,"max_hp_gain":0,"max_hp_loss":0,"event_name":"World of Goop","floor":12,"gold_loss":50}],"is_beta":false,"boss_relics":[],"items_purged_floors":[],"is_endless":false,"potions_floor_spawned":[5,6,13],"killed_by":"Slime Boss","ascension_level":0}