{"gold_per_floor":[109,124,49,49,49,49,63,79,79,79,33,46,79,95,95,190,190,202,127,127,127,77,77,93,93],"floor_reached":25,"playtime":665,"items_purged":["Defend_R"],"score":201,"play_id":"7fa3dfb5-6bed-4253-9769-5d4be1402ec0","local_time":"20180730123943","is_ascension_mode":false,"campfire_choices":[{"data":"Perfected Strike","floor":6,"key":"SMITH"},{"data":"Twin Strike","floor":15,"key":"SMITH"},{"data":"Perfected Strike","floor":23,"key":"SMITH"}],"neow_cost":"TEN_PERCENT_HP_LOSS","seed_source_timestamp":1657960855375221,"circlet_count":0,"master_deck":["Strike_R","Strike_R","Strike_R","Strike_R","Strike_R","Bash","Perfected Strike+1","Shrug It Off","Shrug It Off","Twin Strike+1","Perfected Strike+1","Pommel Strike","Perfected Strike"],"relics":["Burning Blood","Champion Belt","Torii","Bottled Lightning","Regal Pillow","StoneCalendar","Philosopher\u0027s Stone"],"potions_floor_usage":[16,16,25],"damage_taken":[{"damage":6,"enemies":"Cultist","floor":1,"turns":3},{"damage":7,"enemies":"Small Slimes","floor":2,"turns":5},{"damage":1,"enemies":"2 Louse","floor":7,"turns":2},{"damage":1,"enemies":"Red Slaver","floor":8,"turns":4},{"damage":13,"enemies":"Blue Slaver","floor":12,"turns":3},{"damage":9,"enemies":"3 Sentries","floor":13,"turns":7},{"damage":22,"enemies":"Exordium Wildlife","floor":14,"turns":4},{"damage":17,"enemies":"The Guardian","floor":16,"turns":7},{"damage":14,"enemies":"Shell Parasite","floor":18,"turns":4},{"damage":19,"enemies":"2 Thieves","floor":24,"turns":3},{"damage":57,"enemies":"Gremlin Leader","floor":25,"turns":4}],"seed_played":"273381404264766144","potions_obtained":[{"floor":2,"key":"SpeedPotion"},{"floor":7,"key":"Energy Potion"},{"floor":16,"key":"SpeedPotion"},{"floor":18,"key":"PowerPotion"}],"is_trial":false,"path_per_floor":["M","M","$","?","?","R","M","M","T","?","$","M","E","M","R","B",null,"M","?","?","$","$","R","M"],"character_chosen":"IRONCLAD","items_purchased":["Shrug It Off","Pommel Strike"],"campfire_rested":0,"item_purchase_floors":[11,22],"current_hp_per_floor":[72,71,71,64,57,57,62,67,67,67,67,60,57,41,41,30,72,64,64,64,64,64,64,51,0],"gold":93,"neow_bonus":"ONE_RARE_RELIC","is_prod":false,"is_daily":false,"chose_seed":false,"campfire_upgraded":3,"win_rate":0,"timestamp":1532968783,"path_taken":["M","?","$","?","?","R","M","M","T","?","$","M","E","M","R","BOSS","M","?","?","?","$","R","?","E"],"build_version":"2018-07-26","purchased_purges":1,"victory":false,"max_hp_per_floor":[72,72,72,72,72,72,72,72,72,72,72,72,72,72,72,72,72,72,72,72,72,72,72,72,72],"card_choices":[{"not_picked":["Warcry","Cleave","Dropkick"],"picked":"SKIP","floor":1},{"not_picked":["Headbutt","Cleave"],"picked":"Perfected Strike","floor":2},{"not_picked":["Flex","Body Slam"],"picked":"Shrug It Off","floor":7},{"not_picked":["Hemokinesis","Pummel","Body Slam"],"picked":"SKIP","floor":8},{"not_picked":["Immolate","Shrug It Off"],"picked":"Twin Strike","floor":12},{"not_picked":["Rupture","Shockwave","Clothesline"],"picked":"SKIP","floor":13},{"not_picked":["Cleave","Metallicize","Searing Blow"],"picked":"SKIP","floor":14},{"not_picked":["Armaments+1","Sentinel"],"picked":"Perfected Strike","floor":18},{"not_picked":["Spot Weakness","Clothesline"],"picked":"Perfected Strike","floor":24}],"player_experience":284940,"relics_obtained":[{"floor":9,"key":"Bottled Lightning"},{"floor":13,"key":"StoneCalendar"}],"event_choices":[{"event_name":"Golden Wing","player_choice":"Card Removal","floor":4,"damage_taken":0},{"event_name":"Scrap Ooze","player_choice":"success","floor":5,"damage_taken":7},{"event_name":"WeMeetAgain","player_choice":"Potion","floor":10,"damage_taken":0},{"event_name":"Beggar","player_choice":"Gave Gold","floor":19,"damage_taken":0},{"event_name":"Purifier","player_choice":"One Purge","floor":20,"damage_taken":0}],"is_beta":false,"boss_relics":[{"not_picked":["Black Star","Lizard Tail"],"picked":"Philosopher\u0027s Stone"}],"items_purged_floors":[3],"is_endless":false,"potions_floor_spawned":[2,7,16,18],"killed_by":"Gremlin Leader","ascension_level":0}