{"gold_per_floor":[219,219,219,66,66,66,104,104,130,169,193,209,247,270,270,395,395,411,15,38,61,61,61,76,100,125,169,199,211,256,291,303,445,457,490,560,572,108,124,157,157,188,260,273,16,16,349,367,367,367],"floor_reached":50,"playtime":4315,"items_purged":["Strike_R","Strike_R","Writhe"],"score":694,"play_id":"837f320b-beb3-4046-9073-86a7dd192390","local_time":"20190327100809","is_ascension_mode":true,"campfire_choices":[{"data":"Hemokinesis","floor":6,"key":"SMITH"},{"data":"Iron Wave","floor":8,"key":"SMITH"},{"floor":15,"key":"REST"},{"data":"Limit Break","floor":23,"key":"SMITH"},{"floor":32,"key":"REST"},{"data":"Corruption","floor":41,"key":"SMITH"},{"data":"Dark Embrace","floor":46,"key":"SMITH"},{"data":"Rupture","floor":49,"key":"SMITH"}],"neow_cost":"NONE","seed_source_timestamp":115196969844774,"circlet_count":0,"master_deck":["Strike_R","Strike_R","Strike_R","Defend_R","Defend_R","Defend_R","Defend_R","Bash+1","Iron Wave+1","Hemokinesis+1","Rupture+1","Shrug It Off","Pommel Strike+1","Uppercut+1","Bloodletting","Flame Barrier","Limit Break+1","Iron Wave+1","Pommel Strike+1","Bash+1","Clothesline+1","Twin Strike+1","Cleave+1","Shrug It Off+1","Corruption+1","Dark Embrace+1","Rupture","Armaments","Headbutt+1"],"relics":["Burning Blood","Blue Candle","Molten Egg 2","Happy Flower","Kunai","Pantograph","Sozu","Incense Burner","Regal Pillow","MawBank","Shuriken","Question Card","Busted Crown","Nunchaku","Singing Bowl","Mango","Oddly Smooth Stone","Toxic Egg 2","Paper Frog"],"potions_floor_usage":[7,13,16],"damage_taken":[{"damage":9,"enemies":"2 Louse","floor":1,"turns":4},{"damage":7,"enemies":"Gremlin Nob","floor":7,"turns":4},{"damage":24,"enemies":"3 Sentries","floor":10,"turns":7},{"damage":2,"enemies":"Jaw Worm","floor":11,"turns":3},{"damage":2,"enemies":"Cultist","floor":12,"turns":2},{"damage":18,"enemies":"Gremlin Nob","floor":13,"turns":4},{"damage":9,"enemies":"Lots of Slimes","floor":14,"turns":4},{"damage":39,"enemies":"Hexaghost","floor":16,"turns":8},{"damage":24,"enemies":"Spheric Guardian","floor":18,"turns":4},{"damage":4,"enemies":"Shell Parasite","floor":20,"turns":7},{"damage":6,"enemies":"Cultist and Chosen","floor":21,"turns":6},{"damage":21,"enemies":"Snake Plant","floor":24,"turns":5},{"damage":2,"enemies":"Centurion and Healer","floor":25,"turns":4},{"damage":23,"enemies":"Slavers","floor":27,"turns":6},{"damage":17,"enemies":"Shelled Parasite and Fungi","floor":28,"turns":5},{"damage":15,"enemies":"Book of Stabbing","floor":30,"turns":4},{"damage":12,"enemies":"Snake Plant","floor":31,"turns":3},{"damage":24,"enemies":"Champ","floor":33,"turns":10},{"damage":12,"enemies":"Orb Walker","floor":35,"turns":3},{"damage":13,"enemies":"2 Orb Walkers","floor":36,"turns":5},{"damage":29,"enemies":"3 Shapes","floor":39,"turns":5},{"damage":6,"enemies":"Giant Head","floor":40,"turns":7},{"damage":7,"enemies":"Nemesis","floor":42,"turns":7},{"damage":21,"enemies":"Spire Growth","floor":44,"turns":5},{"damage":2,"enemies":"Jaw Worm Horde","floor":48,"turns":4},{"damage":89,"enemies":"Awakened One","floor":50,"turns":8}],"seed_played":"-434411611117858868","potions_obtained":[{"floor":1,"key":"Strength Potion"},{"floor":11,"key":"Ancient Potion"},{"floor":14,"key":"Dexterity Potion"}],"is_trial":false,"path_per_floor":["?","?","?","M","?","M","M","T","?","?","M","$","?"],"character_chosen":"IRONCLAD","items_purchased":["Hemokinesis","Incense Burner","Rupture","Singing Bowl","Armaments","Paper Frog"],"campfire_rested":2,"item_purchase_floors":[4,19,38,38,38,45],"current_hp_per_floor":[77,74,74,74,54,54,53,53,53,35,39,43,31,28,52,44,80,62,62,64,64,64,64,49,53,53,36,25,25,16,10,49,56,80,74,67,80,80,57,73,73,74,74,59,59,59,59,63,63,0],"gold":367,"neow_bonus":"HUNDRED_GOLD","is_prod":false,"is_daily":false,"chose_seed":false,"campfire_upgraded":6,"win_rate":0,"timestamp":1553692089,"path_taken":["M","?","?","$","?","R","E","R","T","E","?","M","E","M","R","BOSS","M","$","M","M","?","R","?","?","T","E","M","?","E","M","R","BOSS","M","?","?","$","M","E","R","E","T","?","?","R","?","M","R","BOSS"],"build_version":"2019-01-23","purchased_purges":3,"victory":false,"max_hp_per_floor":[80,80,80,80,80,80,80,80,80,80,80,80,80,80,80,80,80,80,80,80,80,80,80,80,80,80,80,80,80,80,80,80,80,80,80,80,80,80,80,96,96,98,98,98,98,98,98,98,98,98],"card_choices":[{"not_picked":["Rage","Bloodletting"],"picked":"Iron Wave","floor":1},{"not_picked":["Wild Strike","Headbutt"],"picked":"Rupture","floor":7},{"not_picked":["Wild Strike+1","Burning Pact"],"picked":"Shrug It Off","floor":10},{"not_picked":["Perfected Strike+1","Warcry"],"picked":"Pommel Strike+1","floor":11},{"not_picked":["Heavy Blade+1","Reaper+1"],"picked":"Uppercut+1","floor":12},{"not_picked":["Power Through","Clash+1"],"picked":"Bloodletting","floor":13},{"not_picked":["Shrug It Off","Combust"],"picked":"Flame Barrier","floor":14},{"not_picked":["Exhume","Double Tap"],"picked":"Limit Break","floor":16},{"not_picked":["Havoc","Intimidate"],"picked":"Iron Wave+1","floor":18},{"not_picked":["Flex","Carnage+1","Wild Strike+1"],"picked":"SKIP","floor":20},{"not_picked":["Body Slam+1","Warcry+1"],"picked":"Pommel Strike+1","floor":21},{"not_picked":["Pummel+1","Heavy Blade+1"],"picked":"Clothesline+1","floor":24},{"not_picked":["Cleave+1","Perfected Strike+1"],"picked":"Twin Strike+1","floor":25},{"not_picked":["Armaments+1","Rampage+1"],"picked":"Cleave+1","floor":27},{"not_picked":["True Grit","Twin Strike+1"],"picked":"Shrug It Off+1","floor":28},{"not_picked":["Wild Strike+1","Inflame"],"picked":"Corruption","floor":30},{"not_picked":["Heavy Blade+1","Whirlwind+1","Barricade","Body Slam+1"],"picked":"SKIP","floor":31},{"not_picked":["Double Tap","Barricade","Bludgeon+1"],"picked":"Dark Embrace","floor":33},{"not_picked":["Sword Boomerang+1","Body Slam+1"],"picked":"SKIP","floor":35},{"not_picked":["Blood for Blood+1"],"picked":"Headbutt+1","floor":39},{"not_picked":["Cleave+1","Bludgeon+1"],"picked":"Singing Bowl","floor":40},{"not_picked":["Pommel Strike+1","Evolve+1"],"picked":"Singing Bowl","floor":42},{"not_picked":["Inflame","True Grit+1"],"picked":"SKIP","floor":44},{"not_picked":["Sword Boomerang+1","Rage+1"],"picked":"SKIP","floor":48}],"player_experience":469004,"relics_obtained":[{"floor":7,"key":"Molten Egg 2"},{"floor":9,"key":"Happy Flower"},{"floor":10,"key":"Kunai"},{"floor":13,"key":"Pantograph"},{"floor":26,"key":"Regal Pillow"},{"floor":27,"key":"MawBank"},{"floor":29,"key":"Shuriken"},{"floor":30,"key":"Question Card"},{"floor":36,"key":"Nunchaku"},{"floor":40,"key":"Mango"},{"floor":42,"key":"Oddly Smooth Stone"},{"floor":43,"key":"Toxic Egg 2"}],"event_choices":[{"damage_healed":0,"gold_gain":0,"player_choice":"Success","damage_taken":3,"relics_obtained":["Blue Candle"],"max_hp_gain":0,"max_hp_loss":0,"event_name":"Scrap Ooze","floor":2,"gold_loss":0},{"damage_healed":0,"gold_gain":0,"player_choice":"Grow","damage_taken":0,"max_hp_gain":0,"max_hp_loss":0,"event_name":"Living Wall","floor":3,"gold_loss":0,"cards_upgraded":["Bash"]},{"damage_healed":0,"gold_gain":0,"player_choice":"Take Damage","damage_taken":20,"relics_obtained":["Golden Idol"],"max_hp_gain":0,"max_hp_loss":0,"event_name":"Golden Idol","floor":5,"gold_loss":0},{"damage_healed":0,"gold_gain":0,"player_choice":"1 cards matched","damage_taken":0,"max_hp_gain":0,"max_hp_loss":0,"event_name":"Match and Keep!","floor":22,"gold_loss":0,"cards_obtained":["Bash"]},{"damage_healed":0,"gold_gain":0,"player_choice":"Fight","damage_taken":0,"max_hp_gain":0,"max_hp_loss":0,"event_name":"Mysterious Sphere","floor":36,"gold_loss":0},{"damage_healed":20,"gold_gain":0,"player_choice":"Writhe","damage_taken":0,"max_hp_gain":0,"max_hp_loss":0,"event_name":"Winding Halls","floor":37,"gold_loss":0,"cards_obtained":["Writhe"]},{"damage_healed":0,"gold_gain":333,"player_choice":"Gave Idol","damage_taken":0,"max_hp_gain":0,"max_hp_loss":0,"event_name":"The Moai Head","floor":47,"relics_lost":["Golden Idol"],"gold_loss":0}],"is_beta":false,"boss_relics":[{"not_picked":["Astrolabe","Pandora\u0027s Box"],"picked":"Sozu"},{"not_picked":["Empty Cage","Runic Pyramid"],"picked":"Busted Crown"}],"items_purged_floors":[4,19,38],"is_endless":false,"potions_floor_spawned":[1,11,14,20,24,27,33,40,44,48],"killed_by":"Awakened One","ascension_level":2}