{"gold_per_floor":[115,127,302,317,41,41,52,52,79,79,94,105,105,117,117,218,218,228,241,251,262,275,275,275,275,275,275,36,64,14,14],"floor_reached":31,"playtime":1314,"items_purged":["Defend_G","Defend_G"],"score":249,"play_id":"a7c9579f-7af5-4b20-9134-a8e2d99834f0","local_time":"20180708013927","is_ascension_mode":false,"campfire_choices":[{"data":"Cloak And Dagger","floor":6,"key":"SMITH"},{"data":"Finisher","floor":8,"key":"SMITH"},{"data":"Slice","floor":10,"key":"SMITH"},{"data":"Neutralize","floor":13,"key":"SMITH"},{"data":"Defend_G","floor":15,"key":"SMITH"},{"floor":23,"key":"REST"},{"floor":25,"key":"REST"}],"neow_cost":"","seed_source_timestamp":1467154172080279,"circlet_count":0,"master_deck":["Defend_G+1","Defend_G","Defend_G","Strike_G","Strike_G","Strike_G","Strike_G","Strike_G","Survivor","Neutralize+1","Dagger Throw","Doubt","Finisher+1","Cloak And Dagger+1","Slice+1","Bouncing Flask+1","Flying Knee+1","Infinite Blades+1","Terror","Quick Slash","Cloak And Dagger","Bouncing Flask"],"relics":["Ring of the Snake","Orichalcum","Blood Vial","Lizard Tail","Lantern","Bag of Marbles"],"potions_floor_usage":[16,16,16,31],"damage_taken":[{"damage":0,"enemies":"Small Slimes","floor":1,"turns":3},{"damage":0,"enemies":"Jaw Worm","floor":2,"turns":6},{"damage":1,"enemies":"Cultist","floor":4,"turns":4},{"damage":4,"enemies":"Blue Slaver","floor":7,"turns":3},{"damage":3,"enemies":"2 Fungi Beasts","floor":11,"turns":3},{"damage":0,"enemies":"3 Louse","floor":12,"turns":2},{"damage":7,"enemies":"Exordium Thugs","floor":14,"turns":4},{"damage":38,"enemies":"The Guardian","floor":16,"turns":18},{"damage":29,"enemies":"3 Byrds","floor":18,"turns":8},{"damage":0,"enemies":"Chosen","floor":19,"turns":3},{"damage":16,"enemies":"Snecko","floor":20,"turns":5},{"damage":29,"enemies":"Snake Plant","floor":21,"turns":5},{"damage":23,"enemies":"Centurion and Healer","floor":22,"turns":8},{"damage":37,"enemies":"Book of Stabbing","floor":29,"turns":5},{"damage":20,"enemies":"Slaver and Parasite","floor":31,"turns":5}],"seed_played":"8550127877086820224","potions_obtained":[{"floor":2,"key":"GhostInAJar"},{"floor":11,"key":"Ancient Potion"},{"floor":12,"key":"Dexterity Potion"},{"floor":18,"key":"Energy Potion"},{"floor":29,"key":"Strength Potion"}],"is_trial":false,"path_per_floor":["M","M","?","M","$","R","M","R","T","R","M","M","R","M","R","B",null,"M","M","M","M","M","R","?","R","T","?","$","E","$"],"character_chosen":"THE_SILENT","items_purchased":["Cloak And Dagger","Orichalcum","Terror","Quick Slash","Cloak And Dagger","Poison Potion"],"campfire_rested":2,"item_purchase_floors":[5,5,28,28,28,30],"current_hp_per_floor":[70,70,70,69,69,69,65,65,65,65,64,66,66,61,61,25,70,41,43,29,2,19,40,40,61,61,45,45,10,10,0],"gold":14,"neow_bonus":"","is_prod":false,"is_daily":false,"chose_seed":false,"campfire_upgraded":5,"win_rate":0.0,"timestamp":1531028367,"path_taken":["M","M","?","M","$","R","M","R","T","R","M","M","R","M","R","BOSS","M","M","M","M","M","R","?","R","T","?","$","E","$","M"],"build_version":"2018-07-05","purchased_purges":2,"victory":false,"max_hp_per_floor":[70,70,70,70,70,70,70,70,70,70,70,70,70,70,70,70,70,70,70,70,70,70,70,70,70,70,70,70,70,70,70],"card_choices":[{"not_picked":["Underhanded Strike","Dodge and Roll","Caltrops"],"picked":"SKIP","floor":1},{"not_picked":["Sucker Punch","Flechettes"],"picked":"Dagger Throw","floor":2},{"not_picked":["Poisoned Stab","Masterful Stab"],"picked":"Finisher","floor":4},{"not_picked":["Skewer","Noxious Fumes"],"picked":"Slice","floor":7},{"not_picked":["Distraction","PiercingWail","Burst"],"picked":"SKIP","floor":11},{"not_picked":["Infinite Blades","Flechettes","Masterful Stab"],"picked":"SKIP","floor":12},{"not_picked":["Calculated Gamble","Acrobatics","Dodge and Roll"],"picked":"SKIP","floor":14},{"not_picked":["Reflex","Dagger Throw"],"picked":"Bouncing Flask+1","floor":18},{"not_picked":["Sucker Punch","Accuracy"],"picked":"Flying Knee","floor":19},{"not_picked":["Outmaneuver+1","Acrobatics+1"],"picked":"Infinite Blades+1","floor":20},{"not_picked":["Acrobatics+1","Dodge and Roll+1","Deflect"],"picked":"SKIP","floor":21},{"not_picked":["Noxious Fumes","Prepared","Calculated Gamble+1"],"picked":"SKIP","floor":22},{"not_picked":["Dagger Throw+1","Die Die Die"],"picked":"Bouncing Flask","floor":29}],"player_experience":121883,"relics_obtained":[{"floor":9,"key":"Blood Vial"},{"floor":26,"key":"Lantern"},{"floor":29,"key":"Bag of Marbles"}],"event_choices":[{"event_name":"Liars Game","player_choice":"agreed","floor":3,"damage_taken":0},{"event_name":"Accursed Blacksmith","player_choice":"Forge","floor":24,"damage_taken":0},{"event_name":"Cursed Tome","player_choice":"Obtained Book","floor":27,"damage_taken":0}],"boss_relics":[{"not_picked":["Snecko Eye","Black Star"],"picked":"Lizard Tail"}],"items_purged_floors":[5,28],"is_endless":false,"potions_floor_spawned":[2,11,12,18,29],"killed_by":"Slaver and Parasite","ascension_level":0}