{"gold_per_floor":[116,291,216,236,246,279,279,237,260,260,271,283,295,327,327,327],"floor_reached":16,"playtime":694,"items_purged":["Doubt"],"score":112,"play_id":"456df3f2-f896-4c29-9bc3-5a2949bcfec6","local_time":"20180710134644","is_ascension_mode":false,"campfire_choices":[{"floor":7,"key":"REST"},{"floor":10,"key":"REST"},{"floor":15,"key":"REST"}],"neow_cost":"TEN_PERCENT_HP_LOSS","seed_source_timestamp":1684215996371981,"circlet_count":0,"master_deck":["Defend_G","Defend_G","Defend_G","Defend_G","Defend_G","Strike_G","Strike_G","Strike_G","Strike_G","Strike_G","Survivor","Neutralize","Backflip","Flying Knee","Quick Slash"],"relics":["Ring of the Snake","The Specimen","Singing Bowl","Art of War","Snake Skull"],"potions_floor_usage":[6,6,13,16],"damage_taken":[{"damage":4,"enemies":"2 Louse","floor":1,"turns":4},{"damage":0,"enemies":"Jaw Worm","floor":4,"turns":4},{"damage":0,"enemies":"Small Slimes","floor":5,"turns":4},{"damage":42,"enemies":"Lagavulin","floor":6,"turns":11},{"damage":12,"enemies":"3 Louse","floor":11,"turns":4},{"damage":0,"enemies":"Exordium Wildlife","floor":12,"turns":5},{"damage":9,"enemies":"Gremlin Gang","floor":13,"turns":4},{"damage":25,"enemies":"3 Sentries","floor":14,"turns":10},{"damage":32,"enemies":"Hexaghost","floor":16,"turns":9}],"seed_played":"-6898750724015106299","potions_obtained":[{"floor":1,"key":"EssenceOfSteel"},{"floor":5,"key":"Dexterity Potion"},{"floor":12,"key":"Fire Potion"},{"floor":14,"key":"EssenceOfSteel"}],"is_trial":false,"path_per_floor":["M","?","$","M","M","E","R","?","T","R","M","M","M","E","R"],"character_chosen":"THE_SILENT","items_purchased":[],"campfire_rested":3,"item_purchase_floors":[],"current_hp_per_floor":[59,59,59,59,59,17,35,35,35,53,41,43,34,11,31,0],"gold":327,"neow_bonus":"ONE_RARE_RELIC","is_prod":false,"is_daily":false,"chose_seed":false,"campfire_upgraded":0,"win_rate":0,"timestamp":1531244804,"path_taken":["M","?","$","M","M","E","R","?","T","R","M","?","M","E","R","BOSS"],"build_version":"2018-07-05","purchased_purges":1,"victory":false,"max_hp_per_floor":[63,63,63,63,63,63,63,63,63,63,63,65,65,67,67,67],"card_choices":[{"not_picked":["Setup","Dash","Predator"],"picked":"SKIP","floor":1},{"not_picked":["Masterful Stab","Quick Slash","Bane"],"picked":"SKIP","floor":4},{"not_picked":["Escape Plan","Acrobatics","Cloak And Dagger"],"picked":"SKIP","floor":5},{"not_picked":["Dagger Throw","Acrobatics"],"picked":"Backflip","floor":6},{"not_picked":["Dodge and Roll","Acrobatics"],"picked":"Flying Knee","floor":11},{"not_picked":["Slice","PiercingWail","Dodge and Roll"],"picked":"Singing Bowl","floor":12},{"not_picked":["Deflect","Poisoned Stab"],"picked":"Quick Slash","floor":13},{"not_picked":["Reflex","Caltrops","Blur"],"picked":"Singing Bowl","floor":14}],"player_experience":187072,"relics_obtained":[{"floor":6,"key":"Singing Bowl"},{"floor":9,"key":"Art of War"},{"floor":14,"key":"Snake Skull"}],"event_choices":[{"event_name":"Liars Game","player_choice":"agreed","floor":2,"damage_taken":0},{"event_name":"World of Goop","player_choice":"Left","floor":8,"damage_taken":0}],"boss_relics":[],"items_purged_floors":[3],"is_endless":false,"potions_floor_spawned":[1,5,12,14],"killed_by":"Hexaghost","ascension_level":0}