{"gold_per_floor":[117,133,146,156,166,196,213,213,294,294,310,310,58,58,58,179,179,203,226,226,247,162,202,202,216,239,208,208,121,140,164,164,289,289,304,318,278,293,313,313,6,30,30,48,48,69,94,94,94,94,94,94,23,59,59],"floor_reached":55,"playtime":5333,"items_purged":[],"score":647,"play_id":"cae3f9d3-b42f-4195-afc9-e6df58db1d21","local_time":"20190312155943","is_ascension_mode":false,"campfire_choices":[{"data":"Perfected Strike","floor":8,"key":"SMITH"},{"data":"Flame Barrier","floor":15,"key":"SMITH"},{"data":"Double Tap","floor":24,"key":"SMITH"},{"floor":28,"key":"REST"},{"data":"Armaments","floor":32,"key":"SMITH"},{"floor":40,"key":"REST"},{"floor":45,"key":"RECALL"},{"floor":49,"key":"REST"},{"floor":52,"key":"REST"}],"neow_cost":"NONE","seed_source_timestamp":918802920061733,"circlet_count":0,"master_deck":["Strike_R","Strike_R","Strike_R","Strike_R","Strike_R","Defend_R","Defend_R","Defend_R","Defend_R","Bash+1","Thunderclap+1","Perfected Strike+1","Iron Wave","Twin Strike","Flame Barrier+1","Disarm","Clothesline+1","Shrug It Off","Double Tap+1","Headbutt+1","Twin Strike+1","Cleave+1","Pommel Strike+1","Swift Strike+1","Shrug It Off+1","Ghostly Armor","Intimidate+1","Headbutt+1","Parasite","Iron Wave+1","Flex","Inflame"],"relics":["Burning Blood","Pen Nib","Molten Egg 2","Golden Idol","MealTicket","Busted Crown","Ancient Tea Set","FossilizedHelix","Tiny Chest","Fusion Hammer","Shuriken","Calipers","Mummified Hand"],"potions_floor_usage":[6,6,6,7,16,33,39,47,54,54,55],"damage_taken":[{"damage":7,"enemies":"2 Louse","floor":1,"turns":2},{"damage":6,"enemies":"Cultist","floor":2,"turns":3},{"damage":0,"enemies":"Small Slimes","floor":3,"turns":3},{"damage":14,"enemies":"Red Slaver","floor":4,"turns":5},{"damage":11,"enemies":"Exordium Wildlife","floor":5,"turns":4},{"damage":36,"enemies":"3 Sentries","floor":6,"turns":8},{"damage":1,"enemies":"2 Fungi Beasts","floor":7,"turns":3},{"damage":8,"enemies":"Gremlin Gang","floor":11,"turns":5},{"damage":33,"enemies":"The Guardian","floor":16,"turns":11},{"damage":8,"enemies":"Spheric Guardian","floor":18,"turns":4},{"damage":16,"enemies":"2 Thieves","floor":19,"turns":5},{"damage":9,"enemies":"Centurion and Healer","floor":21,"turns":9},{"damage":22,"enemies":"Gremlin Leader","floor":23,"turns":5},{"damage":0,"enemies":"Cultist and Chosen","floor":25,"turns":5},{"damage":5,"enemies":"Snake Plant","floor":30,"turns":3},{"damage":4,"enemies":"3 Cultists","floor":31,"turns":3},{"damage":62,"enemies":"Automaton","floor":33,"turns":6},{"damage":0,"enemies":"3 Shapes","floor":35,"turns":5},{"damage":22,"enemies":"3 Darklings","floor":36,"turns":6},{"damage":16,"enemies":"Maw","floor":38,"turns":8},{"damage":20,"enemies":"Transient","floor":39,"turns":5},{"damage":9,"enemies":"Writhing Mass","floor":42,"turns":7},{"damage":0,"enemies":"Sphere and 2 Shapes","floor":44,"turns":3},{"damage":8,"enemies":"3 Darklings","floor":46,"turns":3},{"damage":0,"enemies":"Jaw Worm Horde","floor":47,"turns":5},{"damage":48,"enemies":"Time Eater","floor":50,"turns":10},{"damage":24,"enemies":"Shield and Spear","floor":54,"turns":5},{"damage":71,"enemies":"The Heart","floor":55,"turns":3}],"seed_played":"2182655443882321526","potions_obtained":[{"floor":1,"key":"AttackPotion"},{"floor":3,"key":"SkillPotion"},{"floor":4,"key":"Poison Potion"},{"floor":6,"key":"Strength Potion"},{"floor":11,"key":"SkillPotion"},{"floor":25,"key":"FairyPotion"},{"floor":30,"key":"GamblersBrew"},{"floor":31,"key":"FearPotion"},{"floor":33,"key":"EssenceOfSteel"},{"floor":35,"key":"Strength Potion"},{"floor":42,"key":"Poison Potion"},{"floor":47,"key":"Fire Potion"},{"floor":54,"key":"Swift Potion"}],"is_trial":false,"path_per_floor":["?","?","?","M","?","M","?","?","M","?","M","?"],"character_chosen":"IRONCLAD","items_purchased":["MealTicket","Shrug It Off","Swift Strike+1","Shuriken","Headbutt+1","Inflame"],"campfire_rested":4,"item_purchase_floors":[13,13,29,41,41,53],"current_hp_per_floor":[79,79,80,72,67,37,42,42,42,42,40,40,40,40,40,13,80,78,68,68,65,65,49,49,55,55,55,79,80,80,80,80,24,80,80,64,64,54,40,64,79,76,76,80,80,78,80,80,80,38,80,80,80,62,0],"gold":59,"neow_bonus":"UPGRADE_CARD","is_prod":false,"is_daily":false,"chose_seed":false,"campfire_upgraded":4,"win_rate":0,"timestamp":1552417183,"path_taken":["M","M","M","M","M","E","M","R","T","?","M","?","$","?","R","BOSS","M","?","?","?","?","E","R","M","T","?","R","$","?","M","R","BOSS","M","M","?","M","M","R","$","M","T","M","R","M","?","?","R","BOSS","R","$","E","BOSS"],"build_version":"2019-01-23","purchased_purges":0,"victory":false,"max_hp_per_floor":[80,80,80,80,80,80,80,80,80,80,80,80,80,80,80,80,80,80,80,80,80,80,80,80,80,80,80,80,80,80,80,80,80,80,80,80,80,80,80,80,80,80,80,80,80,80,80,80,80,80,80,80,80,80,80],"card_choices":[{"not_picked":["Dropkick","Infernal Blade","Wild Strike"],"picked":"SKIP","floor":1},{"not_picked":["Clash","Hemokinesis"],"picked":"Thunderclap","floor":2},{"not_picked":["Wild Strike","Clash"],"picked":"Perfected Strike","floor":3},{"not_picked":["Clash","Flex"],"picked":"Iron Wave","floor":4},{"not_picked":["Pummel","Armaments"],"picked":"Twin Strike","floor":5},{"not_picked":["Reaper","Anger"],"picked":"Flame Barrier","floor":6},{"not_picked":["Dual Wield","Pommel Strike"],"picked":"Disarm","floor":7},{"not_picked":["Shrug It Off","Carnage+1"],"picked":"Clothesline+1","floor":11},{"not_picked":["Exhume","Impervious"],"picked":"Double Tap","floor":16},{"not_picked":[],"picked":"Headbutt+1","floor":18},{"not_picked":["Sever Soul+1"],"picked":"SKIP","floor":19},{"not_picked":[],"picked":"Twin Strike+1","floor":21},{"not_picked":[],"picked":"Cleave+1","floor":23},{"not_picked":[],"picked":"Pommel Strike+1","floor":25},{"not_picked":["Searing Blow+1"],"picked":"SKIP","floor":30},{"not_picked":[],"picked":"Armaments","floor":31},{"not_picked":[],"picked":"Shrug It Off+1","floor":35},{"not_picked":["Clash+1"],"picked":"SKIP","floor":36},{"not_picked":[],"picked":"Ghostly Armor","floor":38},{"not_picked":[],"picked":"Intimidate+1","floor":39},{"not_picked":[],"picked":"Iron Wave+1","floor":42},{"not_picked":["Hemokinesis+1"],"picked":"SKIP","floor":44},{"not_picked":[],"picked":"Flex","floor":46},{"not_picked":["Armaments"],"picked":"SKIP","floor":47},{"not_picked":["Clash+1"],"picked":"SKIP","floor":54}],"player_experience":291914,"relics_obtained":[{"floor":6,"key":"Pen Nib"},{"floor":9,"key":"Molten Egg 2"},{"floor":23,"key":"FossilizedHelix"},{"floor":43,"key":"Calipers"},{"floor":54,"key":"Mummified Hand"}],"event_choices":[{"damage_healed":0,"gold_gain":0,"player_choice":"Take Wound","damage_taken":0,"relics_obtained":["Golden Idol"],"max_hp_gain":0,"max_hp_loss":0,"event_name":"Golden Idol","floor":10,"gold_loss":0,"cards_obtained":["Injury"]},{"cards_removed":["Injury"],"damage_healed":0,"gold_gain":0,"player_choice":"Forget","damage_taken":0,"max_hp_gain":0,"max_hp_loss":0,"event_name":"Living Wall","floor":12,"gold_loss":0},{"damage_healed":0,"gold_gain":0,"player_choice":"Ignored","damage_taken":0,"max_hp_gain":0,"max_hp_loss":0,"event_name":"Purifier","floor":14,"gold_loss":0},{"damage_healed":0,"gold_gain":0,"player_choice":"Ignored","damage_taken":0,"max_hp_gain":0,"max_hp_loss":0,"event_name":"Purifier","floor":20,"gold_loss":0},{"damage_healed":0,"gold_gain":0,"player_choice":"Obtained Relic","damage_taken":0,"relics_obtained":["Ancient Tea Set"],"max_hp_gain":0,"max_hp_loss":0,"event_name":"Addict","floor":22,"gold_loss":85},{"damage_healed":0,"gold_gain":0,"player_choice":"Paid Gold","damage_taken":0,"relics_obtained":["Tiny Chest"],"max_hp_gain":0,"max_hp_loss":0,"event_name":"WeMeetAgain","floor":27,"gold_loss":61},{"damage_healed":0,"gold_gain":0,"player_choice":"Upgrade","damage_taken":0,"max_hp_gain":0,"max_hp_loss":0,"event_name":"Designer","floor":37,"gold_loss":40,"cards_upgraded":["Thunderclap"]},{"cards_removed":["Armaments"],"damage_healed":0,"gold_gain":0,"player_choice":"Removed Skill","damage_taken":0,"max_hp_gain":0,"max_hp_loss":0,"event_name":"Falling","floor":48,"gold_loss":0}],"is_beta":false,"boss_relics":[{"not_picked":["Runic Cube","Mark of Pain"],"picked":"Busted Crown"},{"not_picked":["Snecko Eye","Astrolabe"],"picked":"Fusion Hammer"}],"items_purged_floors":[],"is_endless":false,"potions_floor_spawned":[1,3,4,6,11,25,30,31,33,35,42,47,54],"killed_by":"The Heart","ascension_level":0}