{"gold_per_floor":[369,369,172,184,184,184,198,232,232,232,232],"floor_reached":11,"playtime":370,"items_purged":["Strike_R"],"score":110,"play_id":"4f4945b1-1a94-43c7-b4e4-ddbf96a780ab","local_time":"20190328004926","is_ascension_mode":true,"campfire_choices":[{"data":"Bash","floor":6,"key":"SMITH"}],"neow_cost":"PERCENT_DAMAGE","seed_source_timestamp":48243842548100,"circlet_count":0,"master_deck":["AscendersBane","Strike_R","Strike_R","Strike_R","Defend_R","Defend_R","Defend_R","Defend_R","Bash+1","True Grit+1","Ghostly Armor","True Grit","Sword Boomerang","Sword Boomerang"],"relics":["Burning Blood","Nunchaku","Meat on the Bone","Champion Belt"],"potions_floor_usage":[8],"damage_taken":[{"damage":16,"enemies":"Small Slimes","floor":1,"turns":4},{"damage":1,"enemies":"Jaw Worm","floor":4,"turns":7},{"damage":2,"enemies":"2 Louse","floor":7,"turns":5},{"damage":37,"enemies":"Gremlin Nob","floor":8,"turns":5},{"damage":30,"enemies":"Exordium Thugs","floor":11,"turns":4}],"seed_played":"7307775024366781162","potions_obtained":[{"floor":7,"key":"Regen Potion"}],"is_trial":false,"path_per_floor":["?","?","?"],"character_chosen":"IRONCLAD","items_purchased":["Ghostly Armor","True Grit"],"campfire_rested":0,"item_purchase_floors":[3,3],"current_hp_per_floor":[41,41,41,46,43,43,47,30,30,30,0],"gold":232,"neow_bonus":"TWO_FIFTY_GOLD","is_prod":false,"is_daily":false,"chose_seed":false,"campfire_upgraded":1,"win_rate":0,"timestamp":1553748566,"path_taken":["M","?","$","M","?","R","M","E","T","?","M"],"build_version":"2019-01-23","purchased_purges":1,"victory":false,"max_hp_per_floor":[80,80,80,80,80,80,80,80,80,80,80],"card_choices":[{"not_picked":["Havoc","Perfected Strike"],"picked":"True Grit","floor":1},{"not_picked":["Blood for Blood","Dropkick","Rupture"],"picked":"SKIP","floor":4},{"not_picked":["Twin Strike","Combust"],"picked":"Sword Boomerang","floor":7},{"not_picked":["Twin Strike","True Grit"],"picked":"Sword Boomerang","floor":8}],"player_experience":335161,"relics_obtained":[{"floor":8,"key":"Meat on the Bone"},{"floor":9,"key":"Champion Belt"}],"event_choices":[{"cards_removed":["Strike_R"],"damage_healed":0,"gold_gain":0,"player_choice":"Forget","damage_taken":0,"max_hp_gain":0,"max_hp_loss":0,"event_name":"Living Wall","floor":2,"gold_loss":0},{"damage_healed":0,"gold_gain":0,"player_choice":"Success","damage_taken":3,"relics_obtained":["Nunchaku"],"max_hp_gain":0,"max_hp_loss":0,"event_name":"Scrap Ooze","floor":5,"gold_loss":0},{"damage_healed":0,"gold_gain":0,"player_choice":"Forge","damage_taken":0,"max_hp_gain":0,"max_hp_loss":0,"event_name":"Accursed Blacksmith","floor":10,"gold_loss":0,"cards_upgraded":["True Grit"]}],"is_beta":false,"boss_relics":[],"items_purged_floors":[3],"is_endless":false,"potions_floor_spawned":[7],"killed_by":"Exordium Thugs","ascension_level":11}