{"gold_per_floor":[217,217,181,192,206,206,225,241,241,241,416,416,434,444,444,444],"floor_reached":16,"playtime":1430,"items_purged":[],"score":94,"play_id":"04693776-fe6c-4c3e-a57e-127d6be19924","local_time":"20190204120707","is_ascension_mode":false,"campfire_choices":[{"data":"Fusion","floor":6,"key":"SMITH"},{"data":"Gash","floor":10,"key":"SMITH"},{"data":"Glacier","floor":12,"key":"SMITH"},{"data":"Barrage","floor":15,"key":"SMITH"}],"neow_cost":"NONE","seed_source_timestamp":90031217439546,"circlet_count":0,"master_deck":["Strike_B","Strike_B","Strike_B","Strike_B","Defend_B","Defend_B","Defend_B","Defend_B","Zap","Dualcast","Cold Snap","Fusion+1","Cold Snap","Glacier+1","Gash+1","Doubt","Barrage+1"],"relics":["Cracked Core","PreservedInsect"],"potions_floor_usage":[16,16],"damage_taken":[{"damage":0,"enemies":"Small Slimes","floor":1,"turns":4},{"damage":0,"enemies":"Cultist","floor":4,"turns":4},{"damage":4,"enemies":"Jaw Worm","floor":5,"turns":4},{"damage":5,"enemies":"Blue Slaver","floor":7,"turns":4},{"damage":0,"enemies":"Large Slime","floor":8,"turns":4},{"damage":3,"enemies":"Lots of Slimes","floor":13,"turns":7},{"damage":2,"enemies":"Blue Slaver","floor":14,"turns":4},{"damage":67,"enemies":"The Guardian","floor":16,"turns":11}],"seed_played":"-7083567360492576837","potions_obtained":[{"floor":8,"key":"Energy Potion"},{"floor":13,"key":"Fire Potion"},{"floor":14,"key":"AttackPotion"}],"is_trial":false,"path_per_floor":["?","M","?"],"character_chosen":"DEFECT","items_purchased":["Fusion"],"campfire_rested":0,"item_purchase_floors":[3],"current_hp_per_floor":[75,75,75,75,71,71,66,66,66,66,66,66,63,61,61,0],"gold":444,"neow_bonus":"HUNDRED_GOLD","is_prod":false,"is_daily":false,"chose_seed":false,"campfire_upgraded":4,"win_rate":0.0,"timestamp":1549292827,"path_taken":["M","?","$","M","M","R","M","?","T","R","?","R","M","M","R","BOSS"],"build_version":"2019-01-23","purchased_purges":0,"victory":false,"max_hp_per_floor":[75,75,75,75,75,75,75,75,75,75,75,75,75,75,75,75],"card_choices":[{"not_picked":["Turbo","Rip and Tear"],"picked":"Cold Snap","floor":1},{"not_picked":["Force Field","Stack"],"picked":"Cold Snap","floor":4},{"not_picked":["Go for the Eyes","Barrage"],"picked":"Glacier","floor":5},{"not_picked":["Coolheaded","Genetic Algorithm"],"picked":"Gash","floor":7},{"not_picked":["Rip and Tear","Stack","Go for the Eyes"],"picked":"SKIP","floor":8},{"not_picked":["Hologram","Leap"],"picked":"Barrage","floor":13},{"not_picked":["Biased Cognition","White Noise","Heatsinks"],"picked":"SKIP","floor":14}],"player_experience":108506,"relics_obtained":[{"floor":9,"key":"PreservedInsect"}],"event_choices":[{"damage_healed":0,"gold_gain":0,"player_choice":"Bought 0 Potions","damage_taken":0,"max_hp_gain":0,"max_hp_loss":0,"event_name":"The Woman in Blue","floor":2,"gold_loss":0},{"damage_healed":0,"gold_gain":175,"player_choice":"AGREE","damage_taken":0,"max_hp_gain":0,"max_hp_loss":0,"event_name":"Liars Game","floor":11,"gold_loss":0,"cards_obtained":["Doubt"]}],"is_beta":false,"boss_relics":[],"items_purged_floors":[],"is_endless":false,"potions_floor_spawned":[8,13,14],"killed_by":"The Guardian","ascension_level":0}