{"gold_per_floor":[116,116,116,41,59,59,59,59,113,156,179,31,31,47,47,47],"floor_reached":16,"playtime":649,"items_purged":["Defend_G","Concentrate"],"score":123,"play_id":"191cd796-7e67-46bf-8270-979f772b34a7","local_time":"20180711113655","is_ascension_mode":false,"campfire_choices":[{"data":"Cloak And Dagger","floor":6,"key":"SMITH"},{"floor":8,"key":"REST"},{"data":"Cloak And Dagger","floor":13,"key":"SMITH"},{"data":"Backflip","floor":15,"key":"SMITH"}],"neow_cost":"","seed_source_timestamp":12579198635167,"circlet_count":0,"master_deck":["Defend_G","Defend_G","Defend_G","Strike_G","Strike_G","Strike_G","Strike_G","Strike_G","Survivor","Neutralize","Footwork","Backstab","Cloak And Dagger+1","Backflip+1","Cloak And Dagger+1"],"relics":["Ring of the Snake","Golden Idol","Prayer Wheel","Oddly Smooth Stone","Turnip"],"potions_floor_usage":[10,10],"damage_taken":[{"damage":4,"enemies":"Jaw Worm","floor":1,"turns":6},{"damage":0,"enemies":"Small Slimes","floor":5,"turns":6},{"damage":0,"enemies":"3 Sentries","floor":10,"turns":9},{"damage":0,"enemies":"2 Louse","floor":11,"turns":2},{"damage":1,"enemies":"Exordium Wildlife","floor":14,"turns":6},{"damage":51,"enemies":"Hexaghost","floor":16,"turns":11}],"seed_played":"-1730049204694584408","potions_obtained":[{"floor":1,"key":"SpeedPotion"},{"floor":5,"key":"Swift Potion"},{"floor":11,"key":"Regen Potion"},{"floor":14,"key":"Ancient Potion"}],"is_trial":false,"path_per_floor":["M","?","?","$","M","R","?","R","T","E","M","$","R","M","R"],"character_chosen":"THE_SILENT","items_purchased":["Cloak And Dagger"],"campfire_rested":1,"item_purchase_floors":[12],"current_hp_per_floor":[66,49,31,31,31,31,31,52,52,52,52,52,52,51,51,0],"gold":47,"neow_bonus":"","is_prod":false,"is_daily":false,"chose_seed":false,"campfire_upgraded":3,"win_rate":0,"timestamp":1531323415,"path_taken":["M","?","?","?","M","R","?","R","T","E","M","$","R","M","R","BOSS"],"build_version":"2018-07-05","purchased_purges":2,"victory":false,"max_hp_per_floor":[70,70,70,70,70,70,70,70,70,70,70,70,70,70,70,70],"card_choices":[{"not_picked":["Dagger Spray","Outmaneuver"],"picked":"Footwork","floor":1},{"not_picked":["Acrobatics","Escape Plan"],"picked":"Backstab","floor":5},{"not_picked":["Flechettes","Prepared"],"picked":"Cloak And Dagger","floor":5},{"not_picked":["Bane","Predator"],"picked":"Backflip","floor":10},{"not_picked":["Poisoned Stab","Choke"],"picked":"Concentrate","floor":11},{"not_picked":["Dagger Throw","Finisher","Prepared"],"picked":"SKIP","floor":11},{"not_picked":["Dagger Throw","Finisher","Prepared"],"picked":"SKIP","floor":11},{"not_picked":["Dagger Spray","Escape Plan","Calculated Gamble"],"picked":"SKIP","floor":14},{"not_picked":["Slice","Acrobatics","Infinite Blades"],"picked":"SKIP","floor":14}],"player_experience":212958,"relics_obtained":[{"floor":9,"key":"Oddly Smooth Stone"},{"floor":10,"key":"Turnip"}],"event_choices":[{"event_name":"Golden Idol","player_choice":"Take Damage","floor":2,"damage_taken":0},{"event_name":"Scrap Ooze","player_choice":"success","floor":3,"damage_taken":18},{"event_name":"Purifier","player_choice":"One Purge","floor":7,"damage_taken":0}],"boss_relics":[],"items_purged_floors":[4,12],"is_endless":false,"potions_floor_spawned":[1,5,11,14],"killed_by":"Hexaghost","ascension_level":0}