{"gold_per_floor":[116,128,46,65,45,71,86,86,111,111,170,170,203,222,222,324,324,334,37,55,32,45,73,73,103,175,192,223,322,349,349,349,446,446,463,477,95,95,111,146,77,104,128,128,143,43,43,59,59,59],"floor_reached":51,"playtime":3490,"items_purged":["Strike_G","Parasite"],"score":1209,"play_id":"719ea60f-d165-435e-88c0-a6bff430f641","local_time":"20190328223137","is_ascension_mode":true,"campfire_choices":[{"data":"Skewer","floor":8,"key":"SMITH"},{"floor":10,"key":"REST"},{"floor":12,"key":"REST"},{"data":"Neutralize","floor":15,"key":"SMITH"},{"data":"Caltrops","floor":32,"key":"SMITH"},{"data":"Caltrops","floor":47,"key":"SMITH"},{"data":"Finisher","floor":49,"key":"SMITH"}],"neow_cost":"PERCENT_DAMAGE","seed_source_timestamp":34329171979400,"circlet_count":0,"master_deck":["Defend_G+1","Defend_G+1","Defend_G+1","Defend_G+1","Defend_G+1","Strike_G+1","Strike_G+1","Survivor","Neutralize+1","Skewer+1","PiercingWail","After Image","Dash","Cloak And Dagger","Dagger Spray","Burst","Footwork","Backflip","Caltrops+1","Blade Dance+1","Ghostly","Ghostly","Ghostly","Ghostly","Ghostly","Noxious Fumes+1","Adrenaline","Prepared+1","Well Laid Plans+1","Caltrops+1","Bane+1","Finisher+1","Cloak And Dagger+1"],"relics":["Ring of the Snake","PreservedInsect","Dream Catcher","Tiny Chest","Bronze Scales","Sozu","Vajra","Tingsha","Bag of Preparation","Pear","Bird Faced Urn","Pocketwatch","Lizard Tail","Dead Branch","Potion Belt","Lantern","Blood Vial"],"potions_floor_usage":[6,11,16,30,33,39],"damage_taken":[{"damage":2,"enemies":"Jaw Worm","floor":1,"turns":7},{"damage":0,"enemies":"Cultist","floor":2,"turns":4},{"damage":2,"enemies":"2 Louse","floor":4,"turns":2},{"damage":18,"enemies":"Lagavulin","floor":6,"turns":10},{"damage":0,"enemies":"Large Slime","floor":7,"turns":6},{"damage":12,"enemies":"Gremlin Nob","floor":11,"turns":3},{"damage":8,"enemies":"Lagavulin","floor":13,"turns":8},{"damage":9,"enemies":"2 Fungi Beasts","floor":14,"turns":3},{"damage":7,"enemies":"Hexaghost","floor":16,"turns":10},{"damage":16,"enemies":"Chosen","floor":18,"turns":5},{"damage":4,"enemies":"Shell Parasite","floor":20,"turns":6},{"damage":3,"enemies":"3 Cultists","floor":22,"turns":6},{"damage":8,"enemies":"Slavers","floor":23,"turns":5},{"damage":1,"enemies":"Gremlin Leader","floor":25,"turns":6},{"damage":3,"enemies":"Snake Plant","floor":27,"turns":4},{"damage":0,"enemies":"Book of Stabbing","floor":28,"turns":5},{"damage":2,"enemies":"Slavers","floor":30,"turns":5},{"damage":0,"enemies":"Collector","floor":33,"turns":10},{"damage":0,"enemies":"3 Darklings","floor":35,"turns":5},{"damage":0,"enemies":"Orb Walker","floor":36,"turns":4},{"damage":0,"enemies":"Writhing Mass","floor":39,"turns":7},{"damage":4,"enemies":"Giant Head","floor":40,"turns":8},{"damage":1,"enemies":"Reptomancer","floor":42,"turns":5},{"damage":0,"enemies":"Jaw Worm Horde","floor":45,"turns":5},{"damage":2,"enemies":"Spire Growth","floor":48,"turns":7},{"damage":7,"enemies":"Donu and Deca","floor":50,"turns":9}],"seed_played":"-2139700229391421601","potions_obtained":[{"floor":4,"key":"AttackPotion"},{"floor":5,"key":"FearPotion"},{"floor":6,"key":"Ancient Potion"},{"floor":7,"key":"GhostInAJar"},{"floor":11,"key":"LiquidBronze"},{"floor":16,"key":"SteroidPotion"}],"is_trial":false,"path_per_floor":["?","M","?","?","?","?","M","?","$"],"character_chosen":"THE_SILENT","items_purchased":["After Image","Footwork","Vajra","Backflip","Caltrops","Dead Branch","Finisher"],"campfire_rested":2,"item_purchase_floors":[3,19,19,21,37,37,41],"current_hp_per_floor":[43,43,43,41,41,23,23,23,23,44,32,53,45,36,36,29,60,44,44,40,40,37,29,29,28,38,35,35,35,41,41,41,45,45,45,45,45,45,45,41,41,45,45,45,45,42,42,42,42,35],"gold":59,"neow_bonus":"TRANSFORM_TWO_CARDS","is_prod":false,"is_daily":false,"chose_seed":false,"campfire_upgraded":5,"win_rate":0,"timestamp":1553826697,"path_taken":["M","M","$","M","?","E","?","R","T","R","E","R","E","M","R","BOSS","M","$","M","$","M","E","?","E","T","M","E","?","E","?","R","BOSS","M","M","$","?","?","E","$","E","T","?","M","?","R","M","R","BOSS"],"build_version":"2019-01-23","purchased_purges":2,"victory":true,"max_hp_per_floor":[70,70,70,70,70,70,70,70,70,70,70,70,70,70,70,70,70,70,70,70,70,70,70,35,35,45,45,45,45,45,45,45,45,45,45,45,45,45,45,45,45,45,45,45,45,42,42,42,42,42],"card_choices":[{"not_picked":["Backflip","Bane"],"picked":"Skewer","floor":1},{"not_picked":["Deadly Poison","Concentrate"],"picked":"PiercingWail","floor":2},{"not_picked":["Distraction","All Out Attack"],"picked":"Dash","floor":4},{"not_picked":["Sucker Punch","Slice","Flying Knee"],"picked":"SKIP","floor":6},{"not_picked":["Acrobatics","Riddle With Holes","Eviscerate"],"picked":"SKIP","floor":7},{"not_picked":["Quick Slash","Dodge and Roll"],"picked":"Cloak And Dagger","floor":10},{"not_picked":["Blade Dance","Quick Slash","Deadly Poison"],"picked":"SKIP","floor":11},{"not_picked":["All Out Attack","Escape Plan"],"picked":"Dagger Spray","floor":12},{"not_picked":["Escape Plan","Acrobatics","Outmaneuver"],"picked":"SKIP","floor":13},{"not_picked":["Wraith Form v2","Bane","Outmaneuver"],"picked":"SKIP","floor":14},{"not_picked":["Storm of Steel","Grand Finale"],"picked":"Burst","floor":16},{"not_picked":["Deflect","Flying Knee","Dodge and Roll"],"picked":"SKIP","floor":18},{"not_picked":["Cloak And Dagger","Prepared","Quick Slash"],"picked":"SKIP","floor":20},{"not_picked":["Dash","Leg Sweep"],"picked":"Caltrops","floor":22},{"not_picked":["Dagger Throw+1","Skewer"],"picked":"Blade Dance+1","floor":23},{"not_picked":["Outmaneuver","Deflect+1","Phantasmal Killer"],"picked":"SKIP","floor":25},{"not_picked":["Blade Dance","Flying Knee+1"],"picked":"Noxious Fumes+1","floor":27},{"not_picked":["Blade Dance","Poisoned Stab","Deflect"],"picked":"SKIP","floor":28},{"not_picked":["Quick Slash","Dagger Throw","Endless Agony"],"picked":"SKIP","floor":30},{"not_picked":["Phantasmal Killer","Burst"],"picked":"Adrenaline","floor":33},{"not_picked":["Underhanded Strike","Poisoned Stab+1"],"picked":"Prepared+1","floor":35},{"not_picked":["Deflect+1","Bouncing Flask+1"],"picked":"Well Laid Plans+1","floor":36},{"not_picked":["Dagger Spray+1","Acrobatics+1","PiercingWail"],"picked":"SKIP","floor":39},{"not_picked":["Expertise+1","Calculated Gamble+1"],"picked":"Bane+1","floor":40},{"not_picked":["Deadly Poison","Expertise+1","A Thousand Cuts"],"picked":"SKIP","floor":42},{"not_picked":["Concentrate","Dagger Throw+1"],"picked":"Cloak And Dagger+1","floor":45},{"not_picked":["Deflect","Underhanded Strike","Well Laid Plans"],"picked":"SKIP","floor":48}],"player_experience":344246,"relics_obtained":[{"floor":6,"key":"PreservedInsect"},{"floor":9,"key":"Dream Catcher"},{"floor":11,"key":"Tiny Chest"},{"floor":13,"key":"Bronze Scales"},{"floor":23,"key":"Tingsha"},{"floor":25,"key":"Bag of Preparation"},{"floor":26,"key":"Pear"},{"floor":28,"key":"Bird Faced Urn"},{"floor":30,"key":"Pocketwatch"},{"floor":40,"key":"Potion Belt"},{"floor":42,"key":"Lantern"},{"floor":43,"key":"Blood Vial"}],"event_choices":[{"damage_healed":0,"gold_gain":0,"player_choice":"Bought 1 Potion","damage_taken":0,"max_hp_gain":0,"max_hp_loss":0,"event_name":"The Woman in Blue","floor":5,"gold_loss":0},{"damage_healed":0,"gold_gain":0,"player_choice":"Became a Ghost","damage_taken":0,"max_hp_gain":0,"max_hp_loss":35,"event_name":"Ghosts","floor":24,"gold_loss":0,"cards_obtained":["Ghostly","Ghostly","Ghostly","Ghostly","Ghostly"]},{"damage_healed":0,"gold_gain":99,"player_choice":"Stole From Cult","damage_taken":0,"max_hp_gain":0,"max_hp_loss":0,"event_name":"Nest","floor":29,"gold_loss":0},{"damage_healed":0,"gold_gain":0,"player_choice":"Simplicity","damage_taken":0,"max_hp_gain":0,"max_hp_loss":0,"event_name":"Back to Basics","floor":31,"gold_loss":0,"cards_upgraded":["Defend_G","Defend_G","Defend_G","Defend_G","Defend_G","Strike_G","Strike_G"]},{"cards_removed":["Slice"],"damage_healed":0,"gold_gain":0,"player_choice":"Purged","damage_taken":0,"max_hp_gain":0,"max_hp_loss":0,"event_name":"Purifier","floor":38,"gold_loss":0},{"cards_removed":["Deflect"],"damage_healed":0,"gold_gain":0,"player_choice":"Removed Skill","damage_taken":0,"max_hp_gain":0,"max_hp_loss":0,"event_name":"Falling","floor":44,"gold_loss":0}],"is_beta":false,"boss_relics":[{"not_picked":["Runic Pyramid","Calling Bell"],"picked":"Sozu"},{"not_picked":["HoveringKite","Runic Dome"],"picked":"Lizard Tail"}],"items_purged_floors":[19,46],"is_endless":false,"potions_floor_spawned":[4,6,7,11,16,23,25,30,40,42,48],"ascension_level":8}