{"gold_per_floor":[111,111,89,100,100,100,111,123,149,177,177,102,102,55,55,155,205,225,30,45,45,45,63,63,63,90,104,119,130,130,141,141,244,244,255,255,303,65,85,101,47,47,47,0,0,0,0,13,13,13],"floor_reached":51,"playtime":4056,"items_purged":["Decay"],"score":620,"play_id":"ebda25fd-4dc9-4b0a-9718-0fd632702594","local_time":"20190301073451","is_ascension_mode":false,"campfire_choices":[{"data":"Armaments","floor":6,"key":"SMITH"},{"data":"Flame Barrier","floor":13,"key":"SMITH"},{"data":"Body Slam","floor":15,"key":"SMITH"},{"data":"The Bomb","floor":24,"key":"SMITH"},{"data":"Barricade","floor":30,"key":"SMITH"},{"floor":32,"key":"REST"},{"data":"Body Slam","floor":42,"key":"SMITH"},{"data":"Flame Barrier","floor":49,"key":"SMITH"}],"neow_cost":"PERCENT_DAMAGE","seed_source_timestamp":113197864557282,"circlet_count":0,"master_deck":["Strike_R+1","Strike_R+1","Strike_R+1","Strike_R+1","Strike_R+1","Defend_R+1","Defend_R+1","Defend_R+1","Defend_R+1","Bash+1","Armaments+1","Metallicize","Heavy Blade","Headbutt","Flame Barrier+1","Body Slam+1","Bludgeon+1","Shrug It Off","The Bomb+1","Flame Barrier+1","Headbutt","Metallicize","Flame Barrier+1","Barricade+1","Cleave+1","Impervious","The Bomb","Finesse","Shrug It Off+1","Entrench+1","Body Slam+1"],"relics":["Burning Blood","StoneCalendar","Anchor","Dream Catcher","Tiny House","Red Skull","Coffee Dripper","Juzu Bracelet","Art of War","Potion Belt","Red Mask"],"potions_floor_usage":[8,18,20,29,33,33,33,33,33,33,50,50],"damage_taken":[{"damage":13,"enemies":"Jaw Worm","floor":1,"turns":6},{"damage":0,"enemies":"Cultist","floor":4,"turns":4},{"damage":4,"enemies":"2 Louse","floor":7,"turns":4},{"damage":10,"enemies":"Gremlin Gang","floor":8,"turns":6},{"damage":19,"enemies":"3 Sentries","floor":10,"turns":7},{"damage":16,"enemies":"Slime Boss","floor":16,"turns":9},{"damage":20,"enemies":"2 Thieves","floor":18,"turns":5},{"damage":22,"enemies":"Spheric Guardian","floor":20,"turns":6},{"damage":0,"enemies":"3 Cultists","floor":23,"turns":3},{"damage":0,"enemies":"Chosen and Byrds","floor":27,"turns":4},{"damage":13,"enemies":"Shelled Parasite and Fungi","floor":28,"turns":7},{"damage":24,"enemies":"Sentry and Sphere","floor":29,"turns":5},{"damage":13,"enemies":"Centurion and Healer","floor":31,"turns":6},{"damage":52,"enemies":"Champ","floor":33,"turns":12},{"damage":0,"enemies":"3 Darklings","floor":35,"turns":6},{"damage":5,"enemies":"3 Shapes","floor":39,"turns":3},{"damage":12,"enemies":"3 Darklings","floor":40,"turns":4},{"damage":8,"enemies":"Sphere and 2 Shapes","floor":48,"turns":7},{"damage":59,"enemies":"Donu and Deca","floor":50,"turns":11}],"seed_played":"-302671882845940788","potions_obtained":[{"floor":4,"key":"LiquidBronze"},{"floor":10,"key":"Strength Potion"},{"floor":16,"key":"Weak Potion"},{"floor":17,"key":"EntropicBrew"},{"floor":18,"key":"SteroidPotion"},{"floor":20,"key":"AttackPotion"},{"floor":29,"key":"Strength Potion"},{"floor":33,"key":"Ancient Potion"},{"floor":39,"key":"SkillPotion"}],"is_trial":false,"path_per_floor":["?","M","?","M","?","$","?","?","?","M","?","T","$","?","?","?"],"character_chosen":"IRONCLAD","items_purchased":["Armaments","Body Slam","The Bomb","Finesse","Art of War","Body Slam"],"campfire_rested":1,"item_purchase_floors":[3,14,19,38,38,41],"current_hp_per_floor":[49,49,49,55,55,55,57,53,53,40,66,66,66,66,66,56,85,71,71,55,55,55,61,61,61,61,67,60,42,42,35,60,14,85,85,85,85,85,85,79,79,79,79,79,79,79,79,77,77,24],"gold":13,"neow_bonus":"ONE_RARE_RELIC","is_prod":false,"is_daily":false,"chose_seed":false,"campfire_upgraded":7,"win_rate":0,"timestamp":1551436491,"path_taken":["M","?","$","?","?","R","M","?","T","E","?","?","R","$","R","BOSS","M","$","M","?","?","M","R","?","T","M","?","M","R","M","R","BOSS","M","?","?","?","M","M","$","R","T","?","?","?","$","M","R","BOSS"],"build_version":"2019-01-23","purchased_purges":1,"victory":true,"max_hp_per_floor":[80,80,80,80,80,80,80,80,80,80,80,80,80,80,80,80,85,85,85,85,85,85,85,85,85,85,85,85,85,85,85,85,85,85,85,85,85,85,85,85,85,85,85,85,81,81,81,81,81,81],"card_choices":[{"not_picked":["Armaments","Dual Wield"],"picked":"Shrug It Off","floor":1},{"not_picked":["Clash","Warcry"],"picked":"Metallicize","floor":4},{"not_picked":["Armaments","Second Wind"],"picked":"Heavy Blade","floor":7},{"not_picked":["Pummel","Shrug It Off"],"picked":"Headbutt","floor":8},{"not_picked":["Dropkick","Wild Strike"],"picked":"Flame Barrier","floor":10},{"not_picked":["Fiend Fire","Demon Form"],"picked":"Bludgeon","floor":16},{"not_picked":["Sword Boomerang","Cleave"],"picked":"Shrug It Off","floor":17},{"not_picked":["Feel No Pain","Whirlwind+1","Hemokinesis"],"picked":"SKIP","floor":18},{"not_picked":["Pommel Strike+1","Thunderclap"],"picked":"Flame Barrier+1","floor":20},{"not_picked":["Carnage","Thunderclap","Wild Strike"],"picked":"SKIP","floor":23},{"not_picked":["Battle Trance+1","Armaments"],"picked":"Metallicize","floor":27},{"not_picked":["Perfected Strike","Wild Strike"],"picked":"Flame Barrier","floor":28},{"not_picked":["Ghostly Armor+1","Rampage"],"picked":"Barricade","floor":29},{"not_picked":["Thunderclap","Havoc","Anger"],"picked":"SKIP","floor":31},{"not_picked":["Anger","Perfected Strike"],"picked":"Cleave+1","floor":32},{"not_picked":["Double Tap","Demon Form"],"picked":"Impervious","floor":33},{"not_picked":["Evolve+1","Warcry+1","Combust"],"picked":"SKIP","floor":35},{"not_picked":["Transmutation","Sadistic Nature"],"picked":"The Bomb","floor":36},{"not_picked":["Warcry","Shockwave+1"],"picked":"Shrug It Off+1","floor":39},{"not_picked":["Second Wind","Bloodletting+1"],"picked":"Entrench+1","floor":40},{"not_picked":["Wild Strike","Clothesline","Fire Breathing+1"],"picked":"SKIP","floor":48}],"player_experience":241245,"relics_obtained":[{"floor":9,"key":"Anchor"},{"floor":10,"key":"Dream Catcher"},{"floor":26,"key":"Red Skull"},{"floor":37,"key":"Juzu Bracelet"},{"floor":43,"key":"Potion Belt"}],"event_choices":[{"damage_healed":0,"gold_gain":0,"player_choice":"Upgraded","damage_taken":0,"max_hp_gain":0,"max_hp_loss":0,"event_name":"Upgrade Shrine","floor":2,"gold_loss":0,"cards_upgraded":["Bash"]},{"damage_healed":0,"gold_gain":0,"player_choice":"Cursed","damage_taken":0,"max_hp_gain":0,"max_hp_loss":0,"event_name":"Wheel of Change","floor":5,"gold_loss":0,"cards_obtained":["Decay"]},{"damage_healed":26,"gold_gain":0,"player_choice":"Banana","damage_taken":0,"max_hp_gain":0,"max_hp_loss":0,"event_name":"Big Fish","floor":11,"gold_loss":0},{"damage_healed":0,"gold_gain":0,"player_choice":"Read","damage_taken":0,"max_hp_gain":0,"max_hp_loss":0,"event_name":"The Library","floor":21,"gold_loss":0,"cards_obtained":["Headbutt"]},{"damage_healed":0,"gold_gain":0,"player_choice":"Simplicity","damage_taken":0,"max_hp_gain":0,"max_hp_loss":0,"event_name":"Back to Basics","floor":22,"gold_loss":0,"cards_upgraded":["Strike_R","Strike_R","Strike_R","Strike_R","Strike_R","Defend_R","Defend_R","Defend_R"]},{"damage_healed":0,"gold_gain":0,"player_choice":"Forge","damage_taken":0,"max_hp_gain":0,"max_hp_loss":0,"event_name":"Accursed Blacksmith","floor":25,"gold_loss":0,"cards_upgraded":["Bludgeon"]},{"damage_healed":0,"gold_gain":0,"player_choice":"Memory 1","damage_taken":0,"max_hp_gain":0,"max_hp_loss":0,"event_name":"SensoryStone","floor":36,"gold_loss":0},{"damage_healed":0,"gold_gain":0,"player_choice":"Paid","damage_taken":0,"relics_obtained":["Red Mask"],"max_hp_gain":0,"max_hp_loss":0,"event_name":"Tomb of Lord Red Mask","floor":44,"gold_loss":47},{"damage_healed":0,"gold_gain":0,"player_choice":"Max HP","damage_taken":0,"max_hp_gain":0,"max_hp_loss":4,"event_name":"Winding Halls","floor":45,"gold_loss":0},{"cards_removed":["Shrug It Off"],"damage_healed":0,"gold_gain":0,"player_choice":"Removed Skill","damage_taken":0,"max_hp_gain":0,"max_hp_loss":0,"event_name":"Falling","floor":46,"gold_loss":0}],"is_beta":false,"boss_relics":[{"not_picked":["Pandora\u0027s Box","Runic Dome"],"picked":"Tiny House"},{"not_picked":["Black Blood","Snecko Eye"],"picked":"Coffee Dripper"}],"items_purged_floors":[12],"is_endless":false,"potions_floor_spawned":[4,10,16,18,20,29,33,39],"ascension_level":0}