{"gold_per_floor":[119,130,147,167,187,216,216,216,216,216,232,246,279,50,50,147,147,136,150,110,126,145,145,180,196,222,237,251,251,266,299,299,394,394,412,121,221,221,221,252,264,264,287,336,348,394,406,429,441,453,465,477,61,87,87],"floor_reached":56,"playtime":6805,"items_purged":["Strike_R","Strike_R"],"score":1286,"play_id":"33b46785-ed30-4e31-ab71-c6f4739f1dfe","local_time":"20190316225741","is_ascension_mode":false,"campfire_choices":[{"floor":7.0,"key":"REST"},{"data":"Metallicize","floor":15.0,"key":"SMITH"},{"data":"Shockwave","floor":23.0,"key":"SMITH"},{"data":"Armaments","floor":29.0,"key":"SMITH"},{"data":"Fiend Fire","floor":32.0,"key":"SMITH"},{"floor":42,"key":"RECALL"},{"data":"Feel No Pain","floor":45,"key":"SMITH"},{"data":"Demon Form","floor":49,"key":"SMITH"},{"data":"Heavy Blade","floor":52,"key":"SMITH"}],"neow_cost":"NONE","seed_source_timestamp":0,"circlet_count":0,"master_deck":["Strike_R","Strike_R","Strike_R","Defend_R","Defend_R","Defend_R","Defend_R","Bash","Clothesline+1","Cleave","Uppercut","Heavy Blade+1","Exhume","Pommel Strike","Limit Break+1","Metallicize+1","Fiend Fire+1","Shockwave+1","Warcry+1","Feel No Pain+1","Headbutt","Armaments+1","Inflame+1","Dropkick","Iron Wave","Seeing Red","Demon Form+1","Corruption","Havoc","Iron Wave"],"special_seed":0,"relics":["Burning Blood","Mango","PreservedInsect","Red Skull","Blood Vial","Snecko Eye","Mercury Hourglass","Strawberry","Lantern","Busted Crown","Happy Flower","Bird Faced Urn","Singing Bowl","MawBank","Letter Opener","Boot","Bag of Marbles"],"potions_floor_usage":[50,50,50,55,55],"damage_taken":[{"damage":6.0,"enemies":"Cultist","floor":1.0,"turns":4.0},{"damage":6.0,"enemies":"Jaw Worm","floor":2.0,"turns":4.0},{"damage":12.0,"enemies":"Small Slimes","floor":3.0,"turns":4.0},{"damage":17.0,"enemies":"Gremlin Gang","floor":4.0,"turns":3.0},{"damage":5.0,"enemies":"Red Slaver","floor":5.0,"turns":4.0},{"damage":67.0,"enemies":"Lagavulin","floor":6.0,"turns":10.0},{"damage":5.0,"enemies":"3 Louse","floor":11.0,"turns":3.0},{"damage":11.0,"enemies":"Blue Slaver","floor":12.0,"turns":3.0},{"damage":12.0,"enemies":"3 Sentries","floor":13.0,"turns":5.0},{"damage":31.0,"enemies":"The Guardian","floor":16.0,"turns":9.0},{"damage":27.0,"enemies":"2 Thieves","floor":18.0,"turns":4.0},{"damage":1.0,"enemies":"Shell Parasite","floor":19.0,"turns":3.0},{"damage":6.0,"enemies":"Centurion and Healer","floor":21.0,"turns":5.0},{"damage":6.0,"enemies":"Cultist and Chosen","floor":22.0,"turns":4.0},{"damage":19.0,"enemies":"Book of Stabbing","floor":24.0,"turns":4.0},{"damage":29.0,"enemies":"Shelled Parasite and Fungi","floor":25.0,"turns":4.0},{"damage":9.0,"enemies":"Chosen and Byrds","floor":27.0,"turns":6.0},{"damage":10.0,"enemies":"Cultist and Chosen","floor":28.0,"turns":4.0},{"damage":9.0,"enemies":"Snecko","floor":30.0,"turns":4.0},{"damage":11.0,"enemies":"Gremlin Leader","floor":31.0,"turns":5.0},{"damage":19.0,"enemies":"Champ","floor":33.0,"turns":8.0},{"damage":7.0,"enemies":"3 Darklings","floor":35.0,"turns":4.0},{"damage":19.0,"enemies":"Mind Bloom Boss Battle","floor":37.0,"turns":5.0},{"damage":23.0,"enemies":"Nemesis","floor":40.0,"turns":5.0},{"damage":17,"enemies":"3 Shapes","floor":41,"turns":7},{"damage":5,"enemies":"Reptomancer","floor":46,"turns":4},{"damage":0,"enemies":"Transient","floor":48,"turns":5},{"damage":108,"enemies":"Awakened One","floor":50,"turns":9},{"damage":31,"enemies":"Shield and Spear","floor":54,"turns":4},{"damage":105,"enemies":"The Heart","floor":55,"turns":8}],"seed_played":"3900301145846089448","potions_obtained":[{"floor":3.0,"key":"FearPotion"},{"floor":4.0,"key":"Energy Potion"},{"floor":11.0,"key":"FearPotion"},{"floor":18.0,"key":"Energy Potion"},{"floor":21.0,"key":"Dexterity Potion"},{"floor":24.0,"key":"Block Potion"},{"floor":27.0,"key":"Block Potion"},{"floor":30.0,"key":"BloodPotion"},{"floor":41,"key":"Block Potion"}],"is_trial":false,"path_per_floor":["?","T","M","?","M","?","?","?","T","?"],"character_chosen":"IRONCLAD","items_purchased":["Limit Break","Metallicize","Corruption","Happy Flower","Fire Potion","Ancient Potion","Iron Wave","Boot"],"campfire_rested":1,"item_purchase_floors":[14,14,36,36,53,53,53,53],"current_hp_per_floor":[88,88,82,71,72,25,55,55,55,55,56,51,45,45,45,22,102,81,88,88,90,92,92,81,60,67,66,64,64,63,60,60,49,109,108,108,96,96,96,89,92,92,92,92,92,103,103,117,117,34,117,117,117,98,9],"gold":87,"neow_bonus":"TEN_PERCENT_HP_BONUS","is_prod":false,"is_daily":false,"chose_seed":false,"campfire_upgraded":7,"win_rate":0,"timestamp":1552787861,"path_taken":["M","M","M","M","M","E","R","?","T","?","?","M","E","$","R","BOSS","M","M","?","M","M","R","E","M","T","M","?","R","M","E","R","BOSS","M","$","?","?","?","E","M","R","T","?","R","E","?","M","R","BOSS","R","$","E","BOSS"],"build_version":"2019-01-23","purchased_purges":2,"victory":true,"max_hp_per_floor":[88,88,88,88,88,102,102,102,102,102,102,102,102,102,102,102,102,102,102,102,102,102,102,102,102,109,109,109,109,109,109,109,109,109,109,109,109,109,109,111,113,113,113,113,113,115,115,117,117,117,117,117,117,119,119],"card_choices":[{"not_picked":["Rampage","Wild Strike"],"picked":"Clothesline","floor":1.0},{"not_picked":["Wild Strike","Warcry"],"picked":"Cleave","floor":2.0},{"not_picked":["Combust","Evolve","Anger"],"picked":"SKIP","floor":3.0},{"not_picked":["Ghostly Armor","Hemokinesis"],"picked":"Uppercut","floor":4.0},{"not_picked":["Cleave","Havoc"],"picked":"Heavy Blade","floor":5.0},{"not_picked":["Bludgeon","Warcry"],"picked":"Exhume","floor":6.0},{"not_picked":["Perfected Strike","Flex"],"picked":"Pommel Strike","floor":11.0},{"not_picked":["Reckless Charge","Sword Boomerang","Power Through"],"picked":"SKIP","floor":12.0},{"not_picked":["Heavy Blade","Wild Strike"],"picked":"Pummel","floor":13.0},{"not_picked":["Offering","Berserk"],"picked":"Fiend Fire","floor":16.0},{"not_picked":["Havoc","Perfected Strike"],"picked":"Shockwave","floor":18.0},{"not_picked":["Seeing Red","Hemokinesis+1"],"picked":"Warcry+1","floor":19.0},{"not_picked":["Battle Trance","Searing Blow"],"picked":"Feel No Pain","floor":21.0},{"not_picked":["Second Wind+1","Whirlwind+1","Heavy Blade+1"],"picked":"SKIP","floor":22.0},{"not_picked":["Second Wind+1","Whirlwind+1","Heavy Blade+1"],"picked":"SKIP","floor":22.0},{"not_picked":["Immolate","Warcry"],"picked":"Headbutt","floor":24.0},{"not_picked":["Perfected Strike","Heavy Blade"],"picked":"Armaments","floor":25.0},{"not_picked":["Entrench","Thunderclap"],"picked":"Inflame+1","floor":27.0},{"not_picked":["Clothesline","Perfected Strike"],"picked":"Dropkick","floor":28.0},{"not_picked":["Cleave+1","Power Through"],"picked":"Iron Wave","floor":30.0},{"not_picked":["Whirlwind","Cleave"],"picked":"Seeing Red","floor":31.0},{"not_picked":["Offering","Bludgeon"],"picked":"Demon Form","floor":33.0},{"not_picked":["Clash"],"picked":"SKIP","floor":35.0},{"not_picked":[],"picked":"Havoc","floor":37.0},{"not_picked":["Sword Boomerang+1"],"picked":"Singing Bowl","floor":40},{"not_picked":["Havoc"],"picked":"Singing Bowl","floor":41},{"not_picked":["Twin Strike"],"picked":"Singing Bowl","floor":46},{"not_picked":["Twin Strike+1"],"picked":"Singing Bowl","floor":48},{"not_picked":["Intimidate+1"],"picked":"Singing Bowl","floor":54}],"player_experience":321897,"relics_obtained":[{"floor":6.0,"key":"Mango"},{"floor":9.0,"key":"PreservedInsect"},{"floor":10.0,"key":"Red Skull"},{"floor":13.0,"key":"Blood Vial"},{"floor":24.0,"key":"Mercury Hourglass"},{"floor":26.0,"key":"Strawberry"},{"floor":31.0,"key":"Lantern"},{"floor":37.0,"key":"Bird Faced Urn"},{"floor":40,"key":"Singing Bowl"},{"floor":44,"key":"MawBank"},{"floor":46,"key":"Letter Opener"},{"floor":54,"key":"Bag of Marbles"}],"event_choices":[{"damage_healed":0.0,"max_hp_gain":0.0,"max_hp_loss":0.0,"gold_gain":0.0,"event_name":"Living Wall","player_choice":"Grow","floor":8.0,"gold_loss":0.0,"damage_taken":0.0,"cards_upgraded":["Clothesline"]},{"damage_healed":0.0,"max_hp_gain":0.0,"max_hp_loss":0.0,"gold_gain":0.0,"event_name":"Designer","player_choice":"Upgrade","floor":20.0,"gold_loss":40.0,"damage_taken":0.0,"cards_upgraded":["Limit Break"]},{"damage_healed":0.0,"max_hp_gain":0.0,"max_hp_loss":0.0,"gold_gain":0.0,"event_name":"MindBloom","player_choice":"Fight","floor":37.0,"gold_loss":0.0,"damage_taken":0.0},{"damage_healed":0.0,"max_hp_gain":0.0,"max_hp_loss":0.0,"gold_gain":0.0,"event_name":"SensoryStone","player_choice":"Memory 1","floor":38.0,"gold_loss":0.0,"damage_taken":0.0},{"damage_healed":0.0,"max_hp_gain":0.0,"max_hp_loss":0.0,"gold_gain":0.0,"event_name":"Tomb of Lord Red Mask","player_choice":"Ignored","floor":39.0,"gold_loss":0.0,"damage_taken":0.0},{"cards_removed":["Pummel"],"damage_healed":0,"gold_gain":0,"player_choice":"Removed Attack","damage_taken":0,"max_hp_gain":0,"max_hp_loss":0,"event_name":"Falling","floor":47,"gold_loss":0}],"is_beta":false,"boss_relics":[{"not_picked":["Astrolabe","Fusion Hammer"],"picked":"Snecko Eye"},{"not_picked":["Empty Cage","Black Blood"],"picked":"Busted Crown"}],"items_purged_floors":[36,53],"is_endless":false,"potions_floor_spawned":[3,4,11,18,21,24,27,30,31,41,48],"ascension_level":0}