{"gold_per_floor":[117,136,136,61,76,76,101,117,117,17,17,34,51,64,64,159,159,169,94,193,68,68,68,68],"floor_reached":24,"playtime":1185,"items_purged":["Defend_G","Defend_G","Defend_G"],"score":196,"play_id":"606a1933-9ab1-49fd-9a0d-061eee46b0de","local_time":"20180707164516","is_ascension_mode":false,"campfire_choices":[{"data":"Bouncing Flask","floor":6,"key":"SMITH"},{"floor":11,"key":"REST"},{"floor":15,"key":"REST"},{"data":"Catalyst","floor":23,"key":"SMITH"}],"neow_cost":"NONE","seed_source_timestamp":0,"circlet_count":0,"master_deck":["Defend_G","Defend_G","Strike_G","Strike_G","Strike_G","Survivor","Neutralize","Bouncing Flask+1","Noxious Fumes","Catalyst+1","Backflip","Burst","Prepared"],"special_seed":0,"relics":["White Beast Statue","Ancient Tea Set","Frozen Egg 2","Juzu Bracelet","Philosopher\u0027s Stone"],"potions_floor_usage":[2,7,8,12,12,16,16,24,24,24],"damage_taken":[{"damage":1.0,"enemies":"Cultist","floor":1.0,"turns":4.0},{"damage":2,"enemies":"Jaw Worm","floor":2,"turns":4},{"damage":6,"enemies":"Small Slimes","floor":5,"turns":3},{"damage":47,"enemies":"Gremlin Nob","floor":7,"turns":5},{"damage":11,"enemies":"3 Louse","floor":8,"turns":3},{"damage":0,"enemies":"2 Fungi Beasts","floor":12,"turns":3},{"damage":4,"enemies":"Red Slaver","floor":13,"turns":3},{"damage":4,"enemies":"Looter","floor":14,"turns":4},{"damage":7,"enemies":"Hexaghost","floor":16,"turns":6},{"damage":12,"enemies":"Shell Parasite","floor":18,"turns":2},{"damage":61,"enemies":"Slavers","floor":24,"turns":5}],"seed_played":"-7450397729890944939","potions_obtained":[{"floor":1.0,"key":"Strength Potion"},{"floor":2,"key":"Ancient Potion"},{"floor":5,"key":"Poison Potion"},{"floor":7,"key":"PowerPotion"},{"floor":8,"key":"SpeedPotion"},{"floor":12,"key":"FearPotion"},{"floor":13,"key":"SkillPotion"},{"floor":14,"key":"Weak Potion"},{"floor":16,"key":"Weak Potion"},{"floor":18,"key":"AttackPotion"}],"is_trial":false,"path_per_floor":["M","M","?","$","M","R","E","M","T","$","R","M","M","M","R","B",null,"M","?","?","$","?","R"],"character_chosen":"THE_SILENT","items_purchased":[],"campfire_rested":2,"item_purchase_floors":[],"current_hp_per_floor":[69,67,67,67,61,61,14,3,3,3,24,24,20,16,37,30,70,58,58,58,58,58,58,0],"gold":68,"neow_bonus":"BOSS_RELIC","is_prod":false,"is_daily":false,"chose_seed":false,"campfire_upgraded":2,"win_rate":0.0,"timestamp":1530996316,"path_taken":["M","M","?","$","M","R","E","M","T","$","R","M","M","M","R","BOSS","M","?","?","$","?","R","E"],"build_version":"2018-07-05","purchased_purges":3,"victory":false,"max_hp_per_floor":[70,70,70,70,70,70,70,70,70,70,70,70,70,70,70,70,70,70,70,70,70,70,70,70],"card_choices":[{"not_picked":["Bouncing Flask","Skewer","Acrobatics"],"picked":"SKIP","floor":1.0},{"not_picked":["Skewer","Acrobatics"],"picked":"Bouncing Flask","floor":1.0},{"not_picked":["Blade Dance","Deflect"],"picked":"Noxious Fumes","floor":2},{"not_picked":["Heel Hook","Slice","Backflip"],"picked":"SKIP","floor":5},{"not_picked":["Storm of Steel","Heel Hook","Crippling Poison"],"picked":"SKIP","floor":7},{"not_picked":["Cloak And Dagger","Dagger Spray","Calculated Gamble"],"picked":"SKIP","floor":8},{"not_picked":["Underhanded Strike","Slice"],"picked":"Catalyst","floor":12},{"not_picked":["Caltrops+1","Predator","Dagger Spray"],"picked":"SKIP","floor":13},{"not_picked":["Bane","Cloak And Dagger"],"picked":"Backflip","floor":14},{"not_picked":["Storm of Steel","Wraith Form v2+1"],"picked":"Burst","floor":16},{"not_picked":["Predator+1","Sucker Punch"],"picked":"Prepared","floor":18}],"player_experience":116837,"relics_obtained":[{"floor":7,"key":"Frozen Egg 2"},{"floor":9,"key":"Juzu Bracelet"}],"event_choices":[{"event_name":"Wheel of Change","player_choice":"Relic","floor":3,"damage_taken":0},{"event_name":"Beggar","player_choice":"Gave Gold","floor":19,"damage_taken":0},{"event_name":"Nest","player_choice":"Stole From Cult","floor":20,"damage_taken":0},{"event_name":"Back to Basics","player_choice":"Elegance","floor":22,"damage_taken":0}],"boss_relics":[{"not_picked":["Coffee Dripper","Pandora\u0027s Box"],"picked":"Philosopher\u0027s Stone"}],"items_purged_floors":[4,10,21],"is_endless":false,"potions_floor_spawned":[1,2,5,7,8,12,13,14,16,18],"killed_by":"Slavers","ascension_level":0}