{"gold_per_floor":[119,134,154,164,164,199,214,214,214,8,19,19,50,50,50,155,155,167,182,194,204,224,252,252,264,264,364,378,394,409,409,409,409],"floor_reached":33,"playtime":2704,"items_purged":[],"score":285,"play_id":"be8f20ab-3a90-4d85-adaf-aa11284a1c60","local_time":"20190316161746","is_ascension_mode":false,"campfire_choices":[{"data":"Metallicize","floor":8,"key":"SMITH"},{"data":"Anger","floor":12,"key":"SMITH"},{"data":"Immolate","floor":15,"key":"SMITH"},{"floor":24,"key":"REST"},{"floor":32,"key":"REST"}],"neow_cost":"NONE","seed_source_timestamp":269348120838512,"circlet_count":0,"master_deck":["Strike_R","Strike_R","Strike_R","Strike_R","Strike_R","Defend_R","Defend_R","Defend_R","Defend_R","Bash","Impervious","Anger+1","Twin Strike","Headbutt","Metallicize+1","Cleave","Warcry","Immolate+1","Demon Form","Pommel Strike+1","Feel No Pain","Sentinel"],"relics":["Burning Blood","Lantern","StoneCalendar","Sling","Bottled Flame","Busted Crown","Ice Cream","Juzu Bracelet","Incense Burner","Dodecahedron"],"potions_floor_usage":[6,13,23,27,27,30,33,33,33],"damage_taken":[{"damage":11,"enemies":"2 Louse","floor":1,"turns":4},{"damage":0,"enemies":"Small Slimes","floor":2,"turns":4},{"damage":1,"enemies":"Cultist","floor":3,"turns":3},{"damage":3,"enemies":"Large Slime","floor":4,"turns":6},{"damage":9,"enemies":"3 Sentries","floor":6,"turns":7},{"damage":4,"enemies":"Blue Slaver","floor":7,"turns":4},{"damage":4,"enemies":"Red Slaver","floor":11,"turns":3},{"damage":12,"enemies":"Gremlin Nob","floor":13,"turns":3},{"damage":41,"enemies":"The Guardian","floor":16,"turns":8},{"damage":5,"enemies":"Chosen","floor":18,"turns":4},{"damage":13,"enemies":"Shell Parasite","floor":19,"turns":4},{"damage":28,"enemies":"Snake Plant","floor":20,"turns":4},{"damage":5,"enemies":"Cultist and Chosen","floor":21,"turns":4},{"damage":0,"enemies":"Centurion and Healer","floor":22,"turns":5},{"damage":54,"enemies":"Book of Stabbing","floor":23,"turns":6},{"damage":16,"enemies":"Snake Plant","floor":25,"turns":5},{"damage":0,"enemies":"Colosseum Slavers","floor":27,"turns":1},{"damage":7,"enemies":"Colosseum Nobs","floor":27,"turns":3},{"damage":5,"enemies":"3 Cultists","floor":28,"turns":4},{"damage":11,"enemies":"Centurion and Healer","floor":29,"turns":2},{"damage":28,"enemies":"Shelled Parasite and Fungi","floor":30,"turns":5},{"damage":55,"enemies":"Champ","floor":33,"turns":10}],"seed_played":"-1637765423491043243","potions_obtained":[{"floor":4,"key":"Explosive Potion"},{"floor":6,"key":"Fire Potion"},{"floor":13,"key":"Explosive Potion"},{"floor":16,"key":"Swift Potion"},{"floor":20,"key":"SpeedPotion"},{"floor":22,"key":"Dexterity Potion"},{"floor":23,"key":"BloodPotion"},{"floor":29,"key":"Block Potion"},{"floor":30,"key":"Fire Potion"},{"floor":31,"key":"LiquidBronze"}],"is_trial":false,"path_per_floor":["?","?","M","?","?"],"character_chosen":"IRONCLAD","items_purchased":["Sling"],"campfire_rested":2,"item_purchase_floors":[10],"current_hp_per_floor":[75,80,80,80,85,82,84,84,84,84,85,85,79,79,79,44,85,85,78,56,57,63,15,40,30,30,43,44,39,17,17,42,0],"gold":409,"neow_bonus":"ONE_RANDOM_RARE_CARD","is_prod":false,"is_daily":false,"chose_seed":false,"campfire_upgraded":3,"win_rate":0,"timestamp":1552763866,"path_taken":["M","M","M","M","?","E","M","R","T","$","M","R","E","?","R","BOSS","M","M","M","?","M","E","R","M","T","?","M","M","M","?","R","BOSS"],"build_version":"2019-01-23","purchased_purges":0,"victory":false,"max_hp_per_floor":[80,80,80,80,85,85,85,85,85,85,85,85,85,85,85,85,85,85,85,85,85,85,85,85,85,85,85,85,85,85,85,85,85],"card_choices":[{"not_picked":["Warcry","True Grit"],"picked":"Anger","floor":1},{"not_picked":["Wild Strike","Body Slam"],"picked":"Twin Strike","floor":2},{"not_picked":["Twin Strike","Armaments"],"picked":"Headbutt","floor":3},{"not_picked":["Clothesline","Sever Soul"],"picked":"Metallicize","floor":4},{"not_picked":["Headbutt","Sword Boomerang","Brutality"],"picked":"SKIP","floor":6},{"not_picked":["Combust","Warcry"],"picked":"Cleave","floor":7},{"not_picked":["Fire Breathing","Body Slam"],"picked":"Warcry","floor":11},{"not_picked":["Clash","Anger"],"picked":"Immolate","floor":13},{"not_picked":["Feed","Juggernaut"],"picked":"Demon Form","floor":16},{"not_picked":["Flex+1"],"picked":"SKIP","floor":18},{"not_picked":["Wild Strike"],"picked":"SKIP","floor":19},{"not_picked":[],"picked":"Pommel Strike+1","floor":20},{"not_picked":["Spot Weakness"],"picked":"SKIP","floor":21},{"not_picked":[],"picked":"Feel No Pain","floor":22},{"not_picked":["Anger"],"picked":"SKIP","floor":23},{"not_picked":["Warcry"],"picked":"SKIP","floor":25},{"not_picked":[],"picked":"Sentinel","floor":28},{"not_picked":["Carnage"],"picked":"SKIP","floor":29},{"not_picked":["Blood for Blood"],"picked":"SKIP","floor":30}],"player_experience":319193,"relics_obtained":[{"floor":6,"key":"Lantern"},{"floor":9,"key":"StoneCalendar"},{"floor":13,"key":"Bottled Flame"},{"floor":23,"key":"Ice Cream"},{"floor":26,"key":"Juzu Bracelet"},{"floor":27,"key":"Incense Burner"},{"floor":27,"key":"Dodecahedron"}],"event_choices":[{"damage_healed":0,"gold_gain":0,"player_choice":"Donut","damage_taken":0,"max_hp_gain":5,"max_hp_loss":0,"event_name":"Big Fish","floor":5,"gold_loss":0},{"damage_healed":0,"gold_gain":0,"player_choice":"Ignored","damage_taken":0,"max_hp_gain":0,"max_hp_loss":0,"event_name":"NoteForYourself","floor":14,"gold_loss":0},{"damage_healed":0,"gold_gain":0,"player_choice":"Fight","damage_taken":0,"max_hp_gain":0,"max_hp_loss":0,"event_name":"Colosseum","floor":27,"gold_loss":0},{"damage_healed":0,"gold_gain":0,"player_choice":"Fought Nobs","damage_taken":0,"max_hp_gain":0,"max_hp_loss":0,"event_name":"Colosseum","floor":27,"gold_loss":0},{"damage_healed":0,"gold_gain":0,"player_choice":"Got Potions","damage_taken":0,"max_hp_gain":0,"max_hp_loss":0,"event_name":"Lab","floor":31,"gold_loss":0}],"is_beta":false,"boss_relics":[{"not_picked":["Snecko Eye","Astrolabe"],"picked":"Busted Crown"}],"items_purged_floors":[],"is_endless":false,"potions_floor_spawned":[4,6,13,16,20,22,23,27,29,30],"killed_by":"Champ","ascension_level":0}