{"gold_per_floor":[110,120,133,133,133,133,149,149,175,198,242,3,26,47,47,47],"floor_reached":16,"playtime":1982,"items_purged":[],"score":109,"play_id":"575579eb-0019-4910-b02e-bdbaec4fc978","local_time":"20180919082422","is_ascension_mode":true,"campfire_choices":[{"floor":6.0,"key":"REST"},{"data":"Predator","floor":8.0,"key":"SMITH"},{"floor":15,"key":"REST"}],"neow_cost":"NONE","seed_source_timestamp":0,"circlet_count":0,"master_deck":["Defend_G+1","Defend_G","Defend_G","Defend_G","Defend_G","Strike_G","Strike_G","Strike_G","Strike_G","Strike_G","Survivor","Neutralize","Bouncing Flask","Acrobatics","Predator+1","Backflip","Cloak And Dagger"],"special_seed":0,"relics":["Ring of the Snake","Golden Idol","Strawberry","Snake Skull","Gremlin Horn"],"potions_floor_usage":[],"damage_taken":[{"damage":1.0,"enemies":"Cultist","floor":1.0,"turns":4.0},{"damage":8.0,"enemies":"Jaw Worm","floor":2.0,"turns":3.0},{"damage":0.0,"enemies":"Small Slimes","floor":3.0,"turns":3.0},{"damage":12.0,"enemies":"Blue Slaver","floor":7.0,"turns":3.0},{"damage":27.0,"enemies":"Exordium Thugs","floor":10.0,"turns":4.0},{"damage":24.0,"enemies":"3 Sentries","floor":11.0,"turns":8.0},{"damage":0.0,"enemies":"Large Slime","floor":13.0,"turns":4.0},{"damage":7,"enemies":"3 Louse","floor":14,"turns":2},{"damage":0,"enemies":"Slime Boss","floor":16,"turns":1}],"seed_played":"8866953986833187035","potions_obtained":[{"floor":1.0,"key":"Energy Potion"},{"floor":3.0,"key":"Energy Potion"},{"floor":11.0,"key":"FearPotion"}],"is_trial":false,"path_per_floor":["M","M","M","$","?","R","M","R","T","M","E","$","M","M","R"],"character_chosen":"THE_SILENT","items_purchased":["Gremlin Horn"],"campfire_rested":2,"item_purchase_floors":[12],"current_hp_per_floor":[69,61,61,61,44,65,53,53,60,33,9,9,9,2,25,25],"gold":47,"neow_bonus":"UPGRADE_CARD","is_prod":false,"is_daily":false,"chose_seed":false,"campfire_upgraded":1,"win_rate":0,"timestamp":1537359862,"path_taken":["M","?","M","$","?","R","M","R","T","M","E","?","M","M","R","BOSS"],"build_version":"2018-09-06","purchased_purges":0,"victory":false,"max_hp_per_floor":[70,70,70,70,70,70,70,70,77,77,77,77,77,77,77,77],"card_choices":[{"not_picked":["Crippling Poison","Blade Dance"],"picked":"Bouncing Flask","floor":1.0},{"not_picked":["Eviscerate","Distraction"],"picked":"Acrobatics","floor":2.0},{"not_picked":["Poisoned Stab","Leg Sweep"],"picked":"Predator","floor":3.0},{"not_picked":["Skewer","Sucker Punch","All Out Attack"],"picked":"SKIP","floor":7.0},{"not_picked":["Cloak And Dagger","Dagger Spray"],"picked":"Backflip","floor":10.0},{"not_picked":["Bane","Concentrate"],"picked":"Cloak And Dagger","floor":11.0},{"not_picked":["Deflect","Dodge and Roll","Infinite Blades"],"picked":"SKIP","floor":13},{"not_picked":["Deflect","Dodge and Roll","Infinite Blades"],"picked":"SKIP","floor":13},{"not_picked":["PiercingWail","Cloak And Dagger","Slice"],"picked":"SKIP","floor":14}],"player_experience":355163,"relics_obtained":[{"floor":9.0,"key":"Strawberry"},{"floor":11.0,"key":"Snake Skull"}],"event_choices":[{"event_name":"Golden Idol","player_choice":"Take Damage","floor":5.0,"damage_taken":0.0}],"is_beta":false,"boss_relics":[],"items_purged_floors":[],"is_endless":false,"potions_floor_spawned":[1,3,11],"killed_by":"Slime Boss","ascension_level":1}