{"gold_per_floor":[112,112,131,131,49,63,97,97,148,164,199,199,124,141,141,237,237,249,159,174,193,0,0,0,0,26,26,56,75,86,86],"floor_reached":31,"playtime":1372,"items_purged":["Regret","Aggregate"],"score":318,"play_id":"9aa5b10d-75ee-4460-8062-247a5f595e34","local_time":"20190326013107","is_ascension_mode":true,"campfire_choices":[{"data":"Gash","floor":8,"key":"SMITH"},{"floor":15,"key":"REST"},{"floor":23,"key":"REST"},{"data":"Seek","floor":25,"key":"SMITH"},{"data":"Scrape","floor":27,"key":"SMITH"}],"neow_cost":"NONE","seed_source_timestamp":7957705429798584,"circlet_count":0,"master_deck":["Zap+1","Dualcast+1","Seek+1","Conserve Battery","Gash+1","Flash of Steel","Reprogram","Sweeping Beam","Hologram","Gash","Seek","Reboot+1","Hologram","Reinforced Body+1","Melter","Coolheaded+1","Rebound","Beam Cell","Scrape+1","Leap"],"relics":["Cracked Core","Dream Catcher","Regal Pillow","Omamori","Lantern","Pandora\u0027s Box","War Paint","Anchor"],"potions_floor_usage":[7,10,16,16,31],"damage_taken":[{"damage":5,"enemies":"Small Slimes","floor":1,"turns":4},{"damage":0,"enemies":"Jaw Worm","floor":3,"turns":3},{"damage":1,"enemies":"Cultist","floor":6,"turns":4},{"damage":10,"enemies":"Gremlin Nob","floor":7,"turns":3},{"damage":20,"enemies":"Lots of Slimes","floor":10,"turns":4},{"damage":38,"enemies":"Lagavulin","floor":11,"turns":5},{"damage":0,"enemies":"Looter","floor":14,"turns":3},{"damage":27,"enemies":"Hexaghost","floor":16,"turns":9},{"damage":0,"enemies":"Spheric Guardian","floor":18,"turns":1},{"damage":12,"enemies":"2 Thieves","floor":20,"turns":4},{"damage":38,"enemies":"Snake Plant","floor":21,"turns":4},{"damage":26,"enemies":"Gremlin Leader","floor":28,"turns":4},{"damage":5,"enemies":"Shelled Parasite and Fungi","floor":29,"turns":2},{"damage":10,"enemies":"3 Cultists","floor":30,"turns":3},{"damage":8,"enemies":"Snake Plant","floor":31,"turns":2}],"seed_played":"1918946644841663115","potions_obtained":[{"floor":1,"key":"Fire Potion"},{"floor":3,"key":"FocusPotion"},{"floor":7,"key":"SkillPotion"},{"floor":10,"key":"FairyPotion"},{"floor":14,"key":"SkillPotion"},{"floor":20,"key":"SteroidPotion"},{"floor":30,"key":"Poison Potion"}],"is_trial":false,"path_per_floor":["M","?","M","?","$","M","E","R","T","M","E","?","$","M","R","B",null,"M","?","M","M","$","R","?","R","T","R","E","M","M","M"],"character_chosen":"DEFECT","items_purchased":["Flash of Steel","Scrape","Leap"],"campfire_rested":2,"item_purchase_floors":[5,22,22],"current_hp_per_floor":[70,55,55,55,55,54,44,44,44,24,7,7,7,7,44,17,75,75,75,63,25,25,62,46,46,46,46,20,15,5,0],"gold":86,"neow_bonus":"ONE_RANDOM_RARE_CARD","is_prod":false,"is_daily":false,"chose_seed":false,"campfire_upgraded":3,"win_rate":0,"timestamp":1553578267,"path_taken":["M","?","M","?","$","M","E","R","T","M","E","?","$","M","R","BOSS","M","?","?","M","?","R","?","R","T","R","E","M","M","M"],"build_version":"2019-01-23","purchased_purges":2,"victory":false,"max_hp_per_floor":[75,75,75,75,75,75,75,75,75,75,75,75,75,75,75,75,75,75,75,75,75,75,75,75,75,75,75,75,75,75,75],"card_choices":[{"not_picked":["Redo","Storm"],"picked":"Conserve Battery","floor":1},{"not_picked":["Coolheaded","Leap"],"picked":"Gash","floor":3},{"not_picked":["Compile Driver","Go for the Eyes","Cold Snap"],"picked":"SKIP","floor":6},{"not_picked":["Consume","Self Repair"],"picked":"Reprogram","floor":7},{"not_picked":["Go for the Eyes","Defragment"],"picked":"Sweeping Beam","floor":10},{"not_picked":["Machine Learning","Beam Cell"],"picked":"Hologram","floor":11},{"not_picked":["Beam Cell","Cold Snap"],"picked":"Gash","floor":14},{"not_picked":["Fission","Echo Form"],"picked":"Seek","floor":16},{"not_picked":["Ball Lightning+1","Redo+1"],"picked":"Rebound","floor":18},{"not_picked":["Conserve Battery","Coolheaded","Steam"],"picked":"SKIP","floor":20},{"not_picked":["Consume+1","Creative AI"],"picked":"Beam Cell","floor":21},{"not_picked":["Storm+1","Glacier","Hello World"],"picked":"SKIP","floor":28},{"not_picked":["Hologram","Reinforced Body","Leap"],"picked":"SKIP","floor":29},{"not_picked":["Streamline","Steam","Sweeping Beam"],"picked":"SKIP","floor":30}],"player_experience":519392,"relics_obtained":[{"floor":7,"key":"Regal Pillow"},{"floor":9,"key":"Omamori"},{"floor":11,"key":"Lantern"},{"floor":26,"key":"War Paint"},{"floor":28,"key":"Anchor"}],"event_choices":[{"damage_healed":0,"gold_gain":0,"player_choice":"Entered Light","damage_taken":15,"max_hp_gain":0,"max_hp_loss":0,"event_name":"Shining Light","floor":2,"gold_loss":0,"cards_upgraded":["Zap","Dualcast"]},{"damage_healed":0,"gold_gain":0,"player_choice":"Box","damage_taken":0,"relics_obtained":["Dream Catcher"],"max_hp_gain":0,"max_hp_loss":0,"event_name":"Big Fish","floor":4,"gold_loss":0,"cards_obtained":["Regret"]},{"cards_removed":["Strike_B"],"damage_healed":0,"gold_gain":0,"player_choice":"Forget","damage_taken":0,"max_hp_gain":0,"max_hp_loss":0,"event_name":"Living Wall","floor":12,"gold_loss":0},{"cards_removed":["Sunder"],"damage_healed":0,"gold_gain":0,"player_choice":"Upgrade and Remove","damage_taken":0,"max_hp_gain":0,"max_hp_loss":0,"event_name":"Designer","floor":19,"gold_loss":90,"cards_upgraded":["Reinforced Body"]},{"damage_healed":0,"gold_gain":0,"player_choice":"Obtained Book","damage_taken":16,"max_hp_gain":0,"max_hp_loss":0,"event_name":"Cursed Tome","floor":24,"gold_loss":0}],"is_beta":false,"boss_relics":[{"not_picked":["Lizard Tail","Busted Crown"],"picked":"Pandora\u0027s Box"}],"items_purged_floors":[13,22],"is_endless":false,"potions_floor_spawned":[1,3,7,10,14,20,30],"killed_by":"Snake Plant","ascension_level":4}