{"gold_per_floor":[113,113,113,131,56,56,91,45,68,100,100,111,122,122,122,218,218,158,158,0,0,0,0,0,0,0,0,0],"floor_reached":28,"playtime":893,"items_purged":["Writhe"],"score":244,"play_id":"a4a689ad-8f68-42fe-8bb7-072129077ec4","local_time":"20180710112945","is_ascension_mode":false,"campfire_choices":[{"floor":6,"key":"REST"},{"floor":11,"key":"REST"},{"floor":15,"key":"REST"},{"floor":23,"key":"REST"},{"data":"Brutality","floor":25,"key":"SMITH"}],"neow_cost":"CURSE","seed_source_timestamp":1675797325535857,"circlet_count":0,"master_deck":["Strike_R","Strike_R","Strike_R","Strike_R","Strike_R","Defend_R","Defend_R","Defend_R","Defend_R","Bash","Regret","Anger","Anger","Flex","Pommel Strike+1","Brutality+1","Pommel Strike"],"relics":["Burning Blood","Red Skull","Ancient Tea Set","Oddly Smooth Stone","Blood Vial","Darkstone Periapt","Ectoplasm","Nloth\u0027s Gift","Charon\u0027s Ashes","Old Coin"],"potions_floor_usage":[13,18,21],"damage_taken":[{"damage":11,"enemies":"Jaw Worm","floor":1,"turns":2},{"damage":9,"enemies":"Small Slimes","floor":4,"turns":3},{"damage":39,"enemies":"3 Sentries","floor":7,"turns":10},{"damage":26,"enemies":"Lagavulin","floor":10,"turns":4},{"damage":0,"enemies":"2 Louse","floor":12,"turns":2},{"damage":14,"enemies":"Red Slaver","floor":13,"turns":4},{"damage":62,"enemies":"Hexaghost","floor":16,"turns":9},{"damage":32,"enemies":"2 Thieves","floor":18,"turns":4},{"damage":12,"enemies":"Shell Parasite","floor":21,"turns":4},{"damage":30,"enemies":"Snake Plant","floor":22,"turns":5},{"damage":53,"enemies":"Gremlin Leader","floor":27,"turns":7},{"damage":30,"enemies":"Centurion and Healer","floor":28,"turns":3}],"seed_played":"1010470672980033730","potions_obtained":[{"floor":12,"key":"Fruit Juice"},{"floor":16,"key":"Regen Potion"},{"floor":18,"key":"EssenceOfSteel"}],"is_trial":false,"path_per_floor":["M","?","?","M","$","R","E","$","T","E","R","M","M","?","R","B",null,"M","?","?","M","M","R","?","R","T","E"],"character_chosen":"IRONCLAD","items_purchased":["Anger"],"campfire_rested":4,"item_purchase_floors":[8],"current_hp_per_floor":[75,75,42,39,39,63,30,30,30,12,36,44,43,43,68,14,85,68,68,68,64,42,67,67,67,67,22,0],"gold":0,"neow_bonus":"ONE_RARE_RELIC","is_prod":false,"is_daily":false,"chose_seed":false,"campfire_upgraded":1,"win_rate":0,"timestamp":1531236585,"path_taken":["M","?","?","M","$","R","E","?","T","E","R","M","M","?","R","BOSS","M","?","?","?","?","R","?","R","T","E","M"],"build_version":"2018-07-05","purchased_purges":1,"victory":false,"max_hp_per_floor":[80,80,80,80,80,80,80,80,80,80,80,80,85,85,85,85,85,85,85,85,85,85,85,85,85,85,85,85],"card_choices":[{"not_picked":["Headbutt","Pummel","Flame Barrier"],"picked":"SKIP","floor":1},{"not_picked":["Armaments","Iron Wave","Ghostly Armor"],"picked":"SKIP","floor":4},{"not_picked":["Exhume","Disarm"],"picked":"Anger","floor":7},{"not_picked":["Barricade","Heavy Blade"],"picked":"Flex","floor":10},{"not_picked":["Armaments","Cleave","Perfected Strike"],"picked":"SKIP","floor":12},{"not_picked":["Cleave","Clash"],"picked":"Pommel Strike","floor":13},{"not_picked":["Barricade","Immolate"],"picked":"Brutality","floor":16},{"not_picked":["Perfected Strike+1","Power Through"],"picked":"Pommel Strike","floor":18},{"not_picked":["Thunderclap","Exhume","Cleave+1"],"picked":"SKIP","floor":21},{"not_picked":["Reckless Charge+1","Pommel Strike","Second Wind"],"picked":"SKIP","floor":22},{"not_picked":["Pommel Strike","Iron Wave","Spot Weakness"],"picked":"SKIP","floor":27}],"player_experience":179393,"relics_obtained":[{"floor":7,"key":"Oddly Smooth Stone"},{"floor":9,"key":"Blood Vial"},{"floor":10,"key":"Darkstone Periapt"},{"floor":26,"key":"Charon\u0027s Ashes"},{"floor":27,"key":"Old Coin"}],"event_choices":[{"event_name":"Big Fish","player_choice":"Box","floor":2,"damage_taken":0},{"event_name":"Scrap Ooze","player_choice":"success","floor":3,"damage_taken":33},{"event_name":"Upgrade Shrine","player_choice":"Upgraded","floor":14,"damage_taken":0},{"event_name":"N\u0027loth","player_choice":"Traded a Art of War","floor":19,"damage_taken":0},{"event_name":"Masked Bandits","player_choice":"Paid Bandits 158 gold","floor":20,"damage_taken":0},{"event_name":"Addict","player_choice":"Ignored","floor":24,"damage_taken":0}],"boss_relics":[{"not_picked":["Lizard Tail","Tiny House"],"picked":"Ectoplasm"}],"items_purged_floors":[5],"is_endless":false,"potions_floor_spawned":[12,16,18],"killed_by":"Centurion and Healer","ascension_level":0}