{"gold_per_floor":[110,110,128,128,141,167,167,183,183,216,114,114,114,130,130,256,256,275,275,44,44,57,93,93,126,126,126,126,141,74,98,98,219,219,235,568,568,394,439,439],"floor_reached":40,"playtime":3166,"items_purged":["Injury"],"score":697,"play_id":"fcbb233b-6cad-4072-a80e-f7ebdc48fd35","local_time":"20190323153859","is_ascension_mode":true,"campfire_choices":[{"data":"Buffer","floor":7.0,"key":"SMITH"},{"data":"Defragment","floor":15.0,"key":"SMITH"},{"floor":24,"key":"REST"},{"floor":28,"key":"REST"},{"floor":32,"key":"REST"}],"neow_cost":"NONE","seed_source_timestamp":12034799564702,"circlet_count":0,"master_deck":["Strike_B+1","Strike_B","Defend_B","Defend_B","Defend_B","Zap","Dualcast","Ball Lightning","Capacitor","Buffer+1","Leap","Conserve Battery","Core Surge","Defragment+1","Coolheaded","Force Field","Rainbow+1","Hologram+1","Meteor Strike+1","Capacitor","Barrage","Go for the Eyes","Electrodynamics","Glacier","Buffer","Blizzard","Ball Lightning","Undo+1"],"special_seed":0,"relics":["Cracked Core","NeowsBlessing","Sundial","Mummified Hand","Cables","Strawberry","Runic Pyramid","DataDisk","Happy Flower","Whetstone","Gambling Chip","Nuclear Battery","Dead Branch"],"potions_floor_usage":[23,23,29,39],"damage_taken":[{"damage":0.0,"enemies":"Small Slimes","floor":1.0,"turns":1.0},{"damage":0.0,"enemies":"Cultist","floor":3.0,"turns":1.0},{"damage":0.0,"enemies":"2 Louse","floor":5.0,"turns":1.0},{"damage":22.0,"enemies":"Gremlin Nob","floor":6.0,"turns":4.0},{"damage":0.0,"enemies":"Large Slime","floor":8.0,"turns":4.0},{"damage":8.0,"enemies":"Lagavulin","floor":10.0,"turns":5.0},{"damage":5.0,"enemies":"Exordium Thugs","floor":14.0,"turns":4.0},{"damage":9.0,"enemies":"Hexaghost","floor":16.0,"turns":9.0},{"damage":16.0,"enemies":"Shell Parasite","floor":18.0,"turns":6.0},{"damage":12,"enemies":"3 Byrds","floor":22,"turns":5},{"damage":13,"enemies":"Book of Stabbing","floor":23,"turns":6},{"damage":28,"enemies":"Gremlin Leader","floor":25,"turns":7},{"damage":0,"enemies":"Snecko","floor":29,"turns":3},{"damage":17,"enemies":"Snake Plant","floor":31,"turns":3},{"damage":0,"enemies":"Automaton","floor":33,"turns":9},{"damage":0,"enemies":"3 Darklings","floor":35,"turns":4},{"damage":12,"enemies":"2 Orb Walkers","floor":39,"turns":4},{"damage":66,"enemies":"Reptomancer","floor":40,"turns":2}],"seed_played":"8749884717985980282","potions_obtained":[{"floor":5.0,"key":"Ancient Potion"},{"floor":6.0,"key":"AttackPotion"},{"floor":14.0,"key":"FocusPotion"},{"floor":16.0,"key":"Swift Potion"},{"floor":18.0,"key":"SpeedPotion"},{"floor":22,"key":"FearPotion"}],"is_trial":false,"path_per_floor":["M","?","M","?","M","E","R","M","T","E","$","?","?","M","R","B",null,"M","?","$","?","M","E","R","E","T","?","R","M","$","M","R","B",null,"M","?","?","$","?","E"],"character_chosen":"DEFECT","items_purchased":["Defragment","Coolheaded","Capacitor","DataDisk","Glacier","Ball Lightning","Block Potion"],"campfire_rested":3,"item_purchase_floors":[11,11,20,20,30,38,38],"current_hp_per_floor":[68,68,68,68,68,46,46,46,46,38,38,38,33,28,28,19,66,50,50,50,50,38,25,49,21,21,21,45,45,45,28,52,52,75,75,75,75,75,63,0],"gold":439,"neow_bonus":"THREE_ENEMY_KILL","is_prod":false,"is_daily":false,"chose_seed":false,"campfire_upgraded":2,"win_rate":0,"timestamp":1553373539,"path_taken":["M","?","?","?","?","E","R","M","T","E","$","?","?","M","R","BOSS","M","?","?","?","?","E","R","E","T","?","R","M","$","M","R","BOSS","M","?","?","?","?","E"],"build_version":"2019-01-23","purchased_purges":1,"victory":false,"max_hp_per_floor":[75,75,75,75,75,75,75,75,75,75,75,75,82,82,82,82,82,82,82,82,82,82,82,82,82,82,82,82,82,82,82,82,82,82,82,82,82,82,82,82],"card_choices":[{"not_picked":["Conserve Battery","Sunder"],"picked":"Ball Lightning","floor":1.0},{"not_picked":["Barrage","Stack"],"picked":"Capacitor","floor":3.0},{"not_picked":["Beam Cell","White Noise"],"picked":"Buffer","floor":5.0},{"not_picked":["Double Energy","Hyperbeam"],"picked":"Leap","floor":6.0},{"not_picked":["Go for the Eyes","Aggregate"],"picked":"Conserve Battery","floor":8.0},{"not_picked":["Redo","Go for the Eyes"],"picked":"Core Surge","floor":10.0},{"not_picked":["Turbo","Leap"],"picked":"Force Field","floor":14.0},{"not_picked":["All For One","Biased Cognition"],"picked":"Rainbow","floor":16.0},{"not_picked":["Steam","Rebound"],"picked":"Hologram+1","floor":18.0},{"not_picked":["Redo","Gash+1"],"picked":"Barrage","floor":22},{"not_picked":["Scrape","Compile Driver"],"picked":"Go for the Eyes","floor":23},{"not_picked":["Blizzard+1","Coolheaded"],"picked":"Electrodynamics","floor":25},{"not_picked":["Force Field","Leap"],"picked":"Sweeping Beam+1","floor":29},{"not_picked":["Rip and Tear","Streamline","Hologram"],"picked":"SKIP","floor":31},{"not_picked":["Electrodynamics","Hyperbeam"],"picked":"Buffer","floor":33},{"not_picked":["Hologram","Rip and Tear+1"],"picked":"Blizzard","floor":35},{"not_picked":["Cold Snap","Rip and Tear+1"],"picked":"Undo+1","floor":39}],"player_experience":576221,"relics_obtained":[{"floor":6.0,"key":"Sundial"},{"floor":9.0,"key":"Mummified Hand"},{"floor":10.0,"key":"Cables"},{"floor":23,"key":"Happy Flower"},{"floor":25,"key":"Whetstone"},{"floor":26,"key":"Gambling Chip"},{"floor":39,"key":"Dead Branch"}],"event_choices":[{"cards_removed":["Strike_B"],"damage_healed":0.0,"max_hp_gain":0.0,"max_hp_loss":0.0,"gold_gain":0.0,"event_name":"Purifier","player_choice":"Purged","floor":2.0,"gold_loss":0.0,"damage_taken":0.0},{"cards_removed":["Defend_B"],"damage_healed":0.0,"max_hp_gain":0.0,"max_hp_loss":0.0,"gold_gain":0.0,"event_name":"Bonfire Elementals","player_choice":"Offered Basic","floor":4.0,"gold_loss":0.0,"damage_taken":0.0},{"damage_healed":0.0,"max_hp_gain":0.0,"max_hp_loss":0.0,"gold_gain":0.0,"event_name":"Golden Idol","player_choice":"Take Wound","floor":12.0,"gold_loss":0.0,"damage_taken":0.0,"relics_obtained":["Golden Idol"],"cards_obtained":["Injury"]},{"damage_healed":0.0,"max_hp_gain":0.0,"max_hp_loss":0.0,"gold_gain":0.0,"event_name":"Scrap Ooze","player_choice":"Success","floor":13.0,"gold_loss":0.0,"damage_taken":12.0,"relics_obtained":["Strawberry"]},{"damage_healed":0,"gold_gain":0,"cards_transformed":["Strike_B"],"player_choice":"Transformed","damage_taken":0,"max_hp_gain":0,"max_hp_loss":0,"event_name":"Transmorgrifier","floor":19,"gold_loss":0,"cards_obtained":["Meteor Strike"]},{"damage_healed":0,"gold_gain":0,"player_choice":"Forge","damage_taken":0,"max_hp_gain":0,"max_hp_loss":0,"event_name":"Accursed Blacksmith","floor":21,"gold_loss":0,"cards_upgraded":["Rainbow"]},{"damage_healed":0,"gold_gain":0,"player_choice":"Ignored","damage_taken":0,"max_hp_gain":0,"max_hp_loss":0,"event_name":"Cursed Tome","floor":27,"gold_loss":0},{"damage_healed":0,"gold_gain":333,"player_choice":"Gave Idol","damage_taken":0,"max_hp_gain":0,"max_hp_loss":0,"event_name":"The Moai Head","floor":36,"relics_lost":["Golden Idol"],"gold_loss":0},{"cards_removed":["Sweeping Beam"],"damage_healed":0,"gold_gain":0,"player_choice":"Removed Attack","damage_taken":0,"max_hp_gain":0,"max_hp_loss":0,"event_name":"Falling","floor":37,"gold_loss":0},{"damage_healed":0,"gold_gain":0,"player_choice":"Fight","damage_taken":0,"max_hp_gain":0,"max_hp_loss":0,"event_name":"Mysterious Sphere","floor":39,"gold_loss":0}],"is_beta":false,"boss_relics":[{"not_picked":["Sozu","Pandora\u0027s Box"],"picked":"Runic Pyramid"},{"not_picked":["Snecko Eye","Lizard Tail"],"picked":"Nuclear Battery"}],"items_purged_floors":[38],"is_endless":false,"potions_floor_spawned":[5,6,14,16,18,22],"killed_by":"Reptomancer","ascension_level":8}