{"gold_per_floor":[17,17,17,35,46,46,46,63,63,83,100,114,114,114,114,212,262,278,278,294,304,304,333,333,333,383,383,394,406,417,429,429,429],"floor_reached":33,"playtime":2643,"items_purged":[],"score":313,"play_id":"b3510f95-a544-4f5d-b66e-be37df250152","local_time":"20190307072804","is_ascension_mode":false,"campfire_choices":[{"data":"Headbutt","floor":7,"key":"SMITH"},{"data":"Rampage","floor":13,"key":"SMITH"},{"data":"Flex","floor":15,"key":"SMITH"},{"data":"Double Tap","floor":24,"key":"SMITH"},{"data":"Iron Wave","floor":27,"key":"SMITH"},{"floor":32,"key":"REST"}],"neow_cost":"NO_GOLD","seed_source_timestamp":458752184118831,"circlet_count":0,"master_deck":["Strike_R","Strike_R","Strike_R","Strike_R","Strike_R","Defend_R","Defend_R","Defend_R","Defend_R","Bash+1","Ghostly Armor","Headbutt+1","Shrug It Off+1","Iron Wave+1","Rampage+1","Flex+1","Cleave+1","Pommel Strike+1","Iron Wave+1","Double Tap+1","Iron Wave","Heavy Blade","Shrug It Off","Shockwave+1","Iron Wave+1"],"relics":["Burning Blood","Vajra","Nloth\u0027s Gift","MutagenicStrength","Bottled Lightning"],"potions_floor_usage":[11,16,16,23,23,28,30],"damage_taken":[{"damage":8,"enemies":"2 Louse","floor":1,"turns":2},{"damage":3,"enemies":"Jaw Worm","floor":4,"turns":4},{"damage":1,"enemies":"Cultist","floor":5,"turns":4},{"damage":4,"enemies":"Blue Slaver","floor":8,"turns":3},{"damage":2,"enemies":"Looter","floor":10,"turns":3},{"damage":0,"enemies":"Lots of Slimes","floor":11,"turns":3},{"damage":11,"enemies":"Large Slime","floor":12,"turns":5},{"damage":55,"enemies":"Hexaghost","floor":16,"turns":9},{"damage":11,"enemies":"Chosen","floor":18,"turns":5},{"damage":13,"enemies":"3 Byrds","floor":20,"turns":6},{"damage":14,"enemies":"3 Cultists","floor":21,"turns":6},{"damage":8,"enemies":"Gremlin Leader","floor":23,"turns":4},{"damage":25,"enemies":"Shelled Parasite and Fungi","floor":28,"turns":7},{"damage":6,"enemies":"Centurion and Healer","floor":29,"turns":7},{"damage":34,"enemies":"Snake Plant","floor":30,"turns":5},{"damage":21,"enemies":"Cultist and Chosen","floor":31,"turns":7},{"damage":78,"enemies":"Automaton","floor":33,"turns":8}],"seed_played":"-881584976932474847","potions_obtained":[{"floor":5,"key":"AttackPotion"},{"floor":8,"key":"Strength Potion"},{"floor":10,"key":"Explosive Potion"},{"floor":12,"key":"Dexterity Potion"},{"floor":17,"key":"Strength Potion"},{"floor":18,"key":"FairyPotion"},{"floor":20,"key":"Fire Potion"},{"floor":23,"key":"FearPotion"},{"floor":28,"key":"BloodPotion"}],"is_trial":false,"path_per_floor":["?","?","?","?","M","?","?","M"],"character_chosen":"IRONCLAD","items_purchased":[],"campfire_rested":1,"item_purchase_floors":[],"current_hp_per_floor":[94,94,94,96,96,96,96,96,96,96,96,91,91,91,91,42,101,96,96,89,81,81,79,79,79,79,79,60,60,42,27,57,0],"gold":429,"neow_bonus":"TWENTY_PERCENT_HP_BONUS","is_prod":false,"is_daily":false,"chose_seed":false,"campfire_upgraded":5,"win_rate":0,"timestamp":1551954484,"path_taken":["M","$","?","M","M","?","R","M","T","M","M","M","R","?","R","BOSS","M","?","?","M","?","E","R","?","T","R","M","M","M","?","R","BOSS"],"build_version":"2019-01-23","purchased_purges":0,"victory":false,"max_hp_per_floor":[96,96,96,96,96,96,96,96,96,96,96,96,96,96,96,96,101,101,101,101,101,101,101,101,101,101,101,101,101,101,101,101,101],"card_choices":[{"not_picked":["Clash","Thunderclap","Shockwave"],"picked":"SKIP","floor":1},{"not_picked":["Havoc","Power Through"],"picked":"Ghostly Armor","floor":4},{"not_picked":["Rupture","Power Through"],"picked":"Headbutt","floor":5},{"not_picked":["Evolve","True Grit"],"picked":"Shrug It Off","floor":8},{"not_picked":["Armaments","Shrug It Off"],"picked":"Iron Wave","floor":10},{"not_picked":["Power Through","Seeing Red"],"picked":"Rampage","floor":11},{"not_picked":["Clash","Corruption"],"picked":"Flex","floor":12},{"not_picked":["Armaments","Heavy Blade"],"picked":"Cleave","floor":17},{"not_picked":["Sentinel+1","Infernal Blade"],"picked":"Pommel Strike+1","floor":18},{"not_picked":["Battle Trance","Headbutt"],"picked":"Iron Wave+1","floor":20},{"not_picked":["Headbutt","Anger+1"],"picked":"Double Tap","floor":21},{"not_picked":["Perfected Strike","Feel No Pain+1"],"picked":"Iron Wave","floor":23},{"not_picked":["Sword Boomerang","Burning Pact"],"picked":"Heavy Blade","floor":28},{"not_picked":["Perfected Strike","Flex"],"picked":"Shrug It Off","floor":29},{"not_picked":["Anger","Body Slam"],"picked":"Shockwave+1","floor":30},{"not_picked":["Havoc","Corruption"],"picked":"Iron Wave+1","floor":31}],"player_experience":267377,"relics_obtained":[{"floor":9,"key":"Vajra"},{"floor":23,"key":"Bottled Lightning"}],"event_choices":[{"damage_healed":0,"gold_gain":0,"player_choice":"Grow","damage_taken":0,"max_hp_gain":0,"max_hp_loss":0,"event_name":"Living Wall","floor":3,"gold_loss":0,"cards_upgraded":["Bash"]},{"damage_healed":0,"gold_gain":0,"player_choice":"Ignored","damage_taken":0,"max_hp_gain":0,"max_hp_loss":0,"event_name":"Liars Game","floor":6,"gold_loss":0},{"damage_healed":0,"gold_gain":0,"player_choice":"Ignored","damage_taken":0,"max_hp_gain":0,"max_hp_loss":0,"event_name":"Shining Light","floor":14,"gold_loss":0},{"damage_healed":0,"gold_gain":0,"player_choice":"Traded Relic","damage_taken":0,"relics_obtained":["Nloth\u0027s Gift"],"max_hp_gain":0,"max_hp_loss":0,"event_name":"N\u0027loth","floor":19,"relics_lost":["Tiny House"],"gold_loss":0},{"damage_healed":0,"gold_gain":0,"player_choice":"Inject Mutagens","damage_taken":0,"relics_obtained":["MutagenicStrength"],"max_hp_gain":0,"max_hp_loss":0,"event_name":"Drug Dealer","floor":22,"gold_loss":0},{"damage_healed":0,"gold_gain":0,"player_choice":"Upgraded","damage_taken":0,"max_hp_gain":0,"max_hp_loss":0,"event_name":"Upgrade Shrine","floor":25,"gold_loss":0,"cards_upgraded":["Cleave"]}],"is_beta":false,"boss_relics":[{"not_picked":["Ectoplasm","Snecko Eye"],"picked":"Tiny House"}],"items_purged_floors":[],"is_endless":false,"potions_floor_spawned":[5,8,10,12,18,20,23,28],"killed_by":"Automaton","ascension_level":0}