{"gold_per_floor":[117,117,117,117,117,117,161,161,236,250,273,273,273,291,291,382,382,400,389,389,45,56,56,69,81,107,107,107,107,107,125,125,125],"floor_reached":33,"playtime":1156,"items_purged":[],"score":417,"play_id":"6a75b5bb-c8ee-4dc9-9e24-85bac69af310","local_time":"20190330215022","is_ascension_mode":true,"campfire_choices":[{"data":"Defend_R","floor":6,"key":"SMITH"},{"data":"Defend_R","floor":8,"key":"SMITH"},{"data":"Feel No Pain","floor":12,"key":"SMITH"},{"floor":15,"key":"REST"},{"data":"Limit Break","floor":23,"key":"SMITH"},{"data":"Inflame","floor":29,"key":"SMITH"},{"data":"Shrug It Off","floor":32,"key":"SMITH"}],"neow_cost":"NONE","seed_source_timestamp":36810442240500,"circlet_count":0,"master_deck":["AscendersBane","Strike_R+1","Strike_R+1","Strike_R","Defend_R","Defend_R","Defend_R+1","Defend_R+1","Bash+1","Feel No Pain+1","Inflame+1","Limit Break+1","Clothesline","Shrug It Off+1","Writhe","Dropkick","Searing Blow","Limit Break+1"],"relics":["Burning Blood","Bloody Idol","Shuriken","Darkstone Periapt","Coffee Dripper","Gambling Chip","Whetstone","Ornamental Fan"],"potions_floor_usage":[7,16,22,25,33],"damage_taken":[{"damage":1,"enemies":"Cultist","floor":1,"turns":3},{"damage":29,"enemies":"3 Sentries","floor":7,"turns":10},{"damage":11,"enemies":"Jaw Worm","floor":10,"turns":5},{"damage":0,"enemies":"Small Slimes","floor":11,"turns":3},{"damage":14,"enemies":"Red Slaver","floor":14,"turns":5},{"damage":46,"enemies":"Slime Boss","floor":16,"turns":12},{"damage":17,"enemies":"Spheric Guardian","floor":18,"turns":4},{"damage":26,"enemies":"2 Thieves","floor":19,"turns":4},{"damage":21,"enemies":"Snake Plant","floor":22,"turns":4},{"damage":16,"enemies":"Cultist and Chosen","floor":24,"turns":8},{"damage":10,"enemies":"Centurion and Healer","floor":25,"turns":6},{"damage":21,"enemies":"Chosen and Byrds","floor":31,"turns":8},{"damage":27,"enemies":"Automaton","floor":33,"turns":4}],"seed_played":"4257223357521208841","potions_obtained":[{"floor":0,"key":"Energy Potion"},{"floor":0,"key":"Energy Potion"},{"floor":0,"key":"GamblersBrew"},{"floor":1,"key":"Fire Potion"},{"floor":7,"key":"GamblersBrew"},{"floor":13,"key":"Strength Potion"},{"floor":13,"key":"Dexterity Potion"},{"floor":19,"key":"BloodPotion"},{"floor":25,"key":"SteroidPotion"}],"is_trial":false,"path_per_floor":["?","?","?","M","?","?","?","?","?"],"character_chosen":"IRONCLAD","items_purchased":["Gambling Chip","Shrug It Off"],"campfire_rested":1,"item_purchase_floors":[21,21],"current_hp_per_floor":[73,73,78,74,74,74,51,51,51,46,52,52,52,44,66,26,62,51,31,31,31,28,28,23,24,29,35,35,35,35,25,25,0],"gold":125,"neow_bonus":"THREE_SMALL_POTIONS","is_prod":false,"is_daily":false,"chose_seed":false,"campfire_upgraded":6,"win_rate":0,"timestamp":1553997022,"path_taken":["M","$","?","?","?","R","E","R","T","?","M","R","?","M","R","BOSS","M","M","?","$","M","R","M","M","T","?","?","R","?","M","R","BOSS"],"build_version":"2019-01-23","purchased_purges":0,"victory":false,"max_hp_per_floor":[75,75,80,74,74,74,74,74,74,74,74,74,74,74,74,74,74,74,74,74,74,74,74,74,74,74,80,80,80,80,80,80,80],"card_choices":[{"not_picked":["Reckless Charge","Intimidate","Infernal Blade"],"picked":"SKIP","floor":1},{"not_picked":["Dropkick","Wild Strike","Thunderclap"],"picked":"SKIP","floor":7},{"not_picked":["Thunderclap","Cleave","Sentinel"],"picked":"SKIP","floor":10},{"not_picked":["Bloodletting","Dropkick"],"picked":"Feel No Pain","floor":11},{"not_picked":["Sword Boomerang","Thunderclap"],"picked":"Inflame","floor":14},{"not_picked":["Berserk","Immolate"],"picked":"Limit Break","floor":16},{"not_picked":["Sentinel","Cleave","Entrench"],"picked":"SKIP","floor":18},{"not_picked":["Seeing Red","True Grit"],"picked":"Clothesline","floor":19},{"not_picked":["Flex","Clothesline","Fiend Fire"],"picked":"SKIP","floor":22},{"not_picked":["Pommel Strike","Clash","Armaments"],"picked":"SKIP","floor":24},{"not_picked":["Fire Breathing","Thunderclap","Anger"],"picked":"SKIP","floor":25},{"not_picked":["Flex","Havoc","Iron Wave+1"],"picked":"SKIP","floor":31}],"player_experience":361776,"relics_obtained":[{"floor":7,"key":"Shuriken"},{"floor":9,"key":"Darkstone Periapt"},{"floor":26,"key":"Whetstone"}],"event_choices":[{"damage_healed":0,"gold_gain":0,"player_choice":"Donut","damage_taken":0,"max_hp_gain":5,"max_hp_loss":0,"event_name":"Big Fish","floor":3,"gold_loss":0},{"damage_healed":0,"gold_gain":0,"player_choice":"Lose Max HP","damage_taken":0,"relics_obtained":["Golden Idol"],"max_hp_gain":0,"max_hp_loss":6,"event_name":"Golden Idol","floor":4,"gold_loss":0},{"damage_healed":0,"gold_gain":0,"player_choice":"Upgraded","damage_taken":0,"max_hp_gain":0,"max_hp_loss":0,"event_name":"Upgrade Shrine","floor":5,"gold_loss":0,"cards_upgraded":["Bash"]},{"damage_healed":0,"gold_gain":0,"player_choice":"Got Potions","damage_taken":0,"max_hp_gain":0,"max_hp_loss":0,"event_name":"Lab","floor":13,"gold_loss":0},{"damage_healed":0,"gold_gain":0,"player_choice":"Gave Idol","damage_taken":0,"relics_obtained":["Bloody Idol"],"max_hp_gain":0,"max_hp_loss":0,"event_name":"Forgotten Altar","floor":20,"relics_lost":["Golden Idol"],"gold_loss":0},{"damage_healed":0,"gold_gain":0,"player_choice":"Opened","damage_taken":0,"relics_obtained":["Ornamental Fan"],"max_hp_gain":0,"max_hp_loss":0,"event_name":"The Mausoleum","floor":27,"gold_loss":0,"cards_obtained":["Writhe"]},{"damage_healed":0,"gold_gain":0,"cards_transformed":["Strike_R","Strike_R"],"player_choice":"Became Test Subject","damage_taken":0,"max_hp_gain":0,"max_hp_loss":0,"event_name":"Drug Dealer","floor":28,"gold_loss":0,"cards_obtained":["Dropkick","Searing Blow"]},{"damage_healed":0,"gold_gain":0,"player_choice":"Copied","damage_taken":0,"max_hp_gain":0,"max_hp_loss":0,"event_name":"Duplicator","floor":30,"gold_loss":0,"cards_obtained":["Limit Break"]}],"is_beta":false,"boss_relics":[{"not_picked":["Black Blood","Orrery"],"picked":"Coffee Dripper"}],"items_purged_floors":[],"is_endless":false,"potions_floor_spawned":[1,7,11,19,25],"killed_by":"Automaton","ascension_level":14}