{"gold_per_floor":[116,291,28,28,28,28,28,46,76,107,120,120,20,20,20,115,115,128,128,3,23,33,33,46,46,46,66,80,80,99,132,132,236,286,300,300,300,314,314,314,314,328,355,355,367,367,384,384,384,384],"floor_reached":51,"playtime":1191,"items_purged":["Doubt","Defend_B","Defend_B"],"score":904,"play_id":"bd6c8a4a-c799-4bde-b7a2-1d3e56d958ae","local_time":"20190324200226","is_ascension_mode":true,"campfire_choices":[{"data":"Zap","floor":6,"key":"SMITH"},{"data":"Storm","floor":12,"key":"SMITH"},{"data":"Static Discharge","floor":15,"key":"SMITH"},{"floor":23,"key":"REST"},{"floor":29,"key":"REST"},{"floor":32,"key":"REST"},{"floor":40,"key":"REST"},{"data":"Defragment","floor":44,"key":"SMITH"},{"floor":46,"key":"REST"},{"floor":49,"key":"REST"}],"neow_cost":"NONE","seed_source_timestamp":7851753222207716,"circlet_count":0,"master_deck":["Strike_B+1","Strike_B+1","Strike_B+1","Strike_B+1","Defend_B+1","Dualcast+1","Melter+1","Storm+1","Heatsinks+1","Static Discharge+1","Thunder Strike+1","Defragment+1","Seek+1","Flash of Steel+1","Hello World+1","Force Field+1"],"relics":["Cracked Core","NeowsBlessing","Anchor","Tiny Chest","Vajra","StoneCalendar","Nuclear Battery","Whetstone","Regal Pillow","Orichalcum","Tiny House","Singing Bowl","Symbiotic Virus","Centennial Puzzle","Mark of the Bloom"],"potions_floor_usage":[16,27,33,33,38,50],"damage_taken":[{"damage":0,"enemies":"Cultist","floor":1,"turns":1},{"damage":0,"enemies":"Small Slimes","floor":8,"turns":1},{"damage":0,"enemies":"Gremlin Nob","floor":10,"turns":1},{"damage":0,"enemies":"2 Louse","floor":11,"turns":2},{"damage":53,"enemies":"The Guardian","floor":16,"turns":7},{"damage":4,"enemies":"3 Byrds","floor":18,"turns":3},{"damage":34,"enemies":"2 Thieves","floor":21,"turns":2},{"damage":8,"enemies":"Snake Plant","floor":22,"turns":2},{"damage":25,"enemies":"Snecko","floor":24,"turns":3},{"damage":0,"enemies":"Sentry and Sphere","floor":27,"turns":2},{"damage":14,"enemies":"Snake Plant","floor":28,"turns":2},{"damage":22,"enemies":"3 Cultists","floor":30,"turns":3},{"damage":32,"enemies":"Gremlin Leader","floor":31,"turns":3},{"damage":38,"enemies":"Collector","floor":33,"turns":5},{"damage":11,"enemies":"Orb Walker","floor":35,"turns":2},{"damage":44,"enemies":"3 Shapes","floor":38,"turns":3},{"damage":12,"enemies":"Maw","floor":42,"turns":6},{"damage":36,"enemies":"3 Darklings","floor":45,"turns":3},{"damage":10,"enemies":"Spire Growth","floor":47,"turns":4},{"damage":54,"enemies":"Time Eater","floor":50,"turns":6}],"seed_played":"-7294419526039361832","potions_obtained":[{"floor":1,"key":"AttackPotion"},{"floor":10,"key":"AttackPotion"},{"floor":16,"key":"SpeedPotion"},{"floor":24,"key":"Fruit Juice"},{"floor":28,"key":"Strength Potion"},{"floor":31,"key":"Fruit Juice"},{"floor":33,"key":"Block Potion"},{"floor":34,"key":"Energy Potion"},{"floor":35,"key":"Explosive Potion"},{"floor":42,"key":"SpeedPotion"}],"is_trial":false,"path_per_floor":["M","?","$","?","?","R","?","M","T","E","M","R","$","?","R","B",null,"M","T","$","M","M","R","M","?","T","M","M","R","M","E","R","B",null,"M","?","T","M","?","R","T","M","T","R","M","R","M","?","R","B",null],"character_chosen":"DEFECT","items_purchased":["Anchor","Melter"],"campfire_rested":6,"item_purchase_floors":[3,3],"current_hp_per_floor":[75,75,75,80,80,80,73,73,73,73,73,73,73,73,73,20,80,76,76,76,42,34,58,33,33,33,38,24,64,42,10,50,17,95,84,84,84,40,40,83,83,71,71,71,37,81,73,73,73,19],"gold":384,"neow_bonus":"THREE_ENEMY_KILL","is_prod":false,"is_daily":false,"chose_seed":false,"campfire_upgraded":4,"win_rate":0,"timestamp":1553472146,"path_taken":["M","?","$","?","?","R","?","M","T","E","M","R","?","?","R","BOSS","M","?","$","?","M","R","M","?","T","M","M","R","?","E","R","BOSS","M","?","?","?","?","R","?","M","T","R","M","R","M","?","R","BOSS"],"build_version":"2019-01-23","purchased_purges":3,"victory":true,"max_hp_per_floor":[75,75,75,80,80,80,80,80,80,80,80,80,80,80,80,80,80,80,80,80,80,80,80,80,80,80,85,85,85,85,85,85,90,95,95,95,95,95,95,95,95,95,95,95,97,97,99,99,99,99],"card_choices":[{"not_picked":["Hello World","Force Field","Go for the Eyes"],"picked":"SKIP","floor":1},{"not_picked":["Double Energy","Conserve Battery"],"picked":"Storm","floor":8},{"not_picked":["Blizzard","Steam"],"picked":"Heatsinks","floor":10},{"not_picked":["Go for the Eyes","Sweeping Beam"],"picked":"Static Discharge","floor":11},{"not_picked":["Machine Learning","Amplify"],"picked":"Thunder Strike","floor":16},{"not_picked":["Coolheaded+1","Rebound"],"picked":"Defragment","floor":18},{"not_picked":["Conserve Battery","Coolheaded+1","Scrape+1"],"picked":"SKIP","floor":21},{"not_picked":["Go for the Eyes+1","Hologram+1","Barrage"],"picked":"SKIP","floor":22},{"not_picked":["Multi-Cast","Sweeping Beam","Conserve Battery"],"picked":"SKIP","floor":24},{"not_picked":["Cold Snap+1","White Noise","Sunder"],"picked":"SKIP","floor":27},{"not_picked":["Aggregate","Compile Driver","Hologram"],"picked":"SKIP","floor":28},{"not_picked":["Turbo+1","Beam Cell+1","Ball Lightning"],"picked":"SKIP","floor":30},{"not_picked":["Undo+1","Stack","Leap+1"],"picked":"SKIP","floor":31},{"not_picked":["Meteor Strike","Fission"],"picked":"Seek","floor":33},{"not_picked":["Scrape","Redo","Compile Driver+1"],"picked":"SKIP","floor":35},{"not_picked":["The Bomb","Blind"],"picked":"Flash of Steel","floor":36},{"not_picked":["Undo","Melter+1"],"picked":"Hello World","floor":38},{"not_picked":["Tempest","Loop"],"picked":"Force Field+1","floor":42},{"not_picked":["Auto Shields+1","Steam","Beam Cell"],"picked":"Singing Bowl","floor":45},{"not_picked":["Beam Cell","Ball Lightning+1","Capacitor"],"picked":"Singing Bowl","floor":47}],"player_experience":473819,"relics_obtained":[{"floor":9,"key":"Tiny Chest"},{"floor":10,"key":"Vajra"},{"floor":19,"key":"Whetstone"},{"floor":26,"key":"Regal Pillow"},{"floor":31,"key":"Orichalcum"},{"floor":37,"key":"Singing Bowl"},{"floor":41,"key":"Symbiotic Virus"},{"floor":43,"key":"Centennial Puzzle"}],"event_choices":[{"damage_healed":0,"gold_gain":175,"player_choice":"AGREE","damage_taken":0,"max_hp_gain":0,"max_hp_loss":0,"event_name":"Liars Game","floor":2,"gold_loss":0,"cards_obtained":["Doubt"]},{"damage_healed":0,"gold_gain":0,"player_choice":"Donut","damage_taken":0,"max_hp_gain":5,"max_hp_loss":0,"event_name":"Big Fish","floor":4,"gold_loss":0},{"damage_healed":0,"gold_gain":0,"player_choice":"Leave","damage_taken":0,"max_hp_gain":0,"max_hp_loss":0,"event_name":"The Cleric","floor":5,"gold_loss":0},{"cards_removed":["Defend_B"],"damage_healed":0,"gold_gain":0,"player_choice":"Card Removal","damage_taken":7,"max_hp_gain":0,"max_hp_loss":0,"event_name":"Golden Wing","floor":7,"gold_loss":0},{"damage_healed":0,"gold_gain":0,"player_choice":"Gave Potion","damage_taken":0,"relics_obtained":["StoneCalendar"],"max_hp_gain":0,"max_hp_loss":0,"event_name":"WeMeetAgain","floor":14,"gold_loss":0},{"damage_healed":0,"gold_gain":0,"player_choice":"0 cards matched","damage_taken":0,"max_hp_gain":0,"max_hp_loss":0,"event_name":"Match and Keep!","floor":25,"gold_loss":0,"cards_obtained":[]},{"damage_healed":0,"gold_gain":0,"player_choice":"Memory 1","damage_taken":0,"max_hp_gain":0,"max_hp_loss":0,"event_name":"SensoryStone","floor":36,"gold_loss":0},{"cards_removed":["Zap"],"damage_healed":0,"gold_gain":0,"player_choice":"Removed Skill","damage_taken":0,"max_hp_gain":0,"max_hp_loss":0,"event_name":"Falling","floor":39,"gold_loss":0},{"damage_healed":0,"gold_gain":0,"player_choice":"Upgrade","damage_taken":0,"relics_obtained":["Mark of the Bloom"],"max_hp_gain":0,"max_hp_loss":0,"event_name":"MindBloom","floor":48,"gold_loss":0,"cards_upgraded":["Strike_B","Defend_B","Dualcast","Melter","Heatsinks","Thunder Strike","Seek","Flash of Steel","Hello World"]}],"is_beta":false,"boss_relics":[{"not_picked":["Eternal Feather","Calling Bell"],"picked":"Nuclear Battery"},{"not_picked":["Coffee Dripper","FrozenCore"],"picked":"Tiny House"}],"items_purged_floors":[3,13,20],"is_endless":false,"potions_floor_spawned":[1,10,16,24,28,31,33,35,42,47],"ascension_level":2}