{"gold_per_floor":[112,131,143,143,161,161,176,176,176,207,224,187,187,207,207,308,308,320,193,208,221,237,237],"floor_reached":23,"playtime":3347,"items_purged":["Well Laid Plans"],"score":197,"play_id":"bd6d6c07-6846-47d7-9425-9f3b463877c1","local_time":"20190201205323","is_ascension_mode":false,"campfire_choices":[{"data":"Bane","floor":6,"key":"SMITH"},{"data":"Deadly Poison","floor":8,"key":"SMITH"},{"data":"Bouncing Flask","floor":15,"key":"SMITH"}],"neow_cost":"NONE","seed_source_timestamp":88675752533215,"circlet_count":0,"master_deck":["Defend_G","Defend_G","Defend_G","Defend_G","Defend_G","Strike_G","Strike_G","Strike_G","Strike_G","Survivor","Neutralize","Bane+1","Prepared","Bane","Deadly Poison+1","Glass Knife","Dodge and Roll","Bouncing Flask+1","Envenom","Poisoned Stab","Outmaneuver","Deflect+1"],"relics":["Ring of the Snake","Bag of Preparation","Dream Catcher","Runic Pyramid"],"potions_floor_usage":[5,10,18,21,22,23],"damage_taken":[{"damage":0,"enemies":"Cultist","floor":1,"turns":4},{"damage":1,"enemies":"Jaw Worm","floor":2,"turns":4},{"damage":1,"enemies":"2 Louse","floor":3,"turns":3},{"damage":2,"enemies":"Exordium Wildlife","floor":5,"turns":8},{"damage":0,"enemies":"Looter","floor":7,"turns":4},{"damage":5,"enemies":"Gremlin Nob","floor":10,"turns":4},{"damage":2,"enemies":"Large Slime","floor":11,"turns":5},{"damage":0,"enemies":"3 Louse","floor":14,"turns":3},{"damage":65,"enemies":"Slime Boss","floor":16,"turns":11},{"damage":0,"enemies":"Spheric Guardian","floor":18,"turns":3},{"damage":0,"enemies":"Chosen","floor":20,"turns":4},{"damage":18,"enemies":"Centurion and Healer","floor":21,"turns":7},{"damage":32,"enemies":"3 Cultists","floor":22,"turns":6},{"damage":33,"enemies":"Book of Stabbing","floor":23,"turns":6}],"seed_played":"-1950352460776112586","potions_obtained":[{"floor":1,"key":"Dexterity Potion"},{"floor":2,"key":"Fire Potion"},{"floor":5,"key":"GhostInAJar"},{"floor":14,"key":"Strength Potion"},{"floor":16,"key":"AttackPotion"},{"floor":22,"key":"SkillPotion"}],"is_trial":false,"path_per_floor":["M","?","M","?"],"character_chosen":"THE_SILENT","items_purchased":["Well Laid Plans","Weak Potion"],"campfire_rested":0,"item_purchase_floors":[12,19],"current_hp_per_floor":[77,76,75,75,73,73,73,73,73,68,66,66,71,71,71,6,82,82,82,82,64,32,0],"gold":237,"neow_bonus":"TEN_PERCENT_HP_BONUS","is_prod":false,"is_daily":false,"chose_seed":false,"campfire_upgraded":3,"win_rate":0.0,"timestamp":1549065203,"path_taken":["M","?","M","?","M","R","?","R","T","E","M","$","?","M","R","BOSS","M","$","M","M","M","E"],"build_version":"2019-01-23","purchased_purges":1,"victory":false,"max_hp_per_floor":[77,77,77,77,77,77,77,77,77,77,77,77,82,82,82,82,82,82,82,82,82,82,82],"card_choices":[{"not_picked":["All Out Attack","Sucker Punch"],"picked":"Bane","floor":1},{"not_picked":["Finisher","All Out Attack","Quick Slash"],"picked":"SKIP","floor":2},{"not_picked":["Cloak And Dagger","Choke"],"picked":"Prepared","floor":3},{"not_picked":["Cloak And Dagger","Tactician"],"picked":"Bane","floor":5},{"not_picked":["Flying Knee","Outmaneuver"],"picked":"Deadly Poison","floor":7},{"not_picked":["Dagger Spray","Predator"],"picked":"Glass Knife","floor":10},{"not_picked":["Tactician","Quick Slash"],"picked":"Dodge and Roll","floor":11},{"not_picked":["Bane","Terror"],"picked":"Bouncing Flask","floor":14},{"not_picked":["Wraith Form v2","Adrenaline"],"picked":"Envenom","floor":16},{"not_picked":["Backflip+1","Leg Sweep+1"],"picked":"Poisoned Stab","floor":18},{"not_picked":["Acrobatics","Prepared"],"picked":"Outmaneuver","floor":20},{"not_picked":["Dodge and Roll","Poisoned Stab"],"picked":"Deflect+1","floor":21},{"not_picked":["Quick Slash","Distraction","Underhanded Strike"],"picked":"SKIP","floor":22}],"player_experience":69215,"relics_obtained":[{"floor":9,"key":"Bag of Preparation"},{"floor":10,"key":"Dream Catcher"}],"event_choices":[{"cards_removed":["Strike_G"],"damage_healed":0,"gold_gain":0,"player_choice":"Offered Basic","damage_taken":0,"max_hp_gain":0,"max_hp_loss":0,"event_name":"Bonfire Elementals","floor":4,"gold_loss":0},{"damage_healed":0,"gold_gain":0,"player_choice":"Donut","damage_taken":0,"max_hp_gain":5,"max_hp_loss":0,"event_name":"Big Fish","floor":13,"gold_loss":0}],"is_beta":false,"boss_relics":[{"not_picked":["Ring of the Serpent","Busted Crown"],"picked":"Runic Pyramid"}],"items_purged_floors":[19],"is_endless":false,"potions_floor_spawned":[1,2,5,14,16,22],"killed_by":"Book of Stabbing","ascension_level":0}