{"gold_per_floor":[112,37,57,76,37,37,49,49,49,77,94,113,139,158,158,158],"floor_reached":16,"playtime":617,"items_purged":["Defend_G"],"score":114,"play_id":"8ac67237-bb70-46c4-ada1-6fdc2e0ed691","local_time":"20180713150910","is_ascension_mode":false,"campfire_choices":[{"data":"Dagger Spray","floor":6,"key":"SMITH"},{"floor":15,"key":"REST"}],"neow_cost":"NONE","seed_source_timestamp":198147498189191,"circlet_count":0,"master_deck":["Defend_G","Defend_G","Defend_G","Defend_G","Strike_G","Strike_G","Strike_G","Strike_G","Strike_G","Survivor","Neutralize","Dagger Spray+1","Caltrops","Backflip","All Out Attack"],"relics":["Ring of the Snake","Ancient Tea Set","The Specimen","Thread and Needle","Happy Flower","Pen Nib"],"potions_floor_usage":[7,7,11,16],"damage_taken":[{"damage":1,"enemies":"2 Louse","floor":1,"turns":4},{"damage":0,"enemies":"Small Slimes","floor":3,"turns":3},{"damage":0,"enemies":"Jaw Worm","floor":4,"turns":3},{"damage":3,"enemies":"Gremlin Gang","floor":7,"turns":3},{"damage":6,"enemies":"3 Sentries","floor":10,"turns":5},{"damage":3,"enemies":"Red Slaver","floor":11,"turns":4},{"damage":7,"enemies":"Blue Slaver","floor":12,"turns":3},{"damage":29,"enemies":"Lagavulin","floor":13,"turns":7},{"damage":0,"enemies":"Gremlin Gang","floor":14,"turns":2},{"damage":34,"enemies":"The Guardian","floor":16,"turns":7}],"seed_played":"-8945787714180198577","potions_obtained":[{"floor":1,"key":"Block Potion"},{"floor":3,"key":"Poison Potion"},{"floor":10,"key":"Explosive Potion"},{"floor":13,"key":"SpeedPotion"},{"floor":14,"key":"FearPotion"}],"is_trial":false,"path_per_floor":["M","$","M","M","$","R","M","?","T","E","M","M","E","M","R"],"character_chosen":"THE_SILENT","items_purchased":["Caltrops"],"campfire_rested":1,"item_purchase_floors":[5],"current_hp_per_floor":[69,69,69,69,69,69,66,54,54,48,45,38,9,9,30,0],"gold":158,"neow_bonus":"RANDOM_COMMON_RELIC","is_prod":false,"is_daily":false,"chose_seed":false,"campfire_upgraded":1,"win_rate":0,"timestamp":1531508950,"path_taken":["M","$","M","M","$","R","M","?","T","E","M","M","E","M","R","BOSS"],"build_version":"2018-07-12","purchased_purges":1,"victory":false,"max_hp_per_floor":[70,70,70,70,70,70,70,70,70,70,70,70,70,70,70,70],"card_choices":[{"not_picked":["Skewer","Dodge and Roll"],"picked":"Dagger Spray","floor":1},{"not_picked":["Deflect","Cloak And Dagger","Flechettes"],"picked":"SKIP","floor":3},{"not_picked":["Outmaneuver","Concentrate","PiercingWail"],"picked":"SKIP","floor":4},{"not_picked":["Prepared","Cloak And Dagger"],"picked":"Backflip","floor":7},{"not_picked":["Well Laid Plans","Tools of the Trade"],"picked":"All Out Attack","floor":10},{"not_picked":["Blade Dance","PiercingWail","Bane"],"picked":"SKIP","floor":11},{"not_picked":["Underhanded Strike","Bane","Leg Sweep"],"picked":"SKIP","floor":12},{"not_picked":["A Thousand Cuts","Dodge and Roll","Reflex"],"picked":"SKIP","floor":13},{"not_picked":["PiercingWail","Predator","Poisoned Stab"],"picked":"SKIP","floor":14}],"player_experience":248445,"relics_obtained":[{"floor":9,"key":"Thread and Needle"},{"floor":10,"key":"Happy Flower"},{"floor":13,"key":"Pen Nib"}],"event_choices":[{"event_name":"Scrap Ooze","player_choice":"success","floor":8,"damage_taken":12}],"boss_relics":[],"items_purged_floors":[2],"is_endless":false,"potions_floor_spawned":[1,3,10,13,14],"killed_by":"The Guardian","ascension_level":0}