{"gold_per_floor":[114,114,133,133,152,152,83,103,183,217,217,252,252,60,60,162,162,173,189,207,79,0,100,100,111,138,138,155,155,155,155,155,155],"floor_reached":33,"playtime":3155,"items_purged":[],"score":253,"play_id":"0ca764a7-66b7-4681-a1a4-c17d3524ef71","local_time":"20190218233457","is_ascension_mode":false,"campfire_choices":[{"data":"Gash","floor":6,"key":"SMITH"},{"floor":11,"key":"REST"},{"floor":15,"key":"REST"},{"floor":24,"key":"RECALL"},{"data":"Gash","floor":27,"key":"SMITH"},{"floor":29,"key":"REST"},{"floor":32,"key":"REST"}],"neow_cost":"NONE","seed_source_timestamp":281402403772837,"circlet_count":0,"master_deck":["Strike_B","Strike_B","Defend_B","Defend_B","Defend_B","Defend_B","Zap","Dualcast","Gash+1","Redo","Blizzard","Rebound","Reinforced Body","Rebound","Gash+1","Defragment+1","Coolheaded","Leap","Buffer+1","Auto Shields","Leap+1","Reprogram","Coolheaded","Self Repair+1","Fusion","Reboot","All For One","Gash"],"relics":["Cracked Core","Frozen Egg 2","Oddly Smooth Stone","Dodecahedron","Sozu"],"potions_floor_usage":[10,16],"damage_taken":[{"damage":0,"enemies":"Cultist","floor":1,"turns":4},{"damage":8,"enemies":"2 Louse","floor":3,"turns":3},{"damage":0,"enemies":"Small Slimes","floor":5,"turns":3},{"damage":19,"enemies":"Exordium Thugs","floor":8,"turns":6},{"damage":52,"enemies":"3 Sentries","floor":10,"turns":9},{"damage":18,"enemies":"Gremlin Nob","floor":12,"turns":4},{"damage":38,"enemies":"Hexaghost","floor":16,"turns":9},{"damage":6,"enemies":"Shell Parasite","floor":18,"turns":6},{"damage":1,"enemies":"3 Byrds","floor":19,"turns":7},{"damage":13,"enemies":"Snake Plant","floor":20,"turns":7},{"damage":0,"enemies":"Snecko","floor":25,"turns":6},{"damage":51,"enemies":"Cultist and Chosen","floor":28,"turns":12},{"damage":71,"enemies":"Champ","floor":33,"turns":22}],"seed_played":"-6781573600646577983","potions_obtained":[{"floor":8,"key":"FocusPotion"},{"floor":12,"key":"EssenceOfSteel"},{"floor":16,"key":"Strength Potion"}],"is_trial":false,"path_per_floor":["?","?","M","?","$","?","?","M","?","?"],"character_chosen":"DEFECT","items_purchased":["Blizzard","Gash","Defragment+1","Coolheaded","Leap","Coolheaded","Self Repair+1"],"campfire_rested":4,"item_purchase_floors":[7,14,14,14,14,21,21],"current_hp_per_floor":[75,68,60,75,75,75,75,56,56,4,26,8,33,33,55,17,75,69,68,55,55,55,55,55,65,65,65,24,46,46,46,68,0],"gold":155,"neow_bonus":"THREE_CARDS","is_prod":false,"is_daily":false,"chose_seed":false,"campfire_upgraded":2,"win_rate":0,"timestamp":1550543697,"path_taken":["M","?","M","?","?","R","$","M","T","E","R","E","?","?","R","BOSS","M","M","M","$","?","?","R","?","T","R","M","R","?","?","R","BOSS"],"build_version":"2019-01-23","purchased_purges":0,"victory":false,"max_hp_per_floor":[75,75,75,75,75,75,75,75,75,75,75,75,75,75,75,75,75,75,75,75,75,75,75,75,75,75,75,75,75,75,75,75,75],"card_choices":[{"not_picked":["Double Energy","Sweeping Beam"],"picked":"Chaos","floor":0},{"not_picked":["Coolheaded","Turbo"],"picked":"Gash","floor":1},{"not_picked":["Scrape","FTL","Darkness"],"picked":"SKIP","floor":3},{"not_picked":["Self Repair","Go for the Eyes"],"picked":"Redo","floor":5},{"not_picked":["Turbo","Steam"],"picked":"Rebound","floor":8},{"not_picked":["Compile Driver","Sunder"],"picked":"Reinforced Body","floor":10},{"not_picked":["Coolheaded","Reboot"],"picked":"Rebound","floor":12},{"not_picked":["Creative AI+1","Biased Cognition+1"],"picked":"Buffer+1","floor":16},{"not_picked":["Turbo+1","White Noise"],"picked":"Auto Shields","floor":18},{"not_picked":["BootSequence","Redo"],"picked":"Leap+1","floor":19},{"not_picked":["Barrage","Redo"],"picked":"Reprogram","floor":20},{"not_picked":["Blizzard","Heatsinks+1","Go for the Eyes"],"picked":"SKIP","floor":25},{"not_picked":["Rebound","Barrage"],"picked":"Fusion","floor":28}],"player_experience":210090,"relics_obtained":[{"floor":9,"key":"Frozen Egg 2"},{"floor":10,"key":"Oddly Smooth Stone"},{"floor":12,"key":"Dodecahedron"}],"event_choices":[{"damage_healed":0,"gold_gain":0,"player_choice":"Fled","damage_taken":7,"max_hp_gain":0,"max_hp_loss":0,"event_name":"Scrap Ooze","floor":2,"gold_loss":0},{"cards_removed":["Chaos"],"damage_healed":15,"gold_gain":0,"player_choice":"Offered Uncommon","damage_taken":0,"max_hp_gain":0,"max_hp_loss":0,"event_name":"Bonfire Elementals","floor":4,"gold_loss":0},{"damage_healed":25,"gold_gain":0,"player_choice":"Banana","damage_taken":0,"max_hp_gain":0,"max_hp_loss":0,"event_name":"Big Fish","floor":13,"gold_loss":0},{"damage_healed":0,"gold_gain":0,"player_choice":"Paid Fearfully","damage_taken":0,"max_hp_gain":0,"max_hp_loss":0,"event_name":"Masked Bandits","floor":22,"gold_loss":79},{"damage_healed":0,"gold_gain":100,"player_choice":"Pray","damage_taken":0,"max_hp_gain":0,"max_hp_loss":0,"event_name":"Golden Shrine","floor":23,"gold_loss":0},{"damage_healed":0,"gold_gain":0,"cards_transformed":["Strike_B","Strike_B"],"player_choice":"Became Test Subject","damage_taken":0,"max_hp_gain":0,"max_hp_loss":0,"event_name":"Drug Dealer","floor":30,"gold_loss":0,"cards_obtained":["Reboot","All For One"]},{"damage_healed":0,"gold_gain":0,"player_choice":"Read","damage_taken":0,"max_hp_gain":0,"max_hp_loss":0,"event_name":"The Library","floor":31,"gold_loss":0,"cards_obtained":["Gash"]}],"is_beta":false,"boss_relics":[{"not_picked":["Ectoplasm","Eternal Feather"],"picked":"Sozu"}],"items_purged_floors":[],"is_endless":false,"potions_floor_spawned":[8,12,16,20,28],"killed_by":"Champ","ascension_level":0}