{"gold_per_floor":[118,118,132,57,75,75,106,106,106,126,143,143,143,168,168,269,269,279,86,86,104,4,30,30,45,68,68,85,110,128,3,3,106,106,118,118,118,118,218,218,237,237,310,310,310,13,43,61,61,61],"floor_reached":51,"playtime":2350,"items_purged":["Strike_R","Strike_R","Strike_R","Strike_R"],"score":1279,"play_id":"295c4327-3998-44e1-8b8f-ab38bf048149","local_time":"20190328012855","is_ascension_mode":true,"campfire_choices":[{"data":"Bash","floor":6,"key":"SMITH"},{"data":"Armaments","floor":8,"key":"SMITH"},{"floor":15,"key":"REST"},{"data":"Flame Barrier","floor":24,"key":"SMITH"},{"floor":27,"key":"REST"},{"floor":32,"key":"REST"},{"data":"Spot Weakness","floor":40,"key":"SMITH"},{"data":"Feed","floor":42,"key":"SMITH"},{"data":"Shockwave","floor":44,"key":"SMITH"},{"data":"Hemokinesis","floor":49,"key":"SMITH"}],"neow_cost":"NONE","seed_source_timestamp":48624887363700,"circlet_count":0,"master_deck":["AscendersBane","Defend_R","Defend_R","Defend_R","Bash+1","Clothesline+1","Spot Weakness+1","Armaments+1","Hemokinesis+1","Uppercut","Flame Barrier+1","Whirlwind+1","Shockwave+1","Feed+1","Pummel+1","Limit Break+1","Rampage+1"],"relics":["Burning Blood","Centennial Puzzle","Shuriken","Kunai","Sozu","Lee\u0027s Waffle","Toxic Egg 2","Ancient Tea Set","Bag of Marbles","Snecko Eye","Calipers","Blue Candle","Boot","Mummified Hand"],"potions_floor_usage":[16,21],"damage_taken":[{"damage":4,"enemies":"Jaw Worm","floor":1,"turns":4},{"damage":0,"enemies":"Cultist","floor":3,"turns":3},{"damage":2,"enemies":"2 Louse","floor":5,"turns":4},{"damage":30,"enemies":"Gremlin Nob","floor":7,"turns":5},{"damage":4,"enemies":"Looter","floor":10,"turns":4},{"damage":8,"enemies":"2 Fungi Beasts","floor":11,"turns":4},{"damage":21,"enemies":"Lagavulin","floor":14,"turns":6},{"damage":42,"enemies":"The Guardian","floor":16,"turns":13},{"damage":22,"enemies":"Spheric Guardian","floor":18,"turns":4},{"damage":9,"enemies":"2 Thieves","floor":21,"turns":4},{"damage":40,"enemies":"Book of Stabbing","floor":23,"turns":5},{"damage":14,"enemies":"Centurion and Healer","floor":25,"turns":7},{"damage":2,"enemies":"Snecko","floor":28,"turns":3},{"damage":43,"enemies":"Gremlin Leader","floor":29,"turns":7},{"damage":7,"enemies":"Chosen and Byrds","floor":30,"turns":3},{"damage":77,"enemies":"Champ","floor":33,"turns":13},{"damage":0,"enemies":"3 Darklings","floor":35,"turns":2},{"damage":3,"enemies":"Mind Bloom Boss Battle","floor":39,"turns":5},{"damage":0,"enemies":"3 Shapes","floor":41,"turns":2},{"damage":2,"enemies":"Reptomancer","floor":47,"turns":3},{"damage":16,"enemies":"3 Darklings","floor":48,"turns":3},{"damage":55,"enemies":"Awakened One","floor":50,"turns":8}],"seed_played":"6394069263140364212","potions_obtained":[{"floor":1,"key":"EssenceOfSteel"},{"floor":7,"key":"SpeedPotion"}],"is_trial":false,"path_per_floor":["?","M","?","?","?","$","M","?","?","?","?","$","M"],"character_chosen":"IRONCLAD","items_purchased":["Lee\u0027s Waffle","Boot"],"campfire_rested":3,"item_purchase_floors":[19,46],"current_hp_per_floor":[82,82,88,88,88,88,64,64,64,66,64,57,62,47,74,38,79,63,100,100,97,97,63,63,58,58,88,95,62,64,64,97,26,91,97,97,97,97,103,103,113,113,113,113,113,113,118,108,108,59],"gold":61,"neow_bonus":"TEN_PERCENT_HP_BONUS","is_prod":false,"is_daily":false,"chose_seed":false,"campfire_upgraded":7,"win_rate":0,"timestamp":1553750935,"path_taken":["M","?","M","$","M","R","E","R","T","M","?","?","?","E","R","BOSS","M","$","?","M","?","E","R","M","T","R","M","E","?","$","R","BOSS","M","?","$","?","?","R","M","R","T","R","?","?","E","?","R","BOSS"],"build_version":"2019-01-23","purchased_purges":4,"victory":true,"max_hp_per_floor":[88,88,88,88,88,88,88,88,88,88,88,88,93,93,93,93,93,93,100,100,100,100,100,100,103,103,103,106,110,113,113,113,113,113,113,113,113,107,110,110,114,114,114,114,114,114,118,118,118,118],"card_choices":[{"not_picked":["Seeing Red","Anger"],"picked":"Clothesline","floor":1},{"not_picked":["Havoc","Juggernaut"],"picked":"Spot Weakness","floor":3},{"not_picked":["Havoc","Clash"],"picked":"Armaments","floor":5},{"not_picked":["Thunderclap","Battle Trance"],"picked":"Hemokinesis","floor":7},{"not_picked":["Dropkick","Headbutt"],"picked":"Uppercut","floor":10},{"not_picked":["Twin Strike","Flex","Cleave"],"picked":"SKIP","floor":11},{"not_picked":["Corruption","Perfected Strike"],"picked":"Flame Barrier","floor":14},{"not_picked":["Warcry","Ghostly Armor+1"],"picked":"Whirlwind+1","floor":18},{"not_picked":["Heavy Blade","Pommel Strike","Clothesline"],"picked":"SKIP","floor":21},{"not_picked":["Metallicize","Cleave+1"],"picked":"Feed","floor":23},{"not_picked":["Entrench+1","Searing Blow"],"picked":"Pummel+1","floor":25},{"not_picked":["Havoc+1","Sever Soul+1","Perfected Strike+1"],"picked":"SKIP","floor":28},{"not_picked":["Dark Embrace","Havoc+1","Cleave+1"],"picked":"SKIP","floor":29},{"not_picked":["Twin Strike+1","Perfected Strike+1","Corruption"],"picked":"SKIP","floor":30},{"not_picked":["Bludgeon","Dark Embrace"],"picked":"Limit Break+1","floor":33},{"not_picked":["Second Wind+1","Sword Boomerang"],"picked":"Rampage+1","floor":35},{"not_picked":["Thunderclap+1","Iron Wave+1","Anger"],"picked":"SKIP","floor":41},{"not_picked":["Shockwave+1","Headbutt","Clash+1"],"picked":"SKIP","floor":47},{"not_picked":["Warcry+1","Reckless Charge","Flex+1"],"picked":"SKIP","floor":48}],"player_experience":335531,"relics_obtained":[{"floor":7,"key":"Centennial Puzzle"},{"floor":9,"key":"Shuriken"},{"floor":14,"key":"Kunai"},{"floor":23,"key":"Toxic Egg 2"},{"floor":26,"key":"Ancient Tea Set"},{"floor":29,"key":"Bag of Marbles"},{"floor":39,"key":"Calipers"},{"floor":43,"key":"Blue Candle"},{"floor":47,"key":"Mummified Hand"}],"event_choices":[{"damage_healed":0,"gold_gain":0,"player_choice":"Upgraded","damage_taken":0,"max_hp_gain":0,"max_hp_loss":0,"event_name":"Upgrade Shrine","floor":2,"gold_loss":0,"cards_upgraded":["Clothesline"]},{"cards_removed":["Strike_R"],"damage_healed":0,"gold_gain":0,"player_choice":"Card Removal","damage_taken":7,"max_hp_gain":0,"max_hp_loss":0,"event_name":"Golden Wing","floor":12,"gold_loss":0},{"damage_healed":0,"gold_gain":0,"player_choice":"Donut","damage_taken":0,"max_hp_gain":5,"max_hp_loss":0,"event_name":"Big Fish","floor":13,"gold_loss":0},{"damage_healed":0,"gold_gain":0,"player_choice":"1 cards matched","damage_taken":0,"max_hp_gain":0,"max_hp_loss":0,"event_name":"Match and Keep!","floor":20,"gold_loss":0,"cards_obtained":["Shockwave"]},{"damage_healed":0,"gold_gain":0,"player_choice":"Ignored","damage_taken":0,"max_hp_gain":0,"max_hp_loss":0,"event_name":"Mysterious Sphere","floor":36,"gold_loss":0},{"damage_healed":0,"gold_gain":0,"player_choice":"Max HP","damage_taken":0,"max_hp_gain":0,"max_hp_loss":6,"event_name":"Winding Halls","floor":38,"gold_loss":0},{"damage_healed":0,"gold_gain":0,"player_choice":"Fight","damage_taken":0,"max_hp_gain":0,"max_hp_loss":0,"event_name":"MindBloom","floor":39,"gold_loss":0},{"cards_removed":["Defend_R"],"damage_healed":0,"gold_gain":0,"player_choice":"Removed Skill","damage_taken":0,"max_hp_gain":0,"max_hp_loss":0,"event_name":"Falling","floor":45,"gold_loss":0}],"is_beta":false,"boss_relics":[{"not_picked":["Runic Pyramid","Orrery"],"picked":"Sozu"},{"not_picked":["Black Blood","Runic Dome"],"picked":"Snecko Eye"}],"items_purged_floors":[4,22,31,46],"is_endless":false,"potions_floor_spawned":[1,7,14,18,21,25,33,39,47,48],"ascension_level":11}