{"gold_per_floor":[111,129,146,105,105,105,139,139,139,139,155,181,192,204,204,204],"floor_reached":16,"playtime":1398,"items_purged":[],"score":112,"play_id":"63419059-8c73-4480-b34c-0cf22b68dac2","local_time":"20190331055314","is_ascension_mode":false,"campfire_choices":[{"data":"Neutralize","floor":6,"key":"SMITH"},{"floor":8,"key":"REST"},{"data":"Doppelganger","floor":10,"key":"SMITH"},{"floor":15,"key":"REST"}],"neow_cost":"NONE","seed_source_timestamp":55466667086062,"circlet_count":0,"master_deck":["Defend_G","Defend_G","Defend_G","Defend_G","Defend_G","Strike_G","Strike_G","Strike_G","Strike_G","Survivor","Neutralize+1","PiercingWail","Dagger Spray","Doppelganger+1","Backflip","Tools of the Trade","Sucker Punch"],"relics":["Ring of the Snake","Blue Candle","Regal Pillow","Ancient Tea Set"],"potions_floor_usage":[7,11,12,16],"damage_taken":[{"damage":0,"enemies":"Small Slimes","floor":1,"turns":5},{"damage":0,"enemies":"2 Louse","floor":2,"turns":2},{"damage":1,"enemies":"Cultist","floor":3,"turns":4},{"damage":25,"enemies":"Lagavulin","floor":7,"turns":10},{"damage":1,"enemies":"Large Slime","floor":11,"turns":5},{"damage":38,"enemies":"Gremlin Nob","floor":12,"turns":6},{"damage":0,"enemies":"2 Fungi Beasts","floor":13,"turns":4},{"damage":0,"enemies":"Blue Slaver","floor":14,"turns":5},{"damage":64,"enemies":"Hexaghost","floor":16,"turns":16}],"seed_played":"-5540750406265361186","potions_obtained":[{"floor":2,"key":"GamblersBrew"},{"floor":7,"key":"Explosive Potion"},{"floor":11,"key":"SteroidPotion"},{"floor":12,"key":"GamblersBrew"},{"floor":14,"key":"Ancient Potion"}],"is_trial":false,"path_per_floor":["?","?","M"],"character_chosen":"THE_SILENT","items_purchased":[],"campfire_rested":2,"item_purchase_floors":[],"current_hp_per_floor":[70,70,69,69,69,69,44,65,65,65,64,26,26,26,62,0],"gold":204,"neow_bonus":"THREE_CARDS","is_prod":false,"is_daily":false,"chose_seed":false,"campfire_upgraded":2,"win_rate":0,"timestamp":1554022394,"path_taken":["M","M","M","?","?","R","E","R","T","R","M","E","?","M","R","BOSS"],"build_version":"2019-01-23","purchased_purges":0,"victory":false,"max_hp_per_floor":[70,70,70,70,70,70,70,70,70,70,70,70,70,70,70,70],"card_choices":[{"not_picked":["Underhanded Strike","Deflect"],"picked":"PiercingWail","floor":0},{"not_picked":["Bane","Eviscerate"],"picked":"Dagger Spray","floor":1},{"not_picked":["Underhanded Strike","Dagger Throw","Choke"],"picked":"SKIP","floor":2},{"not_picked":["Prepared","Skewer","Deflect"],"picked":"SKIP","floor":3},{"not_picked":["Quick Slash","Flying Knee"],"picked":"Backflip","floor":7},{"not_picked":["Dagger Spray","Flying Knee"],"picked":"Tools of the Trade","floor":11},{"not_picked":["Bane","Underhanded Strike","Terror"],"picked":"SKIP","floor":12},{"not_picked":["Flechettes","Dagger Throw"],"picked":"Sucker Punch","floor":13},{"not_picked":["Slice","Concentrate","Blade Dance"],"picked":"SKIP","floor":14}],"player_experience":521423,"relics_obtained":[{"floor":7,"key":"Blue Candle"},{"floor":9,"key":"Regal Pillow"},{"floor":12,"key":"Ancient Tea Set"}],"event_choices":[{"damage_healed":0,"gold_gain":0,"player_choice":"Left Gold","damage_taken":0,"max_hp_gain":0,"max_hp_loss":0,"event_name":"World of Goop","floor":4,"gold_loss":41},{"damage_healed":0,"gold_gain":0,"cards_transformed":["Strike_G"],"player_choice":"Transformed","damage_taken":0,"max_hp_gain":0,"max_hp_loss":0,"event_name":"Transmorgrifier","floor":5,"gold_loss":0,"cards_obtained":["Doppelganger"]}],"is_beta":false,"boss_relics":[],"items_purged_floors":[],"is_endless":false,"potions_floor_spawned":[2,7,11,12,14],"killed_by":"Hexaghost","ascension_level":0}