{"gold_per_floor":[117,133,57,57,57,57,71,84,114,289,301,226,241,255,255,352,352,372,287,116,116,81,81,101,116,168,168,180,180],"floor_reached":29,"playtime":615,"items_purged":["Doubt","Defend_B"],"score":307,"play_id":"4dfd24f4-0001-4a4c-8acd-50662c3642be","local_time":"20190324204824","is_ascension_mode":true,"campfire_choices":[{"data":"Zap","floor":6,"key":"SMITH"},{"floor":15,"key":"REST"},{"data":"Rainbow","floor":23,"key":"SMITH"},{"floor":27,"key":"REST"}],"neow_cost":"NONE","seed_source_timestamp":7855100886287499,"circlet_count":0,"master_deck":["Strike_B","Strike_B","Strike_B","Strike_B","Defend_B","Defend_B","Defend_B","Zap+1","Dualcast","Consume","Blizzard+1","Skim","Blizzard+1","Ball Lightning","Electrodynamics","Rainbow+1","Defragment","Doom and Gloom","Cold Snap+1","Coolheaded+1"],"relics":["FrozenCore","Dream Catcher","Tiny Chest","Bird Faced Urn","Whetstone"],"potions_floor_usage":[11,14,14],"damage_taken":[{"damage":3,"enemies":"2 Louse","floor":1,"turns":2},{"damage":12,"enemies":"Jaw Worm","floor":2,"turns":3},{"damage":5,"enemies":"Cultist","floor":7,"turns":4},{"damage":17,"enemies":"Looter","floor":8,"turns":3},{"damage":16,"enemies":"Blue Slaver","floor":11,"turns":3},{"damage":10,"enemies":"2 Fungi Beasts","floor":13,"turns":3},{"damage":7,"enemies":"3 Louse","floor":14,"turns":3},{"damage":0,"enemies":"Slime Boss","floor":16,"turns":6},{"damage":10,"enemies":"Chosen","floor":18,"turns":4},{"damage":40,"enemies":"3 Byrds","floor":24,"turns":4},{"damage":15,"enemies":"3 Cultists","floor":25,"turns":3},{"damage":42,"enemies":"Cultist and Chosen","floor":28,"turns":7},{"damage":18,"enemies":"Snake Plant","floor":29,"turns":1}],"seed_played":"-8097838554887980883","potions_obtained":[{"floor":1,"key":"FairyPotion"},{"floor":7,"key":"LiquidBronze"},{"floor":11,"key":"LiquidBronze"},{"floor":13,"key":"Energy Potion"},{"floor":18,"key":"Swift Potion"},{"floor":25,"key":"FocusPotion"}],"is_trial":false,"path_per_floor":["M","M","$","?","T","R","M","M","T","?","M","$","M","M","R","B",null,"M","?","$","?","$","R","M","M","T","R","M","M"],"character_chosen":"DEFECT","items_purchased":["Blizzard","Defragment","Doom and Gloom"],"campfire_rested":2,"item_purchase_floors":[3,20,22],"current_hp_per_floor":[79,67,67,82,82,82,77,60,60,60,44,44,34,27,51,51,82,72,72,72,72,72,72,34,23,23,47,7,0],"gold":180,"neow_bonus":"TEN_PERCENT_HP_BONUS","is_prod":false,"is_daily":false,"chose_seed":false,"campfire_upgraded":2,"win_rate":0,"timestamp":1553474904,"path_taken":["M","M","$","?","?","R","M","?","T","?","M","$","M","M","R","BOSS","M","?","$","?","$","R","M","M","T","R","M","M"],"build_version":"2019-01-23","purchased_purges":2,"victory":false,"max_hp_per_floor":[82,82,82,82,82,82,82,82,82,82,82,82,82,82,82,82,82,82,82,82,82,82,82,82,82,82,82,82,82],"card_choices":[{"not_picked":["Heatsinks","Hello World"],"picked":"Consume","floor":1},{"not_picked":["Go for the Eyes","Hologram","Genetic Algorithm"],"picked":"SKIP","floor":2},{"not_picked":["Hologram","Rip and Tear"],"picked":"Skim","floor":7},{"not_picked":["Storm","Barrage","Beam Cell"],"picked":"SKIP","floor":8},{"not_picked":["Conserve Battery","Steam","Rebound"],"picked":"SKIP","floor":11},{"not_picked":["Beam Cell","Chaos"],"picked":"Blizzard","floor":13},{"not_picked":["Conserve Battery","Hello World"],"picked":"Ball Lightning","floor":14},{"not_picked":["Steam","Undo"],"picked":"Electrodynamics","floor":15},{"not_picked":["Echo Form","Buffer"],"picked":"Rainbow","floor":16},{"not_picked":["Sunder","Compile Driver","Streamline"],"picked":"SKIP","floor":18},{"not_picked":["Chill","Consume"],"picked":"Cold Snap+1","floor":24},{"not_picked":["Hyperbeam","Barrage","Gash"],"picked":"SKIP","floor":25},{"not_picked":["Streamline","Aggregate"],"picked":"Coolheaded+1","floor":28}],"player_experience":477078,"relics_obtained":[{"floor":5,"key":"Dream Catcher"},{"floor":9,"key":"Tiny Chest"},{"floor":26,"key":"Whetstone"}],"event_choices":[{"damage_healed":27,"gold_gain":0,"player_choice":"Banana","damage_taken":0,"max_hp_gain":0,"max_hp_loss":0,"event_name":"Big Fish","floor":4,"gold_loss":0},{"damage_healed":0,"gold_gain":175,"player_choice":"AGREE","damage_taken":0,"max_hp_gain":0,"max_hp_loss":0,"event_name":"Liars Game","floor":10,"gold_loss":0,"cards_obtained":["Doubt"]},{"damage_healed":0,"gold_gain":0,"player_choice":"Obtained Relic","damage_taken":0,"relics_obtained":["Bird Faced Urn"],"max_hp_gain":0,"max_hp_loss":0,"event_name":"Addict","floor":19,"gold_loss":85},{"damage_healed":0,"gold_gain":0,"player_choice":"Ignored","damage_taken":0,"max_hp_gain":0,"max_hp_loss":0,"event_name":"The Mausoleum","floor":21,"gold_loss":0}],"is_beta":false,"boss_relics":[{"not_picked":["Eternal Feather","Coffee Dripper"],"picked":"FrozenCore"}],"items_purged_floors":[12,20],"is_endless":false,"potions_floor_spawned":[1,7,11,13,18,25],"killed_by":"Snake Plant","ascension_level":3}