{"gold_per_floor":[368,338,353,55,69,69,69,100,100,100,114,114,114,128,128,232,232,246,94,125,125,225,253,253,280,280,280,294,351,363,383,383,482,482,497,719,280,293,293,293,318,335,335,335,351,301,301,301,301,301],"floor_reached":50,"playtime":1442,"items_purged":["Injury","Defend_B","Defend_B"],"score":745,"play_id":"6510bd47-cd21-4577-9080-e55fd33a8348","local_time":"20190324213526","is_ascension_mode":true,"campfire_choices":[{"data":"Hyperbeam","floor":6,"key":"SMITH"},{"data":"Sweeping Beam","floor":10,"key":"SMITH"},{"data":"FTL","floor":13,"key":"SMITH"},{"data":"Beam Cell","floor":15,"key":"SMITH"},{"data":"Seek","floor":24,"key":"SMITH"},{"data":"Rebound","floor":27,"key":"SMITH"},{"data":"Zap","floor":32,"key":"SMITH"},{"data":"Dualcast","floor":40,"key":"SMITH"},{"data":"Melter","floor":44,"key":"SMITH"},{"data":"Defend_B","floor":47,"key":"SMITH"},{"floor":49,"key":"REST"}],"neow_cost":"CURSE","seed_source_timestamp":7857095227699433,"circlet_count":0,"master_deck":["Strike_B","Strike_B+1","Strike_B","Strike_B","Defend_B+1","Defend_B","Zap+1","Dualcast+1","Beam Cell+1","Hyperbeam+1","Beam Cell+1","Sweeping Beam+1","FTL+1","Seek+1","Melter+1","Rebound+1","Rebound+1","Parasite"],"relics":["Cracked Core","Whetstone","Anchor","Pear","Bag of Preparation","Runic Dome","Red Mask","Bottled Lightning","Emotion Chip","Symbiotic Virus","PreservedInsect","Lantern","Matryoshka","Tiny Chest","Sozu","Bag of Marbles","Gambling Chip","Smiling Mask","Toxic Egg 2","Pen Nib","Pantograph"],"potions_floor_usage":[3,8,16,16,33,50,50,50],"damage_taken":[{"damage":2,"enemies":"Jaw Worm","floor":1,"turns":3},{"damage":0,"enemies":"Cultist","floor":3,"turns":2},{"damage":0,"enemies":"2 Louse","floor":5,"turns":1},{"damage":15,"enemies":"Lagavulin","floor":8,"turns":3},{"damage":0,"enemies":"Exordium Thugs","floor":11,"turns":1},{"damage":0,"enemies":"Exordium Wildlife","floor":14,"turns":1},{"damage":34,"enemies":"Hexaghost","floor":16,"turns":7},{"damage":0,"enemies":"3 Byrds","floor":18,"turns":2},{"damage":0,"enemies":"Masked Bandits","floor":20,"turns":1},{"damage":0,"enemies":"Colosseum Slavers","floor":22,"turns":1},{"damage":0,"enemies":"Colosseum Nobs","floor":22,"turns":1},{"damage":0,"enemies":"Gremlin Leader","floor":23,"turns":3},{"damage":0,"enemies":"Book of Stabbing","floor":25,"turns":2},{"damage":0,"enemies":"Shell Parasite","floor":28,"turns":1},{"damage":0,"enemies":"Gremlin Leader","floor":29,"turns":2},{"damage":0,"enemies":"Shelled Parasite and Fungi","floor":30,"turns":1},{"damage":0,"enemies":"Cultist and Chosen","floor":31,"turns":1},{"damage":50,"enemies":"Collector","floor":33,"turns":5},{"damage":0,"enemies":"Orb Walker","floor":35,"turns":2},{"damage":0,"enemies":"3 Darklings","floor":38,"turns":1},{"damage":0,"enemies":"Reptomancer","floor":41,"turns":2},{"damage":13,"enemies":"Maw","floor":42,"turns":6},{"damage":0,"enemies":"Writhing Mass","floor":45,"turns":2},{"damage":127,"enemies":"Time Eater","floor":50,"turns":8}],"seed_played":"-4384009567958956806","potions_obtained":[{"floor":1,"key":"AttackPotion"},{"floor":2,"key":"PowerPotion"},{"floor":2,"key":"Dexterity Potion"},{"floor":11,"key":"Poison Potion"},{"floor":22,"key":"SteroidPotion"},{"floor":23,"key":"PowerPotion"},{"floor":29,"key":"FearPotion"},{"floor":33,"key":"Dexterity Potion"}],"is_trial":false,"path_per_floor":["M","?","M","$","M","R","$","E","T","R","M","?","R","M","R","B",null,"M","$","?","T","?","E","R","E","T","R","M","E","M","M","R","B",null,"M","?","$","M","?","R","E","M","T","R","M","$","R","T","R","B"],"character_chosen":"DEFECT","items_purchased":["Hyperbeam","Whetstone","Melter","Bag of Marbles","Mayhem"],"campfire_rested":1,"item_purchase_floors":[4,4,19,37,37],"current_hp_per_floor":[73,73,73,73,73,73,73,58,68,68,68,50,50,50,50,16,85,85,85,85,85,85,85,85,85,85,85,85,85,85,85,85,35,85,85,85,85,85,85,85,85,72,72,72,72,72,72,72,85,0],"gold":301,"neow_bonus":"TWO_FIFTY_GOLD","is_prod":false,"is_daily":false,"chose_seed":false,"campfire_upgraded":10,"win_rate":0,"timestamp":1553477726,"path_taken":["M","?","M","$","?","R","$","E","T","R","M","?","R","M","R","BOSS","M","$","?","?","?","E","R","E","T","R","M","E","M","M","R","BOSS","M","?","$","M","?","R","E","M","T","R","M","$","R","?","R","BOSS"],"build_version":"2019-01-23","purchased_purges":3,"victory":false,"max_hp_per_floor":[75,75,75,75,75,75,75,75,85,85,85,85,85,85,85,85,85,85,85,85,85,85,85,85,85,85,85,85,85,85,85,85,85,85,85,85,85,85,85,85,85,85,85,85,85,85,85,85,85,85],"card_choices":[{"not_picked":["Turbo","Go for the Eyes"],"picked":"Beam Cell","floor":1},{"not_picked":["Ball Lightning","Consume","Steam"],"picked":"SKIP","floor":3},{"not_picked":["Hologram","Scrape"],"picked":"Beam Cell","floor":5},{"not_picked":["Defragment","Conserve Battery"],"picked":"Sweeping Beam","floor":8},{"not_picked":["Compile Driver","Self Repair"],"picked":"FTL","floor":11},{"not_picked":["Steam","Gash","Scrape"],"picked":"SKIP","floor":14},{"not_picked":["Meteor Strike","Fission"],"picked":"Seek","floor":16},{"not_picked":["Streamline","Loop","Leap"],"picked":"SKIP","floor":18},{"not_picked":["Self Repair","Reinforced Body"],"picked":"Rebound+1","floor":22},{"not_picked":["Fusion","Consume","Go for the Eyes"],"picked":"SKIP","floor":23},{"not_picked":["Creative AI","Capacitor"],"picked":"Rebound","floor":25},{"not_picked":["Rebound","Ball Lightning","Redo"],"picked":"SKIP","floor":28},{"not_picked":["Steam","Barrage+1","Leap"],"picked":"SKIP","floor":29},{"not_picked":["Rip and Tear","Cold Snap","Steam"],"picked":"SKIP","floor":30},{"not_picked":["Static Discharge","Streamline+1","Undo"],"picked":"SKIP","floor":31},{"not_picked":["Barrage","Ball Lightning+1","Rip and Tear+1"],"picked":"SKIP","floor":35},{"not_picked":["Heatsinks","Steam","Ball Lightning"],"picked":"SKIP","floor":38},{"not_picked":["Steam Power","Force Field","Beam Cell+1"],"picked":"SKIP","floor":41},{"not_picked":["Ball Lightning","Doom and Gloom+1","Cold Snap"],"picked":"SKIP","floor":42},{"not_picked":["Streamline","Compile Driver","Rip and Tear+1"],"picked":"SKIP","floor":45}],"player_experience":479040,"relics_obtained":[{"floor":8,"key":"Anchor"},{"floor":9,"key":"Pear"},{"floor":20,"key":"Red Mask"},{"floor":21,"key":"Bottled Lightning"},{"floor":22,"key":"Emotion Chip"},{"floor":22,"key":"Symbiotic Virus"},{"floor":23,"key":"PreservedInsect"},{"floor":25,"key":"Lantern"},{"floor":26,"key":"Matryoshka"},{"floor":29,"key":"Tiny Chest"},{"floor":41,"key":"Gambling Chip"},{"floor":43,"key":"Smiling Mask"},{"floor":43,"key":"Toxic Egg 2"},{"floor":48,"key":"Pen Nib"},{"floor":48,"key":"Pantograph"}],"event_choices":[{"damage_healed":0,"gold_gain":0,"player_choice":"Bought 2 Potions","damage_taken":0,"max_hp_gain":0,"max_hp_loss":0,"event_name":"The Woman in Blue","floor":2,"gold_loss":0},{"damage_healed":0,"gold_gain":0,"player_choice":"Success","damage_taken":18,"relics_obtained":["Bag of Preparation"],"max_hp_gain":0,"max_hp_loss":0,"event_name":"Scrap Ooze","floor":12,"gold_loss":0},{"damage_healed":0,"gold_gain":0,"player_choice":"Fought Bandits","damage_taken":0,"max_hp_gain":0,"max_hp_loss":0,"event_name":"Masked Bandits","floor":20,"gold_loss":0},{"damage_healed":0,"gold_gain":0,"player_choice":"Fight","damage_taken":0,"max_hp_gain":0,"max_hp_loss":0,"event_name":"Colosseum","floor":22,"gold_loss":0},{"damage_healed":0,"gold_gain":0,"player_choice":"Fought Nobs","damage_taken":0,"max_hp_gain":0,"max_hp_loss":0,"event_name":"Colosseum","floor":22,"gold_loss":0},{"damage_healed":0,"gold_gain":222,"player_choice":"Wore Mask","damage_taken":0,"max_hp_gain":0,"max_hp_loss":0,"event_name":"Tomb of Lord Red Mask","floor":36,"gold_loss":0},{"cards_removed":["Mayhem"],"damage_healed":0,"gold_gain":0,"player_choice":"Removed Power","damage_taken":0,"max_hp_gain":0,"max_hp_loss":0,"event_name":"Falling","floor":39,"gold_loss":0}],"is_beta":false,"boss_relics":[{"not_picked":["Eternal Feather","Inserter"],"picked":"Runic Dome"},{"not_picked":["Black Star","Pandora\u0027s Box"],"picked":"Sozu"}],"items_purged_floors":[19,37,46],"is_endless":false,"potions_floor_spawned":[1,11,22,23,29,33,45],"killed_by":"Time Eater","ascension_level":3}