{"gold_per_floor":[114,133,145,70,245,278,278,228,228,228],"floor_reached":10,"playtime":184,"items_purged":["Defend_R"],"score":76,"play_id":"b1ac8b8b-fd7a-46d9-ba35-b2c27fb45beb","local_time":"20190325004126","is_ascension_mode":true,"campfire_choices":[{"data":"Rampage","floor":7,"key":"SMITH"}],"neow_cost":"NONE","seed_source_timestamp":7869515342149215,"circlet_count":0,"master_deck":["Strike_R","Strike_R","Strike_R","Strike_R","Strike_R","Defend_R","Defend_R","Defend_R","Bash","Purity","Rampage+1","Cleave","Pommel Strike"],"relics":["Burning Blood","Happy Flower","Blue Candle"],"potions_floor_usage":[6],"damage_taken":[{"damage":12,"enemies":"Jaw Worm","floor":1,"turns":2},{"damage":10,"enemies":"Cultist","floor":2,"turns":4},{"damage":12,"enemies":"Small Slimes","floor":3,"turns":2},{"damage":32,"enemies":"Gremlin Nob","floor":6,"turns":4},{"damage":40,"enemies":"3 Sentries","floor":10,"turns":4}],"seed_played":"-6330414928871253021","potions_obtained":[{"floor":1,"key":"Explosive Potion"}],"is_trial":false,"path_per_floor":["M","M","M","$","?","E","R","?","T","E"],"character_chosen":"IRONCLAD","items_purchased":[],"campfire_rested":0,"item_purchase_floors":[],"current_hp_per_floor":[74,70,64,64,64,38,38,38,38,0],"gold":228,"neow_bonus":"RANDOM_COLORLESS","is_prod":false,"is_daily":false,"chose_seed":false,"campfire_upgraded":1,"win_rate":0,"timestamp":1553488886,"path_taken":["M","M","M","$","?","E","R","?","T","E"],"build_version":"2019-01-23","purchased_purges":1,"victory":false,"max_hp_per_floor":[80,80,80,80,80,80,80,80,80,80],"card_choices":[{"not_picked":["Havoc","Sword Boomerang"],"picked":"Rampage","floor":1},{"not_picked":["Anger","Warcry"],"picked":"Cleave","floor":2},{"not_picked":["Clothesline","Sword Boomerang","Combust"],"picked":"SKIP","floor":3},{"not_picked":["Headbutt","Heavy Blade"],"picked":"Pommel Strike","floor":6}],"player_experience":490493,"relics_obtained":[{"floor":6,"key":"Happy Flower"},{"floor":9,"key":"Blue Candle"}],"event_choices":[{"damage_healed":0,"gold_gain":175,"player_choice":"AGREE","damage_taken":0,"max_hp_gain":0,"max_hp_loss":0,"event_name":"Liars Game","floor":5,"gold_loss":0,"cards_obtained":["Doubt"]},{"cards_removed":["Doubt"],"damage_healed":0,"gold_gain":0,"player_choice":"Card Removal","damage_taken":0,"max_hp_gain":0,"max_hp_loss":0,"event_name":"The Cleric","floor":8,"gold_loss":50}],"is_beta":false,"boss_relics":[],"items_purged_floors":[4],"is_endless":false,"potions_floor_spawned":[1],"killed_by":"3 Sentries","ascension_level":3}