{"gold_per_floor":[112,112,132,57,57,89,89,18,18,79,79,79,79,92,92,197,197,216,216,233,247,28,28,28,56,113,113,125,125],"floor_reached":29,"playtime":1104,"items_purged":["Defend_G","Strike_G"],"score":239,"play_id":"90e4bb26-ffe9-42db-a5d8-68422a30b266","local_time":"20180707030940","is_ascension_mode":false,"campfire_choices":[{"floor":7,"key":"REST"},{"floor":12,"key":"REST"},{"data":"Infinite Blades","floor":15,"key":"SMITH"},{"data":"Accuracy","floor":23,"key":"SMITH"},{"data":"Backflip","floor":27,"key":"SMITH"}],"neow_cost":"NONE","seed_source_timestamp":1386374626129980,"circlet_count":0,"master_deck":["Defend_G","Defend_G","Strike_G","Strike_G","Strike_G","Strike_G","Survivor","Neutralize","Infinite Blades+1","Accuracy+1","Backflip+1","Escape Plan+1","Infinite Blades+1","Dagger Throw"],"relics":["Ring of the Snake","Anchor","Mercury Hourglass","Frozen Egg 2","The Specimen","Orichalcum","Sozu","Bag of Preparation","Tiny Chest"],"potions_floor_usage":[16,16,21],"damage_taken":[{"damage":0,"enemies":"2 Louse","floor":1,"turns":4},{"damage":0,"enemies":"Small Slimes","floor":3,"turns":3},{"damage":33,"enemies":"3 Sentries","floor":6,"turns":9},{"damage":16,"enemies":"3 Sentries","floor":10,"turns":6},{"damage":0,"enemies":"Cultist","floor":14,"turns":3},{"damage":19,"enemies":"Hexaghost","floor":16,"turns":11},{"damage":18,"enemies":"Spheric Guardian","floor":18,"turns":4},{"damage":2,"enemies":"Shell Parasite","floor":20,"turns":6},{"damage":15,"enemies":"Snecko","floor":21,"turns":6},{"damage":17,"enemies":"Gremlin Leader","floor":25,"turns":7},{"damage":24,"enemies":"Snake Plant","floor":28,"turns":5},{"damage":18,"enemies":"Slavers","floor":29,"turns":3}],"seed_played":"-5073655043797325117","potions_obtained":[{"floor":1,"key":"Poison Potion"},{"floor":10,"key":"Block Potion"},{"floor":16,"key":"Fire Potion"}],"is_trial":false,"path_per_floor":["M","?","M","$","?","E","R","$","T","?","?","R","$","M","R","B",null,"M","?","M","M","$","R","?","E","T","R","M"],"character_chosen":"THE_SILENT","items_purchased":["Accuracy","Infinite Blades+1","Dagger Throw"],"campfire_rested":2,"item_purchase_floors":[8,22,22],"current_hp_per_floor":[70,70,70,70,70,37,58,58,58,42,24,45,45,45,45,26,70,52,52,50,35,35,35,58,41,41,41,17,0],"gold":125,"neow_bonus":"RANDOM_COMMON_RELIC","is_prod":false,"is_daily":false,"chose_seed":false,"campfire_upgraded":3,"win_rate":0.0,"timestamp":1530947380,"path_taken":["M","?","M","$","?","E","R","$","T","?","?","R","$","M","R","BOSS","M","?","M","M","$","R","?","E","T","R","M","E"],"build_version":"2018-07-05","purchased_purges":2,"victory":false,"max_hp_per_floor":[70,70,70,70,70,70,70,70,70,70,70,70,70,70,70,70,70,70,70,70,70,70,70,70,70,70,70,70,70],"card_choices":[{"not_picked":["All Out Attack","Sucker Punch","Dagger Throw"],"picked":"SKIP","floor":1},{"not_picked":["Flying Knee","Poisoned Stab"],"picked":"Infinite Blades","floor":3},{"not_picked":["Underhanded Strike","Eviscerate","Acrobatics"],"picked":"SKIP","floor":6},{"not_picked":["Crippling Poison","Acrobatics","Slice"],"picked":"SKIP","floor":14},{"not_picked":["Dagger Throw","Outmaneuver"],"picked":"Backflip","floor":18},{"not_picked":["Quick Slash","Sucker Punch"],"picked":"Escape Plan+1","floor":20},{"not_picked":["Predator","Bane+1","Doppelganger"],"picked":"SKIP","floor":21},{"not_picked":["Outmaneuver","Deflect","Expertise"],"picked":"SKIP","floor":25},{"not_picked":["Prepared","Outmaneuver","Poisoned Stab"],"picked":"SKIP","floor":28}],"player_experience":111868,"relics_obtained":[{"floor":6,"key":"Mercury Hourglass"},{"floor":9,"key":"Frozen Egg 2"},{"floor":10,"key":"The Specimen"},{"floor":25,"key":"Bag of Preparation"},{"floor":26,"key":"Tiny Chest"}],"event_choices":[{"event_name":"Living Wall","player_choice":"Forget","floor":2,"damage_taken":0},{"event_name":"Purifier","player_choice":"One Purge","floor":5,"damage_taken":0},{"event_name":"Dead Adventurer","player_choice":"Searched \u00271\u0027 times","floor":10,"damage_taken":0},{"event_name":"Scrap Ooze","player_choice":"success","floor":11,"damage_taken":18},{"event_name":"The Lab","player_choice":"Got Potions","floor":19,"damage_taken":0},{"event_name":"The Library","player_choice":"Heal","floor":24,"damage_taken":0}],"boss_relics":[{"not_picked":["Cursed Key","Fusion Hammer"],"picked":"Sozu"}],"items_purged_floors":[4,22],"is_endless":false,"potions_floor_spawned":[1,10,16,21,25],"killed_by":"Slavers","ascension_level":0}