{"gold_per_floor":[110,129,129,8,183,183,216,216,241,256,275,288,288,318,318,318],"floor_reached":16,"playtime":624,"items_purged":["Defend_G"],"score":100,"play_id":"6ef747f3-3f6d-42ea-87ac-4046f9082e87","local_time":"20180712110930","is_ascension_mode":false,"campfire_choices":[{"data":"Deadly Poison","floor":6,"key":"SMITH"},{"floor":13,"key":"REST"},{"floor":15,"key":"REST"}],"neow_cost":"NONE","seed_source_timestamp":97361694910255,"circlet_count":0,"master_deck":["Defend_G","Defend_G","Defend_G","Strike_G","Strike_G","Strike_G","Strike_G","Strike_G","Survivor","Neutralize","Deadly Poison+1","Poisoned Stab","Deadly Poison","Doubt","Backflip","Injury"],"relics":["Ring of the Snake","Regal Pillow","Golden Idol","Blood Vial"],"potions_floor_usage":[11,12],"damage_taken":[{"damage":0,"enemies":"Small Slimes","floor":1,"turns":4},{"damage":0,"enemies":"Jaw Worm","floor":2,"turns":3},{"damage":27,"enemies":"Gremlin Nob","floor":7,"turns":4},{"damage":9,"enemies":"Cultist","floor":10,"turns":4},{"damage":4,"enemies":"Gremlin Gang","floor":11,"turns":7},{"damage":27,"enemies":"Exordium Thugs","floor":12,"turns":4},{"damage":82,"enemies":"Slime Boss","floor":16,"turns":11}],"seed_played":"-3881249910397175559","potions_obtained":[{"floor":2,"key":"Dexterity Potion"},{"floor":11,"key":"Poison Potion"}],"is_trial":false,"path_per_floor":["M","M","?","$","?","R","E","?","T","M","M","M","R","?","R"],"character_chosen":"THE_SILENT","items_purchased":["Deadly Poison"],"campfire_rested":2,"item_purchase_floors":[4],"current_hp_per_floor":[70,70,63,63,63,63,36,36,36,29,27,2,38,38,70,0],"gold":318,"neow_bonus":"THREE_CARDS","is_prod":false,"is_daily":false,"chose_seed":false,"campfire_upgraded":1,"win_rate":0,"timestamp":1531408170,"path_taken":["M","M","?","$","?","R","E","?","T","M","M","?","R","?","R","BOSS"],"build_version":"2018-07-05","purchased_purges":1,"victory":false,"max_hp_per_floor":[70,70,70,70,70,70,70,70,70,70,70,70,70,70,70,70],"card_choices":[{"not_picked":["Outmaneuver","PiercingWail"],"picked":"Deadly Poison","floor":0},{"not_picked":["Outmaneuver","Calculated Gamble"],"picked":"Poisoned Stab","floor":1},{"not_picked":["Caltrops","Dodge and Roll","Flying Knee"],"picked":"SKIP","floor":2},{"not_picked":["Prepared","Sucker Punch"],"picked":"Backflip","floor":7},{"not_picked":["Backflip","Noxious Fumes","Caltrops"],"picked":"SKIP","floor":10},{"not_picked":["Bane","Predator","Deflect"],"picked":"SKIP","floor":11},{"not_picked":["Blur","Flying Knee","Outmaneuver"],"picked":"SKIP","floor":12}],"player_experience":241063,"relics_obtained":[{"floor":7,"key":"Regal Pillow"},{"floor":9,"key":"Blood Vial"}],"event_choices":[{"event_name":"Golden Wing","player_choice":"Card Removal","floor":3,"damage_taken":0},{"event_name":"Liars Game","player_choice":"agreed","floor":5,"damage_taken":0},{"event_name":"Golden Idol","player_choice":"Take Wound","floor":8,"damage_taken":0},{"event_name":"Dead Adventurer","player_choice":"Searched \u00271\u0027 times","floor":14,"damage_taken":0}],"boss_relics":[],"items_purged_floors":[4],"is_endless":false,"potions_floor_spawned":[2,11],"killed_by":"Slime Boss","ascension_level":0}