{"gold_per_floor":[116,132,132,207,207,237,237,269,295,136,166,229,125,144,144,144],"floor_reached":16,"playtime":1704,"items_purged":[],"score":106,"play_id":"d153495b-5120-4f6e-accd-1ea5c8b74eb3","local_time":"20190213210044","is_ascension_mode":false,"campfire_choices":[{"floor":7,"key":"REST"},{"floor":15,"key":"REST"}],"neow_cost":"NONE","seed_source_timestamp":1494733898707,"circlet_count":0,"master_deck":["Strike_R","Strike_R","Strike_R","Strike_R","Strike_R","Defend_R","Defend_R","Defend_R","Defend_R","Bash+1","Flex","Headbutt","Heavy Blade","Metallicize","Ghostly Armor","Iron Wave","Shrug It Off","Rage"],"relics":["Burning Blood","Smiling Mask","Art of War"],"potions_floor_usage":[6,16,16],"damage_taken":[{"damage":0,"enemies":"2 Louse","floor":1,"turns":2},{"damage":4,"enemies":"Small Slimes","floor":2,"turns":4},{"damage":46,"enemies":"3 Sentries","floor":6,"turns":11},{"damage":28,"enemies":"Gremlin Nob","floor":8,"turns":4},{"damage":3,"enemies":"Jaw Worm","floor":14,"turns":4},{"damage":68,"enemies":"Hexaghost","floor":16,"turns":14}],"seed_played":"-7275237603742291364","potions_obtained":[{"floor":1,"key":"Block Potion"},{"floor":6,"key":"Swift Potion"},{"floor":8,"key":"Energy Potion"}],"is_trial":false,"path_per_floor":["?","?","?","?","?","M"],"character_chosen":"IRONCLAD","items_purchased":["Metallicize","Ghostly Armor","Iron Wave","Shrug It Off"],"campfire_rested":2,"item_purchase_floors":[10,10,13,13],"current_hp_per_floor":[80,80,80,69,74,34,59,37,37,37,37,37,37,40,65,0],"gold":144,"neow_bonus":"UPGRADE_CARD","is_prod":false,"is_daily":false,"chose_seed":false,"campfire_upgraded":0,"win_rate":0,"timestamp":1550102444,"path_taken":["M","M","?","?","?","E","R","E","T","$","?","?","$","?","R","BOSS"],"build_version":"2019-01-23","purchased_purges":0,"victory":false,"max_hp_per_floor":[80,80,80,80,85,85,85,85,85,85,85,85,85,85,85,85],"card_choices":[{"not_picked":["True Grit","Rupture"],"picked":"Flex","floor":1},{"not_picked":["Clothesline","Sentinel"],"picked":"Headbutt","floor":2},{"not_picked":["Twin Strike","Blood for Blood"],"picked":"Heavy Blade","floor":6},{"not_picked":["Cleave","Carnage","Immolate"],"picked":"SKIP","floor":8},{"not_picked":["Thunderclap","Sword Boomerang"],"picked":"Rage","floor":14}],"player_experience":178867,"relics_obtained":[{"floor":6,"key":"Smiling Mask"},{"floor":8,"key":"Art of War"}],"event_choices":[{"damage_healed":0,"gold_gain":0,"player_choice":"Leave","damage_taken":0,"max_hp_gain":0,"max_hp_loss":0,"event_name":"The Cleric","floor":3,"gold_loss":0},{"damage_healed":0,"gold_gain":75,"player_choice":"Gather Gold","damage_taken":11,"max_hp_gain":0,"max_hp_loss":0,"event_name":"World of Goop","floor":4,"gold_loss":0},{"damage_healed":0,"gold_gain":0,"player_choice":"Donut","damage_taken":0,"max_hp_gain":5,"max_hp_loss":0,"event_name":"Big Fish","floor":5,"gold_loss":0},{"damage_healed":0,"gold_gain":30,"player_choice":"Searched \u00271\u0027 times","damage_taken":0,"max_hp_gain":0,"max_hp_loss":0,"event_name":"Dead Adventurer","floor":11,"gold_loss":0},{"damage_healed":0,"gold_gain":63,"player_choice":"Gained Gold","damage_taken":0,"max_hp_gain":0,"max_hp_loss":0,"event_name":"Golden Wing","floor":12,"gold_loss":0}],"is_beta":false,"boss_relics":[],"items_purged_floors":[],"is_endless":false,"potions_floor_spawned":[1,6,8],"killed_by":"Hexaghost","ascension_level":0}