{"gold_per_floor":[117,14,25,25,41,41,75,88,140,140,140,140,159,178,178,178],"floor_reached":16,"playtime":611,"items_purged":[],"score":107,"play_id":"013d806f-ed32-40ec-b791-173ebbb8edf5","local_time":"20180923224645","is_ascension_mode":true,"campfire_choices":[{"data":"Backflip","floor":6,"key":"SMITH"},{"floor":11,"key":"REST"},{"floor":15,"key":"REST"}],"neow_cost":"NONE","seed_source_timestamp":214650124401439,"circlet_count":0,"master_deck":["Defend_G","Defend_G","Defend_G","Defend_G","Strike_G","Strike_G","Strike_G","Strike_G","Strike_G","Survivor","Neutralize","Backflip+1","Dagger Throw","Dagger Throw","Flying Knee"],"relics":["Ring of the Snake","Ornamental Fan","Lantern","Boot"],"potions_floor_usage":[3,5,14,16,16],"damage_taken":[{"damage":7,"enemies":"Small Slimes","floor":1,"turns":4},{"damage":0,"enemies":"Jaw Worm","floor":3,"turns":1},{"damage":0,"enemies":"2 Louse","floor":5,"turns":1},{"damage":26,"enemies":"Gremlin Nob","floor":7,"turns":5},{"damage":4,"enemies":"Blue Slaver","floor":8,"turns":3},{"damage":2,"enemies":"3 Louse","floor":13,"turns":3},{"damage":0,"enemies":"Large Slime","floor":14,"turns":5},{"damage":26,"enemies":"The Guardian","floor":16,"turns":6}],"seed_played":"-92650030726325992","potions_obtained":[{"floor":8,"key":"Energy Potion"},{"floor":13,"key":"Fruit Juice"},{"floor":14,"key":"AttackPotion"}],"is_trial":false,"path_per_floor":["M","$","M","?","M","R","E","M","T","?","R","$","M","M","R"],"character_chosen":"THE_SILENT","items_purchased":["AttackPotion","AttackPotion"],"campfire_rested":2,"item_purchase_floors":[2,2],"current_hp_per_floor":[63,63,63,63,63,63,37,33,33,8,29,29,27,32,54,28],"gold":178,"neow_bonus":"THREE_CARDS","is_prod":false,"is_daily":false,"chose_seed":false,"campfire_upgraded":1,"win_rate":0,"timestamp":1537757205,"path_taken":["M","$","M","?","M","R","E","M","T","?","R","$","M","M","R","BOSS"],"build_version":"2018-09-20","purchased_purges":0,"victory":false,"max_hp_per_floor":[70,70,70,70,70,70,70,70,70,70,70,70,70,75,75,75],"card_choices":[{"not_picked":["Poisoned Stab","Underhanded Strike"],"picked":"Backflip","floor":0},{"not_picked":["Acrobatics","Quick Slash"],"picked":"Dagger Throw","floor":1},{"not_picked":["Dagger Spray","Skewer"],"picked":"Dagger Throw","floor":3},{"not_picked":["Leg Sweep","A Thousand Cuts","Noxious Fumes"],"picked":"SKIP","floor":5},{"not_picked":["Dash","Crippling Poison","Caltrops"],"picked":"SKIP","floor":7},{"not_picked":["Deadly Poison","Cloak And Dagger","Choke"],"picked":"SKIP","floor":8},{"not_picked":["Sucker Punch","Quick Slash"],"picked":"Flying Knee","floor":13},{"not_picked":["Escape Plan","Crippling Poison","Burst"],"picked":"SKIP","floor":14}],"player_experience":391809,"relics_obtained":[{"floor":7,"key":"Ornamental Fan"},{"floor":9,"key":"Lantern"}],"event_choices":[{"event_name":"Living Wall","player_choice":"Forget","floor":4,"damage_taken":0},{"event_name":"Scrap Ooze","player_choice":"success","floor":10,"damage_taken":25}],"is_beta":false,"boss_relics":[],"items_purged_floors":[],"is_endless":false,"potions_floor_spawned":[8,13,14],"killed_by":"The Guardian","ascension_level":1}