{"gold_per_floor":[114,129,129,54,4,4,34,34,34,64,64,79,109,124,124,224,224,239,239,254,269,269,299,299,299,324,339,339,369,369,399,399,499,499,514,529,544,544,544,544,544,574,574,574,604,504,519,519,519,519],"floor_reached":51,"playtime":881,"items_purged":["Acrobatics","Backstab+1"],"score":1209,"play_id":"4e377410-3066-4ea6-a5ef-5c815d247546","local_time":"20190329154215","daily_mods":["SealedDeck","Uncertain Future","Elite Swarm"],"is_ascension_mode":false,"campfire_choices":[{"data":"Terror","floor":6,"key":"SMITH"},{"floor":8,"key":"REST"},{"data":"Backstab","floor":15,"key":"SMITH"},{"data":"1","floor":24,"key":"LIFT"},{"data":"2","floor":28,"key":"LIFT"},{"data":"3","floor":32,"key":"LIFT"},{"data":"Acrobatics","floor":41,"key":"SMITH"},{"floor":44,"key":"REST"},{"floor":49,"key":"REST"}],"neow_cost":"","seed_source_timestamp":0,"circlet_count":0,"master_deck":["Acrobatics+1","Quick Slash+1","Grand Finale+1","Tactician+1"],"special_seed":17984,"relics":["Ring of the Snake","Meat on the Bone","Molten Egg 2","Blood Vial","Girya","Empty Cage","Frozen Egg 2","Regal Pillow","Ginger","Letter Opener","Lizard Tail","Unceasing Top","Boot","Kunai","StoneCalendar"],"potions_floor_usage":[],"damage_taken":[{"damage":0,"enemies":"2 Louse","floor":1,"turns":2},{"damage":0,"enemies":"Small Slimes","floor":2,"turns":2},{"damage":36,"enemies":"3 Sentries","floor":7,"turns":6},{"damage":12,"enemies":"Lagavulin","floor":10,"turns":3},{"damage":0,"enemies":"Cultist","floor":12,"turns":1},{"damage":0,"enemies":"3 Sentries","floor":13,"turns":1},{"damage":0,"enemies":"Blue Slaver","floor":14,"turns":1},{"damage":0,"enemies":"Slime Boss","floor":16,"turns":1},{"damage":0,"enemies":"Spheric Guardian","floor":18,"turns":1},{"damage":0,"enemies":"2 Thieves","floor":20,"turns":1},{"damage":0,"enemies":"3 Cultists","floor":21,"turns":1},{"damage":0,"enemies":"Slavers","floor":23,"turns":1},{"damage":0,"enemies":"Cultist and Chosen","floor":27,"turns":1},{"damage":0,"enemies":"Book of Stabbing","floor":29,"turns":1},{"damage":0,"enemies":"Slavers","floor":31,"turns":1},{"damage":0,"enemies":"Automaton","floor":33,"turns":1},{"damage":0,"enemies":"Orb Walker","floor":35,"turns":1},{"damage":0,"enemies":"3 Shapes","floor":36,"turns":1},{"damage":0,"enemies":"Writhing Mass","floor":37,"turns":1},{"damage":0,"enemies":"Reptomancer","floor":40,"turns":1},{"damage":0,"enemies":"Giant Head","floor":42,"turns":1},{"damage":0,"enemies":"Reptomancer","floor":45,"turns":1},{"damage":0,"enemies":"3 Darklings","floor":47,"turns":1},{"damage":20,"enemies":"Awakened One","floor":50,"turns":3}],"seed_played":"5108199104389933622","potions_obtained":[{"floor":1,"key":"GhostInAJar"},{"floor":2,"key":"Ancient Potion"},{"floor":12,"key":"SpeedPotion"},{"floor":21,"key":"Explosive Potion"}],"is_trial":false,"path_per_floor":["?","?","?","?","?","?","?","$","?"],"character_chosen":"THE_SILENT","items_purchased":[],"campfire_rested":3,"item_purchase_floors":[],"current_hp_per_floor":[70,70,56,56,56,56,20,41,41,41,34,36,38,40,40,42,70,70,70,70,70,57,59,59,59,59,61,61,63,63,65,65,67,75,75,75,75,75,75,75,75,75,75,75,75,75,75,75,75,55],"gold":519,"neow_bonus":"","is_prod":false,"is_daily":true,"chose_seed":false,"campfire_upgraded":3,"win_rate":0,"timestamp":1553888535,"path_taken":["M","M","?","$","?","R","E","R","T","E","?","M","E","M","R","BOSS","M","?","M","M","?","E","R","$","T","M","R","E","?","E","R","BOSS","M","M","M","?","$","E","R","E","T","R","E","?","M","?","R","BOSS"],"build_version":"2019-01-23","purchased_purges":2,"victory":true,"max_hp_per_floor":[70,70,70,70,70,70,70,70,70,70,70,70,70,70,70,70,70,70,70,70,70,75,75,75,75,75,75,75,75,75,75,75,75,75,75,75,75,75,75,75,75,75,75,75,75,75,75,75,75,75],"card_choices":[{"not_picked":["Prepared","Bane","Footwork"],"picked":"SKIP","floor":1},{"not_picked":["PiercingWail","Blade Dance","Expertise"],"picked":"SKIP","floor":2},{"not_picked":["A Thousand Cuts","Unload","Envenom"],"picked":"SKIP","floor":7},{"not_picked":["Burst","Phantasmal Killer"],"picked":"Grand Finale+1","floor":10},{"not_picked":["Dagger Spray+1","Dodge and Roll","Dagger Throw+1"],"picked":"SKIP","floor":12},{"not_picked":["After Image","Die Die Die+1","A Thousand Cuts"],"picked":"SKIP","floor":13},{"not_picked":["Poisoned Stab+1","Well Laid Plans","Masterful Stab+1"],"picked":"SKIP","floor":14},{"not_picked":["All Out Attack+1","Dagger Spray+1"],"picked":"Tactician+1","floor":18},{"not_picked":["Cloak And Dagger","Acrobatics","Crippling Poison"],"picked":"SKIP","floor":20},{"not_picked":["Flying Knee+1","Well Laid Plans","Riddle With Holes+1"],"picked":"SKIP","floor":21},{"not_picked":["Malaise","Glass Knife+1","Adrenaline"],"picked":"SKIP","floor":23},{"not_picked":["Underhanded Strike+1","Backflip","Sucker Punch+1"],"picked":"SKIP","floor":27},{"not_picked":["After Image+1","Glass Knife+1","Wraith Form v2+1"],"picked":"SKIP","floor":29},{"not_picked":["Unload+1","Night Terror","Die Die Die+1"],"picked":"SKIP","floor":31},{"not_picked":["Caltrops+1","Poisoned Stab+1","Sucker Punch+1"],"picked":"SKIP","floor":35},{"not_picked":["Dodge and Roll+1","Flechettes+1","Flying Knee+1"],"picked":"SKIP","floor":36},{"not_picked":["Blade Dance+1","Bouncing Flask+1","Footwork+1"],"picked":"SKIP","floor":37},{"not_picked":["Bullet Time","After Image+1","Storm of Steel"],"picked":"SKIP","floor":40},{"not_picked":["Grand Finale+1","Corpse Explosion","Unload+1"],"picked":"SKIP","floor":42},{"not_picked":["Envenom+1","Tools of the Trade+1","Bullet Time"],"picked":"SKIP","floor":45},{"not_picked":["Deflect+1","Prepared+1","Distraction+1"],"picked":"SKIP","floor":47}],"player_experience":347760,"relics_obtained":[{"floor":7,"key":"Meat on the Bone"},{"floor":9,"key":"Molten Egg 2"},{"floor":10,"key":"Blood Vial"},{"floor":13,"key":"Girya"},{"floor":23,"key":"Frozen Egg 2"},{"floor":26,"key":"Regal Pillow"},{"floor":29,"key":"Ginger"},{"floor":31,"key":"Letter Opener"},{"floor":40,"key":"Unceasing Top"},{"floor":42,"key":"Boot"},{"floor":43,"key":"Kunai"},{"floor":45,"key":"StoneCalendar"}],"event_choices":[{"damage_healed":0,"gold_gain":0,"player_choice":"Entered Light","damage_taken":14,"max_hp_gain":0,"max_hp_loss":0,"event_name":"Shining Light","floor":3,"gold_loss":0,"cards_upgraded":["Acrobatics","Quick Slash"]},{"cards_removed":["Acrobatics"],"damage_healed":0,"gold_gain":0,"player_choice":"Card Removal","damage_taken":0,"max_hp_gain":0,"max_hp_loss":0,"event_name":"The Cleric","floor":5,"gold_loss":50},{"cards_removed":["Quick Slash"],"damage_healed":0,"gold_gain":0,"player_choice":"Card Removal","damage_taken":7,"max_hp_gain":0,"max_hp_loss":0,"event_name":"Golden Wing","floor":11,"gold_loss":0},{"cards_removed":["Quick Slash"],"damage_healed":0,"gold_gain":0,"player_choice":"Elegance","damage_taken":0,"max_hp_gain":0,"max_hp_loss":0,"event_name":"Back to Basics","floor":19,"gold_loss":0},{"damage_healed":0,"gold_gain":0,"player_choice":"Shed Blood","damage_taken":18,"max_hp_gain":5,"max_hp_loss":0,"event_name":"Forgotten Altar","floor":22,"gold_loss":0},{"damage_healed":0,"gold_gain":0,"player_choice":"Ignored","damage_taken":0,"max_hp_gain":0,"max_hp_loss":0,"event_name":"Vampires","floor":30,"gold_loss":0},{"damage_healed":0,"gold_gain":0,"player_choice":"0 cards matched","damage_taken":0,"max_hp_gain":0,"max_hp_loss":0,"event_name":"Match and Keep!","floor":38,"gold_loss":0,"cards_obtained":[]},{"cards_removed":["Acrobatics"],"damage_healed":0,"gold_gain":0,"player_choice":"Removed Skill","damage_taken":0,"max_hp_gain":0,"max_hp_loss":0,"event_name":"Falling","floor":48,"gold_loss":0}],"is_beta":false,"boss_relics":[{"not_picked":["Snecko Eye","Busted Crown"],"picked":"Empty Cage"},{"not_picked":["White Beast Statue","Runic Dome"],"picked":"Lizard Tail"}],"items_purged_floors":[4,46],"is_endless":false,"potions_floor_spawned":[1,2,12,14,18,21,23,31,36,37,40,42,47],"ascension_level":0}