{"gold_per_floor":[116,133,149,165,37,37,51,226,280,300,400,414,364,380,380,483,483,498,154,154,164,191,191,151,151,151,151,170,170,189,270,270,270],"floor_reached":33,"playtime":4442,"items_purged":["Accuracy"],"score":239,"play_id":"90c91bb6-0f81-4a07-bbd5-d28458cbcc97","local_time":"20190201222659","is_ascension_mode":false,"campfire_choices":[{"data":"Catalyst","floor":6,"key":"SMITH"},{"data":"Caltrops","floor":15,"key":"SMITH"},{"data":"Deadly Poison","floor":23,"key":"SMITH"},{"data":"Caltrops","floor":25,"key":"SMITH"},{"floor":27,"key":"REST"},{"data":"Deadly Poison","floor":32,"key":"SMITH"}],"neow_cost":"NONE","seed_source_timestamp":93194432164002,"circlet_count":0,"master_deck":["Defend_G","Defend_G","Defend_G","Defend_G","Defend_G","Strike_G","Strike_G","Strike_G","Survivor","Neutralize+1","Dodge and Roll","Leg Sweep","Blade Dance","Caltrops+1","Catalyst+1","Dash","Poisoned Stab","Well Laid Plans","Dash","Bane","Deadly Poison+1","Noxious Fumes","Writhe","Outmaneuver","Deadly Poison+1","Caltrops+1","Backflip"],"relics":["Ring of the Snake","Regal Pillow","Empty Cage","Mercury Hourglass","Red Mask","Happy Flower","Enchiridion","Sundial"],"potions_floor_usage":[10,12,14,16,16,18,22,22,28,33],"damage_taken":[{"damage":0,"enemies":"2 Louse","floor":1,"turns":3},{"damage":3,"enemies":"Jaw Worm","floor":2,"turns":6},{"damage":0,"enemies":"Cultist","floor":3,"turns":6},{"damage":4,"enemies":"3 Louse","floor":4,"turns":5},{"damage":2,"enemies":"Blue Slaver","floor":7,"turns":4},{"damage":5,"enemies":"Exordium Wildlife","floor":10,"turns":6},{"damage":2,"enemies":"2 Fungi Beasts","floor":12,"turns":3},{"damage":6,"enemies":"Exordium Thugs","floor":14,"turns":7},{"damage":13,"enemies":"The Guardian","floor":16,"turns":12},{"damage":10,"enemies":"Shell Parasite","floor":18,"turns":7},{"damage":11,"enemies":"3 Byrds","floor":21,"turns":4},{"damage":14,"enemies":"Masked Bandits","floor":22,"turns":5},{"damage":5,"enemies":"Centurion and Healer","floor":28,"turns":7},{"damage":0,"enemies":"Snake Plant","floor":30,"turns":2},{"damage":53,"enemies":"Champ","floor":33,"turns":7}],"seed_played":"934233834910937213","potions_obtained":[{"floor":4,"key":"Regen Potion"},{"floor":7,"key":"Swift Potion"},{"floor":10,"key":"Explosive Potion"},{"floor":12,"key":"FearPotion"},{"floor":14,"key":"Regen Potion"},{"floor":22,"key":"Poison Potion"},{"floor":28,"key":"LiquidBronze"}],"is_trial":false,"path_per_floor":["?","?","M","?","?","?","$","?","M","T"],"character_chosen":"THE_SILENT","items_purchased":["Catalyst","Fire Potion","Bane","Deadly Poison","Noxious Fumes","Block Potion","Block Potion","Caltrops"],"campfire_rested":1,"item_purchase_floors":[5,5,19,19,19,19,19,24],"current_hp_per_floor":[70,67,67,63,63,63,61,61,61,56,56,54,54,63,63,50,70,70,70,70,59,45,45,45,45,45,70,65,49,49,49,49,0],"gold":270,"neow_bonus":"UPGRADE_CARD","is_prod":false,"is_daily":false,"chose_seed":false,"campfire_upgraded":5,"win_rate":0.0,"timestamp":1549070819,"path_taken":["M","M","M","M","$","R","M","?","T","M","?","?","?","M","R","BOSS","M","$","?","M","?","R","?","R","T","R","M","?","?","?","R","BOSS"],"build_version":"2019-01-23","purchased_purges":1,"victory":false,"max_hp_per_floor":[70,70,70,70,70,70,70,70,70,70,70,70,70,70,70,70,70,70,70,70,70,70,70,70,70,70,70,70,70,70,70,70,70],"card_choices":[{"not_picked":["Flying Knee","Acrobatics"],"picked":"Dodge and Roll","floor":1},{"not_picked":["Sucker Punch","Skewer"],"picked":"Leg Sweep","floor":2},{"not_picked":["All Out Attack","Quick Slash"],"picked":"Blade Dance","floor":3},{"not_picked":["Tactician","Flechettes"],"picked":"Caltrops","floor":4},{"not_picked":["Flying Knee","Outmaneuver"],"picked":"Dash","floor":7},{"not_picked":["Underhanded Strike","Well Laid Plans"],"picked":"Poisoned Stab","floor":10},{"not_picked":["Infinite Blades","Endless Agony"],"picked":"Accuracy","floor":12},{"not_picked":["Flying Knee","Sucker Punch"],"picked":"Well Laid Plans","floor":14},{"not_picked":["Flechettes","PiercingWail"],"picked":"Dash","floor":18},{"not_picked":["Riddle With Holes","Choke+1"],"picked":"Outmaneuver","floor":21},{"not_picked":["Deflect","Expertise"],"picked":"Deadly Poison","floor":22},{"not_picked":["Prepared","Slice+1"],"picked":"Backflip","floor":28},{"not_picked":["Outmaneuver","Accuracy+1","Blade Dance"],"picked":"SKIP","floor":30}],"player_experience":72562,"relics_obtained":[{"floor":9,"key":"Regal Pillow"},{"floor":22,"key":"Red Mask"},{"floor":26,"key":"Happy Flower"},{"floor":29,"key":"Enchiridion"},{"floor":31,"key":"Sundial"}],"event_choices":[{"damage_healed":0,"gold_gain":175,"player_choice":"AGREE","damage_taken":0,"max_hp_gain":0,"max_hp_loss":0,"event_name":"Liars Game","floor":8,"gold_loss":0,"cards_obtained":["Doubt"]},{"damage_healed":0,"gold_gain":100,"player_choice":"Pray","damage_taken":0,"max_hp_gain":0,"max_hp_loss":0,"event_name":"Golden Shrine","floor":11,"gold_loss":0},{"cards_removed":["Doubt"],"damage_healed":0,"gold_gain":0,"player_choice":"Card Removal","damage_taken":0,"max_hp_gain":0,"max_hp_loss":0,"event_name":"The Cleric","floor":13,"gold_loss":50},{"damage_healed":0,"gold_gain":0,"player_choice":"Opened","damage_taken":0,"relics_obtained":["Mercury Hourglass"],"max_hp_gain":0,"max_hp_loss":0,"event_name":"The Mausoleum","floor":20,"gold_loss":0,"cards_obtained":["Writhe"]},{"damage_healed":0,"gold_gain":0,"player_choice":"Fought Bandits","damage_taken":0,"max_hp_gain":0,"max_hp_loss":0,"event_name":"Masked Bandits","floor":22,"gold_loss":0},{"damage_healed":0,"gold_gain":0,"player_choice":"Obtained Book","damage_taken":16,"max_hp_gain":0,"max_hp_loss":0,"event_name":"Cursed Tome","floor":29,"gold_loss":0}],"is_beta":false,"boss_relics":[{"not_picked":["Sozu","Philosopher\u0027s Stone"],"picked":"Empty Cage"}],"items_purged_floors":[19],"is_endless":false,"potions_floor_spawned":[4,7,10,12,14,22,28],"killed_by":"Champ","ascension_level":0}