{"gold_per_floor":[111,111,130,130,148,148,167,24,50,63,79,79,96,125,125,229,229,241,56,73,83,100,100,100,100],"floor_reached":25,"playtime":7472,"items_purged":[],"score":197,"play_id":"1f550972-844f-4269-bddd-980e18e287b9","local_time":"20190130210039","is_ascension_mode":false,"campfire_choices":[{"data":"Strike_R","floor":6,"key":"SMITH"},{"floor":12,"key":"REST"},{"floor":15,"key":"REST"},{"floor":23,"key":"REST"}],"neow_cost":"","seed_source_timestamp":718517241756313,"circlet_count":0,"master_deck":["Strike_R+1","Strike_R","Strike_R","Strike_R","Strike_R","Defend_R","Defend_R","Defend_R","Defend_R","Bash","Cleave","Entrench","Rage","Infernal Blade","Shrug It Off","Combust","Clothesline","Pommel Strike","Shockwave","Seeing Red","Bludgeon","Dropkick+1","The Bomb","Pommel Strike","Infernal Blade","Reaper"],"relics":["Burning Blood","Orichalcum","White Beast Statue","Enchiridion"],"potions_floor_usage":[16,16,16,22,22,22,25],"damage_taken":[{"damage":5,"enemies":"Cultist","floor":1,"turns":4},{"damage":5,"enemies":"Small Slimes","floor":3,"turns":3},{"damage":3,"enemies":"Jaw Worm","floor":5,"turns":4},{"damage":19,"enemies":"Exordium Thugs","floor":7,"turns":5},{"damage":8,"enemies":"2 Fungi Beasts","floor":10,"turns":4},{"damage":25,"enemies":"Large Slime","floor":11,"turns":6},{"damage":9,"enemies":"Lots of Slimes","floor":13,"turns":2},{"damage":20,"enemies":"The Mushroom Lair","floor":14,"turns":4},{"damage":48,"enemies":"The Guardian","floor":16,"turns":15},{"damage":16,"enemies":"2 Thieves","floor":18,"turns":4},{"damage":39,"enemies":"Spheric Guardian","floor":20,"turns":6},{"damage":14,"enemies":"Chosen and Byrds","floor":21,"turns":5},{"damage":41,"enemies":"3 Cultists","floor":22,"turns":6},{"damage":29,"enemies":"Shelled Parasite and Fungi","floor":25,"turns":2}],"seed_played":"1903305770497629261","potions_obtained":[{"floor":5,"key":"Energy Potion"},{"floor":7,"key":"GamblersBrew"},{"floor":10,"key":"SteroidPotion"},{"floor":13,"key":"LiquidBronze"},{"floor":14,"key":"Block Potion"},{"floor":18,"key":"Regen Potion"},{"floor":20,"key":"FearPotion"},{"floor":21,"key":"SteroidPotion"},{"floor":22,"key":"Regen Potion"}],"is_trial":false,"path_per_floor":["?","?","?","?"],"character_chosen":"IRONCLAD","items_purchased":["Shrug It Off","Combust","Clothesline","The Bomb"],"campfire_rested":3,"item_purchase_floors":[8,8,8,19],"current_hp_per_floor":[80,85,85,85,85,85,72,72,72,70,51,76,73,59,84,42,85,75,75,42,34,8,33,17,0],"gold":100,"neow_bonus":"","is_prod":false,"is_daily":false,"chose_seed":false,"campfire_upgraded":1,"win_rate":0.0,"timestamp":1548892839,"path_taken":["M","?","M","?","M","R","M","$","T","M","M","R","M","?","R","BOSS","M","$","M","M","M","R","?","M"],"build_version":"2019-01-23","purchased_purges":0,"victory":false,"max_hp_per_floor":[80,85,85,85,85,85,85,85,85,85,85,85,85,85,85,85,85,85,85,85,85,85,85,85,85],"card_choices":[{"not_picked":["Corruption","Infernal Blade"],"picked":"Cleave","floor":1},{"not_picked":["Body Slam","Cleave"],"picked":"Entrench","floor":3},{"not_picked":["Intimidate","Sever Soul"],"picked":"Rage","floor":5},{"not_picked":["Perfected Strike","Burning Pact"],"picked":"Infernal Blade","floor":7},{"not_picked":["Clash","Uppercut"],"picked":"Pommel Strike","floor":10},{"not_picked":["Headbutt","Sever Soul"],"picked":"Shockwave","floor":11},{"not_picked":["Warcry","Burning Pact"],"picked":"Seeing Red","floor":13},{"not_picked":["Juggernaut","Demon Form"],"picked":"Bludgeon","floor":16},{"not_picked":["Dual Wield","Warcry"],"picked":"Dropkick+1","floor":18},{"not_picked":["Sever Soul+1","Cleave"],"picked":"Pommel Strike","floor":20},{"not_picked":["Dropkick","Clash"],"picked":"Infernal Blade","floor":21},{"not_picked":["Second Wind","Intimidate+1"],"picked":"Reaper","floor":22}],"player_experience":0,"relics_obtained":[{"floor":9,"key":"Orichalcum"},{"floor":24,"key":"Enchiridion"}],"event_choices":[{"damage_healed":0,"gold_gain":0,"player_choice":"Donut","damage_taken":0,"max_hp_gain":5,"max_hp_loss":0,"event_name":"Big Fish","floor":2,"gold_loss":0},{"damage_healed":0,"gold_gain":0,"player_choice":"Leave","damage_taken":0,"max_hp_gain":0,"max_hp_loss":0,"event_name":"The Cleric","floor":4,"gold_loss":0},{"damage_healed":0,"gold_gain":0,"player_choice":"Fought Mushrooms","damage_taken":0,"max_hp_gain":0,"max_hp_loss":0,"event_name":"Mushrooms","floor":14,"gold_loss":0},{"damage_healed":0,"gold_gain":0,"player_choice":"Obtained Book","damage_taken":16,"max_hp_gain":0,"max_hp_loss":0,"event_name":"Cursed Tome","floor":24,"gold_loss":0}],"is_beta":false,"boss_relics":[{"not_picked":["Busted Crown","Eternal Feather"],"picked":"White Beast Statue"}],"items_purged_floors":[],"is_endless":false,"potions_floor_spawned":[5,7,10,13,14,18,20,21,22],"killed_by":"Shelled Parasite and Fungi","ascension_level":0}