{"gold_per_floor":[111,111,286,361,375,406,425,425,477,477,496,133,133,133],"floor_reached":14,"playtime":276,"items_purged":["Defend_B"],"score":124,"play_id":"3e5390c1-bf9f-4d1a-b3d9-086d00664faa","local_time":"20190324194212","is_ascension_mode":true,"campfire_choices":[{"data":"Zap","floor":8,"key":"SMITH"}],"neow_cost":"NONE","seed_source_timestamp":7851468876045441,"circlet_count":0,"master_deck":["Strike_B","Strike_B","Strike_B","Strike_B","Defend_B","Defend_B","Defend_B","Zap+1","Dualcast","Heatsinks","Mayhem","Heatsinks"],"relics":["Cracked Core","NeowsBlessing","Dream Catcher","Bag of Marbles","Juzu Bracelet","Membership Card"],"potions_floor_usage":[14,14],"damage_taken":[{"damage":0,"enemies":"2 Louse","floor":1,"turns":1},{"damage":0,"enemies":"Small Slimes","floor":5,"turns":1},{"damage":0,"enemies":"Lagavulin","floor":6,"turns":1},{"damage":16,"enemies":"Jaw Worm","floor":7,"turns":5},{"damage":35,"enemies":"Gremlin Gang","floor":11,"turns":5},{"damage":1,"enemies":"Large Slime","floor":14,"turns":3}],"seed_played":"-3844058906024798337","potions_obtained":[{"floor":1,"key":"Swift Potion"},{"floor":6,"key":"FearPotion"},{"floor":11,"key":"GamblersBrew"}],"is_trial":false,"path_per_floor":["M","?","?","?","M","E","M","R","T","?","M","$","?","M"],"character_chosen":"DEFECT","items_purchased":["Membership Card","Mayhem","Heatsinks"],"campfire_rested":0,"item_purchase_floors":[12,12,12],"current_hp_per_floor":[75,63,63,52,52,52,36,36,36,36,1,1,1,0],"gold":133,"neow_bonus":"THREE_ENEMY_KILL","is_prod":false,"is_daily":false,"chose_seed":false,"campfire_upgraded":1,"win_rate":0,"timestamp":1553470932,"path_taken":["M","?","?","?","M","E","M","R","T","?","M","$","?","M"],"build_version":"2019-01-23","purchased_purges":1,"victory":false,"max_hp_per_floor":[75,75,75,75,75,75,75,75,75,75,75,75,75,75],"card_choices":[{"not_picked":["Auto Shields","Ball Lightning"],"picked":"Heatsinks","floor":1},{"not_picked":["Doom and Gloom","Beam Cell","White Noise"],"picked":"SKIP","floor":5},{"not_picked":["Go for the Eyes","Doom and Gloom","Genetic Algorithm"],"picked":"SKIP","floor":6},{"not_picked":["Lockon","Steam","Go for the Eyes"],"picked":"SKIP","floor":7},{"not_picked":["Skim","Tempest","Undo"],"picked":"SKIP","floor":11}],"player_experience":473543,"relics_obtained":[{"floor":6,"key":"Bag of Marbles"},{"floor":9,"key":"Juzu Bracelet"}],"event_choices":[{"damage_healed":0,"gold_gain":0,"player_choice":"Success","damage_taken":12,"relics_obtained":["Dream Catcher"],"max_hp_gain":0,"max_hp_loss":0,"event_name":"Scrap Ooze","floor":2,"gold_loss":0},{"damage_healed":0,"gold_gain":175,"player_choice":"AGREE","damage_taken":0,"max_hp_gain":0,"max_hp_loss":0,"event_name":"Liars Game","floor":3,"gold_loss":0,"cards_obtained":["Doubt"]},{"damage_healed":0,"gold_gain":75,"player_choice":"Gather Gold","damage_taken":11,"max_hp_gain":0,"max_hp_loss":0,"event_name":"World of Goop","floor":4,"gold_loss":0},{"cards_removed":["Doubt"],"damage_healed":0,"gold_gain":0,"player_choice":"Forget","damage_taken":0,"max_hp_gain":0,"max_hp_loss":0,"event_name":"Living Wall","floor":10,"gold_loss":0},{"damage_healed":0,"gold_gain":0,"player_choice":"0 cards matched","damage_taken":0,"max_hp_gain":0,"max_hp_loss":0,"event_name":"Match and Keep!","floor":13,"gold_loss":0,"cards_obtained":[]}],"is_beta":false,"boss_relics":[],"items_purged_floors":[12],"is_endless":false,"potions_floor_spawned":[1,6,11],"killed_by":"Large Slime","ascension_level":2}