{"gold_per_floor":[20,195,212,212,224,224,257,257,257,286,297,297,312,17,17,121,121,139,153,167,179,192,192],"floor_reached":23,"playtime":2221,"items_purged":["Doubt"],"score":215,"play_id":"4042d820-b898-48e6-9dc1-c3a892714bc6","local_time":"20190328135114","is_ascension_mode":true,"campfire_choices":[{"data":"Skewer","floor":6,"key":"SMITH"},{"floor":8,"key":"REST"},{"floor":12,"key":"REST"},{"data":"Footwork","floor":15,"key":"SMITH"}],"neow_cost":"NO_GOLD","seed_source_timestamp":8174080316423236,"circlet_count":0,"master_deck":["Defend_G","Defend_G","Defend_G","Defend_G","Defend_G","Strike_G","Strike_G","Strike_G","Survivor","Neutralize","Wraith Form v2","Footwork+1","Flying Knee","Skewer+1","Sucker Punch","Backstab","Bouncing Flask","Die Die Die","Caltrops","Dagger Spray","Acrobatics+1","Poisoned Stab+1","Bouncing Flask"],"relics":["Ring of the Snake","Matryoshka","Anchor","The Courier","Mercury Hourglass","Empty Cage"],"potions_floor_usage":[7,16,16,22],"damage_taken":[{"damage":0,"enemies":"2 Louse","floor":1,"turns":4},{"damage":1,"enemies":"Small Slimes","floor":3,"turns":4},{"damage":0,"enemies":"Cultist","floor":5,"turns":4},{"damage":45,"enemies":"Lagavulin","floor":7,"turns":13},{"damage":28,"enemies":"3 Sentries","floor":10,"turns":13},{"damage":1,"enemies":"Looter","floor":11,"turns":4},{"damage":2,"enemies":"Large Slime","floor":13,"turns":5},{"damage":24,"enemies":"The Guardian","floor":16,"turns":9},{"damage":6,"enemies":"Spheric Guardian","floor":18,"turns":6},{"damage":10,"enemies":"Chosen","floor":19,"turns":5},{"damage":10,"enemies":"Centurion and Healer","floor":20,"turns":13},{"damage":10,"enemies":"Chosen and Byrds","floor":21,"turns":5},{"damage":13,"enemies":"Snake Plant","floor":22,"turns":4},{"damage":26,"enemies":"Slavers","floor":23,"turns":4}],"seed_played":"8451644183124310059","potions_obtained":[{"floor":1,"key":"Block Potion"},{"floor":10,"key":"GhostInAJar"},{"floor":13,"key":"AttackPotion"},{"floor":18,"key":"Ancient Potion"},{"floor":20,"key":"FearPotion"},{"floor":21,"key":"Poison Potion"}],"is_trial":false,"path_per_floor":["M","?","M","?","M","R","E","R","T","E","M","R","M","$","R","B",null,"M","M","M","M","M","E"],"character_chosen":"THE_SILENT","items_purchased":["Mercury Hourglass","Caltrops"],"campfire_rested":2,"item_purchase_floors":[14,14],"current_hp_per_floor":[70,70,69,69,69,69,24,45,45,17,16,37,35,35,35,11,70,64,54,44,34,21,0],"gold":192,"neow_bonus":"THREE_RARE_CARDS","is_prod":false,"is_daily":false,"chose_seed":false,"campfire_upgraded":2,"win_rate":0,"timestamp":1553795474,"path_taken":["M","?","M","?","M","R","E","R","T","E","M","R","?","$","R","BOSS","M","M","M","M","M","E"],"build_version":"2019-01-23","purchased_purges":1,"victory":false,"max_hp_per_floor":[70,70,70,70,70,70,70,70,70,70,70,70,70,70,70,70,70,70,70,70,70,70,70],"card_choices":[{"not_picked":["Tools of the Trade","Bullet Time"],"picked":"Wraith Form v2","floor":0},{"not_picked":["Setup","Underhanded Strike"],"picked":"Footwork","floor":1},{"not_picked":["Acrobatics","Dagger Throw"],"picked":"Flying Knee","floor":3},{"not_picked":["Poisoned Stab","Outmaneuver"],"picked":"Sucker Punch","floor":5},{"not_picked":["Deflect","Cloak And Dagger","Riddle With Holes"],"picked":"SKIP","floor":7},{"not_picked":["Poisoned Stab","Riddle With Holes"],"picked":"Backstab","floor":10},{"not_picked":["Slice","Deadly Poison"],"picked":"Bouncing Flask","floor":11},{"not_picked":["Bane","Escape Plan"],"picked":"Die Die Die","floor":13},{"not_picked":["Infinite Blades","Blur"],"picked":"Dagger Spray","floor":18},{"not_picked":["Concentrate+1","Infinite Blades+1"],"picked":"Acrobatics+1","floor":19},{"not_picked":["Prepared+1","Backstab"],"picked":"Poisoned Stab+1","floor":20},{"not_picked":["Distraction+1","Tactician+1","Escape Plan"],"picked":"SKIP","floor":21},{"not_picked":["Glass Knife","Poisoned Stab"],"picked":"Bouncing Flask","floor":22}],"player_experience":578295,"relics_obtained":[{"floor":7,"key":"Matryoshka"},{"floor":9,"key":"Anchor"},{"floor":10,"key":"The Courier"}],"event_choices":[{"damage_healed":0,"gold_gain":175,"player_choice":"AGREE","damage_taken":0,"max_hp_gain":0,"max_hp_loss":0,"event_name":"Liars Game","floor":2,"gold_loss":0,"cards_obtained":["Doubt"]},{"damage_healed":0,"gold_gain":0,"player_choice":"1 cards matched","damage_taken":0,"max_hp_gain":0,"max_hp_loss":0,"event_name":"Match and Keep!","floor":4,"gold_loss":0,"cards_obtained":["Skewer"]}],"is_beta":false,"boss_relics":[{"not_picked":["Eternal Feather","Ectoplasm"],"picked":"Empty Cage"}],"items_purged_floors":[14],"is_endless":false,"potions_floor_spawned":[1,10,13,18,20,21],"killed_by":"Slavers","ascension_level":1}