{"gold_per_floor":[112,112,112,136,211,211,231,269,269,310,32,57,57,96,96,219,219,234,259,18,18,18,18,18,18,98,98,23,23,44,80,80,199,199,214,235,69,90,90,90,90,105,105,149,49,83,83,104,104,104,104,104,67,107,107],"floor_reached":55,"playtime":3186,"items_purged":["Shame","Decay"],"score":794,"play_id":"022fdf4e-2d4c-4b69-99db-71f5baf55532","local_time":"20190331205233","is_ascension_mode":true,"campfire_choices":[{"data":"Chaos","floor":6.0,"key":"SMITH"},{"data":"Streamline","floor":15.0,"key":"SMITH"},{"data":"1","floor":23.0,"key":"LIFT"},{"data":"2","floor":25.0,"key":"LIFT"},{"data":"3","floor":27.0,"key":"LIFT"},{"data":"Streamline","floor":29.0,"key":"SMITH"},{"data":"Coolheaded","floor":32.0,"key":"SMITH"},{"data":"Coolheaded","floor":40.0,"key":"SMITH"},{"data":"FTL","floor":47.0,"key":"SMITH"},{"floor":49.0,"key":"RECALL"},{"data":"Go for the Eyes","floor":52.0,"key":"SMITH"}],"neow_cost":"NONE","seed_source_timestamp":27287013301199,"circlet_count":0,"master_deck":["Defend_B","Defend_B","Defend_B","Defend_B","Zap","Dualcast+1","Dramatic Entrance","Chaos+1","Streamline+1","Beam Cell","Auto Shields","FTL","Leap","FTL+1","Capacitor","Beam Cell","Echo Form","Cold Snap","Streamline+1","Bite","Bite","Bite","Bite","Bite","Coolheaded+1","Coolheaded+1","Echo Form+1","Leap+1","Go for the Eyes+1","Panache+1","Beam Cell+1","Thinking Ahead","Skim+1","Writhe","Turbo+1","Double Energy","Barrage"],"special_seed":0,"relics":["Cracked Core","Golden Idol","DataDisk","Shuriken","Girya","Sling","Strawberry","Sozu","Ornamental Fan","Lantern","Frozen Egg 2","Bottled Tornado","Anchor","Cursed Key","Bronze Scales","Emotion Chip","Blood Vial","Kunai"],"potions_floor_usage":[55,55],"damage_taken":[{"damage":6.0,"enemies":"Jaw Worm","floor":1.0,"turns":2.0},{"damage":0.0,"enemies":"Small Slimes","floor":4.0,"turns":2.0},{"damage":0.0,"enemies":"2 Louse","floor":7.0,"turns":2.0},{"damage":6.0,"enemies":"Gremlin Nob","floor":8.0,"turns":3.0},{"damage":13.0,"enemies":"3 Sentries","floor":10.0,"turns":4.0},{"damage":3.0,"enemies":"Red Slaver","floor":12.0,"turns":3.0},{"damage":13.0,"enemies":"Gremlin Nob","floor":14.0,"turns":3.0},{"damage":25.0,"enemies":"Hexaghost","floor":16.0,"turns":8.0},{"damage":7.0,"enemies":"3 Byrds","floor":18.0,"turns":5.0},{"damage":15.0,"enemies":"2 Thieves","floor":19.0,"turns":4.0},{"damage":24.0,"enemies":"Shelled Parasite and Fungi","floor":30.0,"turns":3.0},{"damage":9.0,"enemies":"Book of Stabbing","floor":31.0,"turns":4.0},{"damage":7.0,"enemies":"Automaton","floor":33.0,"turns":9.0},{"damage":0.0,"enemies":"Orb Walker","floor":35.0,"turns":2.0},{"damage":0.0,"enemies":"3 Shapes","floor":36.0,"turns":4.0},{"damage":2.0,"enemies":"Sphere and 2 Shapes","floor":38.0,"turns":3.0},{"damage":9.0,"enemies":"4 Shapes","floor":42.0,"turns":3.0},{"damage":9.0,"enemies":"Giant Head","floor":44.0,"turns":5.0},{"damage":6.0,"enemies":"Reptomancer","floor":46.0,"turns":4.0},{"damage":6.0,"enemies":"Spire Growth","floor":48.0,"turns":4.0},{"damage":42.0,"enemies":"Time Eater","floor":50.0,"turns":8.0},{"damage":6.0,"enemies":"Shield and Spear","floor":54.0,"turns":5.0},{"damage":89,"enemies":"The Heart","floor":55,"turns":6}],"seed_played":"7383674919898243187","potions_obtained":[{"floor":7.0,"key":"Explosive Potion"},{"floor":8.0,"key":"Ancient Potion"},{"floor":10.0,"key":"Ancient Potion"},{"floor":14.0,"key":"Fire Potion"}],"is_trial":false,"path_per_floor":["M","?","?","M","?","R","M","E","T","E","$","M","?","E","R","B",null,"M","M","$","?","?","R","?","R","T","R","$","R","M","E","R","B",null,"M","M","$","M","T","R","?","M","T","E","$","E","R","M","R","B",null,"R","$","E","B"],"character_chosen":"DEFECT","items_purchased":["Leap","FTL","Sling","Ornamental Fan","Panache+1","Double Energy"],"campfire_rested":0,"item_purchase_floors":[11,11,11,20,37,53],"current_hp_per_floor":[69,51,51,51,40,40,40,34,34,21,21,18,43,37,37,12,82,75,60,60,57,57,57,57,57,57,57,57,57,43,42,42,53,57,57,57,57,57,57,57,57,48,48,51,51,55,55,55,55,33,57,57,57,57,0],"gold":107,"neow_bonus":"RANDOM_COLORLESS","is_prod":false,"is_daily":false,"chose_seed":false,"campfire_upgraded":7,"win_rate":0,"timestamp":1554058353,"path_taken":["M","?","?","?","?","R","M","E","T","E","$","M","?","E","R","BOSS","M","M","$","?","?","R","?","R","T","R","$","R","M","E","R","BOSS","M","M","$","M","?","R","?","M","T","E","?","E","R","M","R","BOSS","R","$","E","BOSS"],"build_version":"2019-01-23","purchased_purges":2,"victory":false,"max_hp_per_floor":[75,75,75,75,75,75,75,75,75,75,75,75,75,82,82,82,82,82,82,82,57,57,57,57,57,57,57,57,57,57,57,57,57,57,57,57,57,57,57,57,57,57,57,57,57,57,57,57,57,57,57,57,57,57,57],"card_choices":[{"not_picked":["Sweeping Beam","Cold Snap"],"picked":"Chaos","floor":1.0},{"not_picked":["Chill","Force Field"],"picked":"Streamline","floor":4.0},{"not_picked":["Tempest","Coolheaded"],"picked":"Beam Cell","floor":7.0},{"not_picked":["FTL","Compile Driver"],"picked":"Auto Shields","floor":8.0},{"not_picked":["Barrage","All For One"],"picked":"FTL","floor":10.0},{"not_picked":["Stack","Darkness"],"picked":"Capacitor","floor":12.0},{"not_picked":["Coolheaded","Auto Shields"],"picked":"Beam Cell","floor":14.0},{"not_picked":["Core Surge","Buffer"],"picked":"Echo Form","floor":16.0},{"not_picked":["Rebound","Leap"],"picked":"Cold Snap","floor":18.0},{"not_picked":["Aggregate","Redo"],"picked":"Streamline","floor":19.0},{"not_picked":["Steam","Hello World+1"],"picked":"Coolheaded","floor":30.0},{"not_picked":["Barrage","Self Repair+1"],"picked":"Coolheaded","floor":31.0},{"not_picked":["Creative AI+1","Biased Cognition+1"],"picked":"Echo Form+1","floor":33.0},{"not_picked":["Doom and Gloom+1","Steam+1"],"picked":"Leap+1","floor":35.0},{"not_picked":["Redo","Coolheaded"],"picked":"Go for the Eyes","floor":36.0},{"not_picked":["Gash","Redo+1"],"picked":"Beam Cell+1","floor":38.0},{"not_picked":["Panacea","The Bomb"],"picked":"Thinking Ahead","floor":41.0},{"not_picked":["Steam","Beam Cell+1"],"picked":"Skim+1","floor":42.0},{"not_picked":["Redo+1","Seek","Ball Lightning"],"picked":"SKIP","floor":44.0},{"not_picked":["Tempest","Ball Lightning"],"picked":"Turbo+1","floor":46.0},{"not_picked":["Auto Shields+1","Beam Cell","Melter+1"],"picked":"SKIP","floor":48.0},{"not_picked":["Redo","Cold Snap"],"picked":"Barrage","floor":54.0}],"player_experience":171653,"relics_obtained":[{"floor":8.0,"key":"DataDisk"},{"floor":9.0,"key":"Shuriken"},{"floor":10.0,"key":"Girya"},{"floor":14.0,"key":"Strawberry"},{"floor":26.0,"key":"Bottled Tornado"},{"floor":31.0,"key":"Anchor"},{"floor":43.0,"key":"Bronze Scales"},{"floor":44.0,"key":"Emotion Chip"},{"floor":46.0,"key":"Blood Vial"},{"floor":54.0,"key":"Kunai"}],"event_choices":[{"damage_healed":0.0,"max_hp_gain":0.0,"max_hp_loss":0.0,"gold_gain":0.0,"event_name":"Golden Idol","player_choice":"Take Damage","floor":2.0,"gold_loss":0.0,"damage_taken":18.0,"relics_obtained":["Golden Idol"]},{"damage_healed":0.0,"max_hp_gain":0.0,"max_hp_loss":0.0,"gold_gain":0.0,"event_name":"Living Wall","player_choice":"Grow","floor":3.0,"gold_loss":0.0,"damage_taken":0.0,"cards_upgraded":["Dualcast"]},{"damage_healed":0.0,"max_hp_gain":0.0,"max_hp_loss":0.0,"gold_gain":75.0,"event_name":"World of Goop","player_choice":"Gather Gold","floor":5.0,"gold_loss":0.0,"damage_taken":11.0},{"damage_healed":25.0,"max_hp_gain":0.0,"max_hp_loss":0.0,"gold_gain":0.0,"event_name":"Big Fish","player_choice":"Banana","floor":13.0,"gold_loss":0.0,"damage_taken":0.0},{"damage_healed":0.0,"max_hp_gain":0.0,"max_hp_loss":25.0,"gold_gain":0.0,"event_name":"Vampires","player_choice":"Became a vampire","floor":21.0,"gold_loss":0.0,"damage_taken":0.0,"cards_obtained":["Bite","Bite","Bite","Bite","Bite"]},{"damage_healed":0.0,"max_hp_gain":0.0,"max_hp_loss":0.0,"gold_gain":0.0,"event_name":"Addict","player_choice":"Stole Relic","floor":22.0,"gold_loss":0.0,"damage_taken":0.0,"relics_obtained":["Lantern"],"cards_obtained":["Shame"]},{"damage_healed":0.0,"max_hp_gain":0.0,"max_hp_loss":0.0,"gold_gain":0.0,"event_name":"WeMeetAgain","player_choice":"Gave Potion","floor":24.0,"gold_loss":0.0,"damage_taken":0.0,"relics_obtained":["Frozen Egg 2"]},{"damage_healed":0.0,"max_hp_gain":0.0,"max_hp_loss":0.0,"gold_gain":0.0,"event_name":"SensoryStone","player_choice":"Memory 1","floor":41.0,"gold_loss":0.0,"damage_taken":0.0}],"is_beta":false,"boss_relics":[{"not_picked":["Philosopher\u0027s Stone","White Beast Statue"],"picked":"Sozu"},{"not_picked":["Fusion Hammer","Eternal Feather"],"picked":"Cursed Key"}],"items_purged_floors":[28,45],"is_endless":false,"potions_floor_spawned":[7,8,10,14,16,18,35,42,46,48],"killed_by":"The Heart","ascension_level":1}