{"gold_per_floor":[366,336,353,367,37,72,72,72,98,118,68,68,83,83,83,83],"floor_reached":16,"playtime":387,"items_purged":["Defend_R"],"score":100,"play_id":"428c282a-150a-470c-949c-4c056e35f976","local_time":"20181005102651","is_ascension_mode":false,"campfire_choices":[{"floor":8,"key":"REST"},{"data":"Whirlwind","floor":15,"key":"SMITH"}],"neow_cost":"PERCENT_DAMAGE","seed_source_timestamp":1207294466425719,"circlet_count":0,"master_deck":["Strike_R","Strike_R","Strike_R","Strike_R","Strike_R","Defend_R","Defend_R","Bash","Perfected Strike","Flex","Inflame","Whirlwind+1","Inflame","Flex","Twin Strike"],"relics":["Burning Blood","Tiny Chest","Dream Catcher","Juzu Bracelet","Pen Nib"],"potions_floor_usage":[6,6],"damage_taken":[{"damage":9,"enemies":"2 Louse","floor":1,"turns":3},{"damage":6,"enemies":"Cultist","floor":3,"turns":3},{"damage":8,"enemies":"Jaw Worm","floor":4,"turns":3},{"damage":24,"enemies":"Lagavulin","floor":6,"turns":5},{"damage":15,"enemies":"Looter","floor":10,"turns":3},{"damage":6,"enemies":"Exordium Thugs","floor":13,"turns":3},{"damage":48,"enemies":"Hexaghost","floor":16,"turns":5}],"seed_played":"-1230557873040998102","potions_obtained":[{"floor":2,"key":"Poison Potion"},{"floor":2,"key":"SpeedPotion"},{"floor":3,"key":"Block Potion"},{"floor":6,"key":"SpeedPotion"},{"floor":10,"key":"Fire Potion"}],"is_trial":false,"path_per_floor":["M","?","M","M","$","E","?","R","T","M","?","$","M","$","R"],"character_chosen":"IRONCLAD","items_purchased":["Whirlwind","Inflame","Tiny Chest"],"campfire_rested":1,"item_purchase_floors":[5,5,5],"current_hp_per_floor":[53,53,53,51,51,33,30,54,54,45,45,45,45,45,45,0],"gold":83,"neow_bonus":"TWO_FIFTY_GOLD","is_prod":false,"is_daily":false,"chose_seed":false,"campfire_upgraded":1,"win_rate":0,"timestamp":1538749611,"path_taken":["M","?","M","M","$","E","?","R","T","M","?","$","M","$","R","BOSS"],"build_version":"2018-10-04","purchased_purges":1,"victory":false,"max_hp_per_floor":[80,80,80,80,80,80,80,80,80,80,80,80,80,80,80,80],"card_choices":[{"not_picked":["Headbutt","Feel No Pain"],"picked":"Perfected Strike","floor":1},{"not_picked":["Armaments","Sword Boomerang"],"picked":"Flex","floor":3},{"not_picked":["Brutality","Shockwave"],"picked":"Inflame","floor":4},{"not_picked":["Wild Strike","Disarm"],"picked":"Flex","floor":6},{"not_picked":["Disarm","Clothesline"],"picked":"Twin Strike","floor":10},{"not_picked":["Rage","Thunderclap","Reckless Charge"],"picked":"SKIP","floor":13}],"player_experience":434995,"relics_obtained":[{"floor":6,"key":"Dream Catcher"},{"floor":9,"key":"Pen Nib"}],"event_choices":[{"event_name":"The Woman in Blue","player_choice":"Bought 2 Potions","floor":2,"damage_taken":0},{"event_name":"Scrap Ooze","player_choice":"success","floor":7,"damage_taken":3},{"event_name":"The Cleric","player_choice":"Card Removal","floor":11,"damage_taken":0}],"is_beta":false,"boss_relics":[],"items_purged_floors":[5],"is_endless":false,"potions_floor_spawned":[3,6,10],"killed_by":"Hexaghost","ascension_level":0}