{"gold_per_floor":[110,123,123,123,298,329,329,349,349,349,361,380,400,413,413,510,510,529,444,120,120,133,133,143,153,153,153,153],"floor_reached":28,"playtime":758,"items_purged":["Doubt"],"score":284,"play_id":"b2ac4ed9-daa8-41c0-b80d-9f4bf842ed34","local_time":"20190326081934","is_ascension_mode":true,"campfire_choices":[{"data":"Immolate","floor":7,"key":"SMITH"},{"data":"Battle Trance","floor":10,"key":"SMITH"},{"data":"Pommel Strike","floor":15,"key":"SMITH"},{"data":"Defend_R","floor":23,"key":"SMITH"}],"neow_cost":"NONE","seed_source_timestamp":7982833751856130,"circlet_count":0,"master_deck":["Strike_R","Strike_R","Strike_R","Defend_R","Defend_R","Defend_R+1","Defend_R","Bash","Anger","Anger","Immolate+1","Battle Trance+1","Pommel Strike+1","Pommel Strike","Brutality+1","Armaments+1","Shrug It Off"],"relics":["Burning Blood","NeowsBlessing","Paper Frog","Mercury Hourglass","Frozen Egg 2","Pantograph","Empty Cage","Vajra","Blue Candle","Prayer Wheel"],"potions_floor_usage":[11,18,22,27],"damage_taken":[{"damage":0,"enemies":"Jaw Worm","floor":1,"turns":1},{"damage":0,"enemies":"Small Slimes","floor":2,"turns":1},{"damage":0,"enemies":"3 Sentries","floor":6,"turns":1},{"damage":0,"enemies":"2 Louse","floor":8,"turns":1},{"damage":2,"enemies":"Exordium Wildlife","floor":11,"turns":2},{"damage":7,"enemies":"2 Fungi Beasts","floor":12,"turns":2},{"damage":9,"enemies":"3 Louse","floor":13,"turns":2},{"damage":10,"enemies":"Red Slaver","floor":14,"turns":3},{"damage":23,"enemies":"Slime Boss","floor":16,"turns":8},{"damage":49,"enemies":"Shell Parasite","floor":18,"turns":4},{"damage":7,"enemies":"2 Thieves","floor":22,"turns":2},{"damage":22,"enemies":"Shelled Parasite and Fungi","floor":24,"turns":3},{"damage":10,"enemies":"Centurion and Healer","floor":25,"turns":4},{"damage":11,"enemies":"Colosseum Slavers","floor":27,"turns":3},{"damage":11,"enemies":"Cultist and Chosen","floor":28,"turns":4}],"seed_played":"-1255094719512918311","potions_obtained":[{"floor":1,"key":"Block Potion"},{"floor":12,"key":"AttackPotion"},{"floor":13,"key":"SneckoOil"},{"floor":14,"key":"EssenceOfSteel"},{"floor":16,"key":"PowerPotion"}],"is_trial":false,"path_per_floor":["M","M","?","?","?","E","R","M","T","R","M","M","M","M","R","B",null,"M","?","$","?","M","R","M","M","T","?","M"],"character_chosen":"IRONCLAD","items_purchased":["Blue Candle"],"campfire_rested":0,"item_purchase_floors":[20],"current_hp_per_floor":[80,80,80,73,73,79,79,80,80,80,80,79,76,72,72,63,80,37,37,37,37,36,36,20,16,16,11,0],"gold":153,"neow_bonus":"THREE_ENEMY_KILL","is_prod":false,"is_daily":false,"chose_seed":false,"campfire_upgraded":4,"win_rate":0,"timestamp":1553602774,"path_taken":["M","M","?","?","?","E","R","M","T","R","M","?","M","M","R","BOSS","M","?","$","?","?","R","M","M","T","?","M"],"build_version":"2019-01-23","purchased_purges":1,"victory":false,"max_hp_per_floor":[80,80,80,80,80,80,80,80,80,80,80,80,80,80,80,80,80,80,80,80,80,80,80,80,80,80,80,80],"card_choices":[{"not_picked":["Ghostly Armor","Searing Blow"],"picked":"Anger","floor":1},{"not_picked":["Headbutt","Clothesline"],"picked":"Anger","floor":2},{"not_picked":["Anger","Double Tap"],"picked":"Immolate","floor":6},{"not_picked":["Shrug It Off","Heavy Blade"],"picked":"Battle Trance","floor":8},{"not_picked":["Dual Wield","Heavy Blade"],"picked":"Pommel Strike","floor":11},{"not_picked":["Feel No Pain+1","Headbutt","Combust+1"],"picked":"SKIP","floor":12},{"not_picked":["Wild Strike","Perfected Strike","Havoc"],"picked":"SKIP","floor":13},{"not_picked":["Armaments","Flex"],"picked":"Pommel Strike","floor":14},{"not_picked":["Fiend Fire","Offering"],"picked":"Brutality+1","floor":16},{"not_picked":["Heavy Blade","Carnage","Clothesline"],"picked":"SKIP","floor":18},{"not_picked":["Battle Trance","Pommel Strike"],"picked":"Armaments+1","floor":22},{"not_picked":["Armaments+1","Cleave+1","Burning Pact"],"picked":"SKIP","floor":24},{"not_picked":["Rampage+1","Power Through"],"picked":"Shrug It Off","floor":25}],"player_experience":528827,"relics_obtained":[{"floor":6,"key":"Frozen Egg 2"},{"floor":9,"key":"Pantograph"},{"floor":26,"key":"Prayer Wheel"}],"event_choices":[{"damage_healed":0,"gold_gain":0,"player_choice":"Box","damage_taken":0,"relics_obtained":["Paper Frog"],"max_hp_gain":0,"max_hp_loss":0,"event_name":"Big Fish","floor":3,"gold_loss":0,"cards_obtained":["Regret"]},{"damage_healed":0,"gold_gain":0,"player_choice":"Success","damage_taken":7,"relics_obtained":["Mercury Hourglass"],"max_hp_gain":0,"max_hp_loss":0,"event_name":"Scrap Ooze","floor":4,"gold_loss":0},{"damage_healed":0,"gold_gain":175,"player_choice":"AGREE","damage_taken":0,"max_hp_gain":0,"max_hp_loss":0,"event_name":"Liars Game","floor":5,"gold_loss":0,"cards_obtained":["Doubt"]},{"damage_healed":0,"gold_gain":0,"player_choice":"Obtained Relic","damage_taken":0,"relics_obtained":["Vajra"],"max_hp_gain":0,"max_hp_loss":0,"event_name":"Addict","floor":19,"gold_loss":85},{"cards_removed":["Regret"],"damage_healed":0,"gold_gain":0,"player_choice":"Purged","damage_taken":0,"max_hp_gain":0,"max_hp_loss":0,"event_name":"Purifier","floor":21,"gold_loss":0},{"damage_healed":0,"gold_gain":0,"player_choice":"Fight","damage_taken":0,"max_hp_gain":0,"max_hp_loss":0,"event_name":"Colosseum","floor":27,"gold_loss":0},{"damage_healed":0,"gold_gain":0,"player_choice":"Fled From Nobs","damage_taken":0,"max_hp_gain":0,"max_hp_loss":0,"event_name":"Colosseum","floor":27,"gold_loss":0}],"is_beta":false,"boss_relics":[{"not_picked":["Velvet Choker","Lizard Tail"],"picked":"Empty Cage"}],"items_purged_floors":[20],"is_endless":false,"potions_floor_spawned":[1,12,13,14,16,27],"killed_by":"Cultist and Chosen","ascension_level":3}