{"gold_per_floor":[111,211,211,227,238,238,255,269,269,269,269,269,288,213,213,213],"floor_reached":16,"playtime":1376,"items_purged":["Strike_G"],"score":92,"play_id":"14a6eb62-c281-4d27-b7e9-0b6cac732c8f","local_time":"20180711152020","is_ascension_mode":false,"campfire_choices":[{"floor":6,"key":"REST"},{"floor":11,"key":"REST"},{"floor":15,"key":"REST"}],"neow_cost":"FIFTY_PERCENT_DAMAGE","seed_source_timestamp":25257237900020,"circlet_count":0,"master_deck":["Defend_G","Defend_G","Strike_G","Strike_G","Strike_G","Strike_G","Survivor","Neutralize"],"relics":["Ring of the Snake","Snake Skull","Pantograph"],"potions_floor_usage":[7,16],"damage_taken":[{"damage":5,"enemies":"Jaw Worm","floor":1,"turns":4},{"damage":1,"enemies":"Cultist","floor":4,"turns":4},{"damage":0,"enemies":"2 Louse","floor":5,"turns":3},{"damage":15,"enemies":"Large Slime","floor":7,"turns":5},{"damage":18,"enemies":"Exordium Thugs","floor":8,"turns":7},{"damage":5,"enemies":"Blue Slaver","floor":13,"turns":5},{"damage":73,"enemies":"Hexaghost","floor":16,"turns":10}],"seed_played":"-782581333869168192","potions_obtained":[{"floor":4,"key":"AttackPotion"},{"floor":7,"key":"SpeedPotion"}],"is_trial":false,"path_per_floor":["M","?","?","M","M","R","M","M","T","?","R","T","M","$","R"],"character_chosen":"THE_SILENT","items_purchased":[],"campfire_rested":3,"item_purchase_floors":[],"current_hp_per_floor":[30,30,30,29,29,50,35,17,17,17,38,38,33,33,54,0],"gold":213,"neow_bonus":"REMOVE_TWO","is_prod":false,"is_daily":false,"chose_seed":false,"campfire_upgraded":0,"win_rate":0,"timestamp":1531336820,"path_taken":["M","?","?","M","M","R","M","M","T","?","R","?","M","$","R","BOSS"],"build_version":"2018-07-05","purchased_purges":1,"victory":false,"max_hp_per_floor":[70,70,70,70,70,70,70,70,70,70,70,70,70,70,70,70],"card_choices":[{"not_picked":["PiercingWail","Outmaneuver","Sucker Punch"],"picked":"SKIP","floor":1},{"not_picked":["Backflip","Cloak And Dagger","Blur"],"picked":"SKIP","floor":4},{"not_picked":["Malaise","Underhanded Strike","Distraction"],"picked":"SKIP","floor":5},{"not_picked":["Deadly Poison","Finisher","Caltrops"],"picked":"SKIP","floor":7},{"not_picked":["Dagger Throw","Prepared","Finisher"],"picked":"SKIP","floor":8},{"not_picked":["Bane","Bouncing Flask","Poisoned Stab"],"picked":"SKIP","floor":13}],"player_experience":225512,"relics_obtained":[{"floor":9,"key":"Snake Skull"},{"floor":12,"key":"Pantograph"}],"event_choices":[{"event_name":"Golden Shrine","player_choice":"Pray","floor":2,"damage_taken":0},{"event_name":"Living Wall","player_choice":"Forget","floor":3,"damage_taken":0},{"event_name":"Scrap Ooze","player_choice":"unsuccessful","floor":10,"damage_taken":0}],"boss_relics":[],"items_purged_floors":[14],"is_endless":false,"potions_floor_spawned":[4,7],"killed_by":"Hexaghost","ascension_level":0}