{"gold_per_floor":[110,185,29,43,58,58,91,91,91,91,91,91,54,74,74,179,179,198,210,223,237,152,152,152,152,152,152,85,105,105,105,105,202,202,220,220,68,87,97,97,97,97,145,161,161,161,161,111,111,111],"floor_reached":50,"playtime":2084,"items_purged":["Pain","Defend_B"],"score":548,"play_id":"adfc8b28-e9cc-4452-a450-a640e15dd9e5","local_time":"20190325125949","is_ascension_mode":true,"campfire_choices":[{"data":"White Noise","floor":6,"key":"SMITH"},{"floor":8,"key":"REST"},{"floor":11,"key":"DIG"},{"data":"Static Discharge","floor":15,"key":"SMITH"},{"data":"Loop","floor":23,"key":"SMITH"},{"data":"Loop","floor":25,"key":"SMITH"},{"data":"Force Field","floor":30,"key":"SMITH"},{"floor":32,"key":"REST"},{"data":"Reinforced Body","floor":40,"key":"SMITH"},{"floor":45,"key":"DIG"},{"floor":47,"key":"DIG"},{"floor":49,"key":"DIG"}],"neow_cost":"CURSE","seed_source_timestamp":6690326278600,"circlet_count":0,"master_deck":["Defend_B","Defend_B","Defend_B+1","Zap","Dualcast","Static Discharge+1","White Noise+1","Storm","Reinforced Body+1","BootSequence+1","Loop+1","Echo Form","Loop+1","Force Field+1","Defragment+1","Skim","Force Field+1","Bite","Bite","Bite","Bite","Steam+1","Conserve Battery+1","Leap+1"],"relics":["Cracked Core","Shovel","WingedGreaves","Meat on the Bone","DataDisk","Oddly Smooth Stone","Sozu","Matryoshka","Nilry\u0027s Codex","War Paint","Toxic Egg 2","Coffee Dripper","Potion Belt","Centennial Puzzle","Bird Faced Urn","Kunai","Happy Flower"],"potions_floor_usage":[19,29],"damage_taken":[{"damage":9,"enemies":"Jaw Worm","floor":1,"turns":6},{"damage":0,"enemies":"Small Slimes","floor":4,"turns":3},{"damage":7,"enemies":"2 Louse","floor":5,"turns":3},{"damage":20,"enemies":"Lagavulin","floor":7,"turns":6},{"damage":2,"enemies":"Gremlin Gang","floor":14,"turns":5},{"damage":24,"enemies":"Hexaghost","floor":16,"turns":7},{"damage":6,"enemies":"Shell Parasite","floor":18,"turns":7},{"damage":6,"enemies":"Spheric Guardian","floor":19,"turns":3},{"damage":40,"enemies":"Snake Plant","floor":20,"turns":4},{"damage":0,"enemies":"Centurion and Healer","floor":21,"turns":4},{"damage":11,"enemies":"Shelled Parasite and Fungi","floor":29,"turns":5},{"damage":10,"enemies":"Champ","floor":33,"turns":9},{"damage":8,"enemies":"Orb Walker","floor":35,"turns":4},{"damage":0,"enemies":"3 Shapes","floor":38,"turns":3},{"damage":15,"enemies":"3 Darklings","floor":39,"turns":6},{"damage":0,"enemies":"Spire Growth","floor":44,"turns":5},{"damage":79,"enemies":"Awakened One","floor":50,"turns":4}],"seed_played":"-8009914295416546055","potions_obtained":[{"floor":4,"key":"Explosive Potion"},{"floor":16,"key":"Block Potion"}],"is_trial":false,"path_per_floor":["?","?","T","?","?","$","?","?","?","M","?"],"character_chosen":"DEFECT","items_purchased":["White Noise","BootSequence","Heatsinks","Steam+1","Leap+1"],"campfire_rested":2,"item_purchase_floors":[3,13,28,37,48],"current_hp_per_floor":[66,55,55,55,48,48,28,50,50,55,55,55,55,53,53,41,80,74,68,40,52,52,52,36,36,36,36,36,37,37,37,53,56,56,56,56,56,56,55,55,55,55,55,56,56,56,56,56,56,0],"gold":111,"neow_bonus":"ONE_RARE_RELIC","is_prod":false,"is_daily":false,"chose_seed":false,"campfire_upgraded":6,"win_rate":0,"timestamp":1553533189,"path_taken":["M","?","$","M","M","R","E","R","T","?","R","?","$","M","R","BOSS","M","M","M","M","?","R","?","R","T","?","$","M","R","?","R","BOSS","M","?","$","M","M","R","?","$","T","?","R","?","R","$","R","BOSS"],"build_version":"2019-01-23","purchased_purges":2,"victory":false,"max_hp_per_floor":[75,75,75,75,75,75,75,75,75,80,80,80,80,80,80,80,80,80,80,80,80,80,80,80,80,80,80,80,80,80,56,56,56,56,56,56,56,56,56,56,56,56,56,56,56,56,56,56,56,56],"card_choices":[{"not_picked":["Compile Driver","Coolheaded"],"picked":"Static Discharge","floor":1},{"not_picked":["Go for the Eyes","Compile Driver"],"picked":"Storm","floor":4},{"not_picked":["Gash","Darkness","Redo"],"picked":"SKIP","floor":5},{"not_picked":["Chill","Gash"],"picked":"Reinforced Body","floor":7},{"not_picked":["Coolheaded","Beam Cell"],"picked":"Loop","floor":14},{"not_picked":["Reboot","Fission"],"picked":"Echo Form","floor":16},{"not_picked":["Hologram","Coolheaded"],"picked":"Loop","floor":18},{"not_picked":["Fusion","Leap"],"picked":"Force Field","floor":19},{"not_picked":["Barrage","Recycle"],"picked":"Defragment+1","floor":20},{"not_picked":["Undo","Lockon+1"],"picked":"Skim","floor":21},{"not_picked":["Redo+1","Gash"],"picked":"Force Field+1","floor":29},{"not_picked":["Consume+1","Sweeping Beam","Beam Cell+1"],"picked":"SKIP","floor":35},{"not_picked":["Steam Power+1","Rebound+1","Lockon"],"picked":"SKIP","floor":38},{"not_picked":["Doom and Gloom+1","Sweeping Beam","Static Discharge+1"],"picked":"SKIP","floor":39},{"not_picked":["Streamline","Ball Lightning"],"picked":"Conserve Battery+1","floor":44}],"player_experience":275717,"relics_obtained":[{"floor":7,"key":"WingedGreaves"},{"floor":9,"key":"Meat on the Bone"},{"floor":11,"key":"DataDisk"},{"floor":12,"key":"Oddly Smooth Stone"},{"floor":24,"key":"Nilry\u0027s Codex"},{"floor":26,"key":"War Paint"},{"floor":26,"key":"Toxic Egg 2"},{"floor":43,"key":"Potion Belt"},{"floor":43,"key":"Centennial Puzzle"},{"floor":45,"key":"Bird Faced Urn"},{"floor":47,"key":"Kunai"},{"floor":49,"key":"Happy Flower"}],"event_choices":[{"damage_healed":0,"gold_gain":75,"player_choice":"Gather Gold","damage_taken":11,"max_hp_gain":0,"max_hp_loss":0,"event_name":"World of Goop","floor":2,"gold_loss":0},{"damage_healed":0,"gold_gain":0,"player_choice":"Donut","damage_taken":0,"max_hp_gain":5,"max_hp_loss":0,"event_name":"Big Fish","floor":10,"gold_loss":0},{"damage_healed":0,"gold_gain":0,"player_choice":"Obtained Relic","damage_taken":0,"relics_obtained":["Matryoshka"],"max_hp_gain":0,"max_hp_loss":0,"event_name":"Addict","floor":22,"gold_loss":85},{"damage_healed":0,"gold_gain":0,"player_choice":"Obtained Book","damage_taken":16,"max_hp_gain":0,"max_hp_loss":0,"event_name":"Cursed Tome","floor":24,"gold_loss":0},{"damage_healed":0,"gold_gain":0,"player_choice":"Became a vampire","damage_taken":0,"max_hp_gain":0,"max_hp_loss":24,"event_name":"Vampires","floor":31,"gold_loss":0,"cards_obtained":["Bite","Bite","Bite","Bite","Bite"]},{"cards_removed":["Bite"],"damage_healed":0,"gold_gain":0,"player_choice":"Removed Attack","damage_taken":0,"max_hp_gain":0,"max_hp_loss":0,"event_name":"Falling","floor":36,"gold_loss":0},{"cards_removed":["Heatsinks"],"damage_healed":0,"gold_gain":0,"player_choice":"Purged","damage_taken":0,"max_hp_gain":0,"max_hp_loss":0,"event_name":"Purifier","floor":41,"gold_loss":0},{"damage_healed":0,"gold_gain":0,"player_choice":"Full Heal","damage_taken":0,"max_hp_gain":0,"max_hp_loss":0,"event_name":"Wheel of Change","floor":46,"gold_loss":0}],"is_beta":false,"boss_relics":[{"not_picked":["Busted Crown","Philosopher\u0027s Stone"],"picked":"Sozu"},{"not_picked":["Tiny House","Inserter"],"picked":"Coffee Dripper"}],"items_purged_floors":[3,37],"is_endless":false,"potions_floor_spawned":[4,16,29,35,39,44],"killed_by":"Awakened One","ascension_level":4}