{"gold_per_floor":[18,18,18,35,51,51,69,19,19,19,19,37,37,37,37,137,137,152,165,165,183,197,197,215,215,215,232,246,246,246,260,260,365,365,378,303,313,69,79,79,92,105,160,175,186,202,202,215,215,215],"floor_reached":51,"playtime":1824,"items_purged":["Strike_B"],"score":674,"play_id":"a8e1c16b-b238-49c3-a3e1-dec00e293df6","local_time":"20190324015612","is_ascension_mode":false,"campfire_choices":[{"data":"Apotheosis","floor":6,"key":"SMITH"},{"data":"Zap","floor":11,"key":"SMITH"},{"data":"Gash","floor":13,"key":"SMITH"},{"data":"Secret Weapon","floor":15,"key":"SMITH"},{"floor":23,"key":"REST"},{"floor":25,"key":"REST"},{"data":"Gash","floor":29,"key":"SMITH"},{"floor":32,"key":"REST"},{"floor":40,"key":"REST"},{"floor":49,"key":"REST"}],"neow_cost":"NO_GOLD","seed_source_timestamp":7785946532521505,"circlet_count":0,"master_deck":["Strike_B","Zap+1","Dualcast","Secret Weapon+1","Apotheosis+1","Gash+1","Go for the Eyes","Hologram","All For One","Beam Cell","Conserve Battery+1","Gash+1","Skim","Gash+1","Reboot","Skim","Reprogram","Parasite"],"relics":["Cracked Core","Kunai","Empty Cage","Bronze Scales","Meat on the Bone","Busted Crown","Ornamental Fan","Smiling Mask"],"potions_floor_usage":[7,16,33,37,39,41,46,46,50,50,50,50,50,50],"damage_taken":[{"damage":6,"enemies":"Cultist","floor":1,"turns":3},{"damage":5,"enemies":"2 Louse","floor":4,"turns":2},{"damage":3,"enemies":"Jaw Worm","floor":5,"turns":2},{"damage":0,"enemies":"2 Fungi Beasts","floor":7,"turns":2},{"damage":15,"enemies":"3 Louse","floor":12,"turns":2},{"damage":41,"enemies":"The Guardian","floor":16,"turns":7},{"damage":14,"enemies":"Shell Parasite","floor":18,"turns":3},{"damage":10,"enemies":"Spheric Guardian","floor":19,"turns":3},{"damage":16,"enemies":"Snecko","floor":21,"turns":4},{"damage":9,"enemies":"Centurion and Healer","floor":22,"turns":3},{"damage":15,"enemies":"Snake Plant","floor":24,"turns":2},{"damage":0,"enemies":"Snecko","floor":27,"turns":3},{"damage":10,"enemies":"Chosen and Byrds","floor":28,"turns":3},{"damage":21,"enemies":"Snake Plant","floor":31,"turns":3},{"damage":34,"enemies":"Champ","floor":33,"turns":4},{"damage":0,"enemies":"Orb Walker","floor":35,"turns":1},{"damage":33,"enemies":"3 Darklings","floor":37,"turns":3},{"damage":3,"enemies":"Sphere and 2 Shapes","floor":39,"turns":2},{"damage":28,"enemies":"4 Shapes","floor":41,"turns":2},{"damage":0,"enemies":"Jaw Worm Horde","floor":42,"turns":2},{"damage":12,"enemies":"Sphere and 2 Shapes","floor":44,"turns":2},{"damage":0,"enemies":"Writhing Mass","floor":45,"turns":2},{"damage":0,"enemies":"Jaw Worm Horde","floor":46,"turns":2},{"damage":6,"enemies":"3 Darklings","floor":48,"turns":2},{"damage":12,"enemies":"Awakened One","floor":50,"turns":5}],"seed_played":"-3694820951921077305","potions_obtained":[{"floor":5,"key":"Fire Potion"},{"floor":12,"key":"AttackPotion"},{"floor":24,"key":"SteroidPotion"},{"floor":27,"key":"FearPotion"},{"floor":28,"key":"Dexterity Potion"},{"floor":31,"key":"EntropicBrew"},{"floor":33,"key":"SkillPotion"},{"floor":37,"key":"SkillPotion"},{"floor":41,"key":"SkillPotion"},{"floor":44,"key":"Poison Potion"},{"floor":47,"key":"Strength Potion"},{"floor":47,"key":"Energy Potion"}],"is_trial":false,"path_per_floor":["M","$","?","M","M","R","M","?","T","$","R","M","R","?","R","B",null,"M","M","?","M","M","R","M","R","T","M","M","R","?","M","R","B",null,"M","$","M","$","M","R","M","M","T","M","M","M","?","M","R","B",null],"character_chosen":"DEFECT","items_purchased":["Ornamental Fan"],"campfire_rested":5,"item_purchase_floors":[38],"current_hp_per_floor":[69,69,69,64,61,61,61,61,61,61,61,46,46,46,46,5,75,61,51,51,35,26,48,33,55,55,55,45,45,45,36,58,36,75,75,75,42,42,39,61,45,45,45,45,45,45,45,39,61,49],"gold":215,"neow_bonus":"RANDOM_COLORLESS_2","is_prod":false,"is_daily":false,"chose_seed":false,"campfire_upgraded":5,"win_rate":0,"timestamp":1553406972,"path_taken":["M","?","?","?","M","R","M","?","T","$","R","M","R","?","R","BOSS","M","M","?","M","M","R","M","R","T","M","M","R","?","M","R","BOSS","M","$","?","$","?","R","M","M","T","M","M","M","?","M","R","BOSS"],"build_version":"2019-01-23","purchased_purges":1,"victory":true,"max_hp_per_floor":[75,75,75,75,75,75,75,75,75,75,75,75,75,75,75,75,75,75,75,75,75,75,75,75,75,75,75,75,75,75,75,75,75,75,75,75,75,75,75,75,75,75,75,75,75,75,75,75,75,75],"card_choices":[{"not_picked":["Reinforced Body","Barrage","Doom and Gloom"],"picked":"SKIP","floor":1},{"not_picked":["Ball Lightning","Fusion"],"picked":"Gash","floor":4},{"not_picked":["Coolheaded","Cold Snap","Storm"],"picked":"SKIP","floor":5},{"not_picked":["Redo","Barrage"],"picked":"Go for the Eyes","floor":7},{"not_picked":["Go for the Eyes","Leap"],"picked":"Hologram","floor":12},{"not_picked":["Creative AI","Thunder Strike"],"picked":"All For One","floor":16},{"not_picked":["Cold Snap","Aggregate","Sweeping Beam"],"picked":"SKIP","floor":18},{"not_picked":["Cold Snap","Genetic Algorithm","Storm+1"],"picked":"SKIP","floor":19},{"not_picked":["Streamline","Loop"],"picked":"Beam Cell","floor":21},{"not_picked":["Turbo+1","Beam Cell","Electrodynamics"],"picked":"SKIP","floor":22},{"not_picked":["Stack","Recycle"],"picked":"Conserve Battery+1","floor":24},{"not_picked":["Turbo","Conserve Battery"],"picked":"Gash","floor":27},{"not_picked":["Blizzard+1","Sweeping Beam"],"picked":"Skim","floor":28},{"not_picked":["Compile Driver","Barrage+1"],"picked":"Gash+1","floor":31},{"not_picked":["Meteor Strike","Creative AI"],"picked":"Reboot","floor":33},{"not_picked":["Hologram"],"picked":"SKIP","floor":35},{"not_picked":["Compile Driver+1"],"picked":"SKIP","floor":37},{"not_picked":[],"picked":"Skim","floor":39},{"not_picked":[],"picked":"Reprogram","floor":41},{"not_picked":["Coolheaded+1"],"picked":"SKIP","floor":42},{"not_picked":["Turbo"],"picked":"SKIP","floor":44},{"not_picked":["Force Field+1"],"picked":"SKIP","floor":45},{"not_picked":["Cold Snap"],"picked":"SKIP","floor":46},{"not_picked":["Tempest+1"],"picked":"SKIP","floor":48}],"player_experience":461794,"relics_obtained":[{"floor":9,"key":"Kunai"},{"floor":26,"key":"Bronze Scales"},{"floor":43,"key":"Smiling Mask"}],"event_choices":[{"cards_removed":["Defend_B"],"damage_healed":0,"gold_gain":0,"player_choice":"Purged","damage_taken":0,"max_hp_gain":0,"max_hp_loss":0,"event_name":"Purifier","floor":3,"gold_loss":0},{"cards_removed":["Defend_B"],"damage_healed":0,"gold_gain":0,"player_choice":"Card Removal","damage_taken":0,"max_hp_gain":0,"max_hp_loss":0,"event_name":"The Cleric","floor":8,"gold_loss":50},{"cards_removed":["Defend_B"],"damage_healed":0,"gold_gain":0,"player_choice":"Forget","damage_taken":0,"max_hp_gain":0,"max_hp_loss":0,"event_name":"Living Wall","floor":14,"gold_loss":0},{"cards_removed":["Strike_B"],"damage_healed":0,"gold_gain":0,"player_choice":"Elegance","damage_taken":0,"max_hp_gain":0,"max_hp_loss":0,"event_name":"Back to Basics","floor":20,"gold_loss":0},{"damage_healed":0,"gold_gain":0,"player_choice":"Gave Potion","damage_taken":0,"relics_obtained":["Meat on the Bone"],"max_hp_gain":0,"max_hp_loss":0,"event_name":"WeMeetAgain","floor":30,"gold_loss":0},{"damage_healed":0,"gold_gain":0,"player_choice":"Got Potions","damage_taken":0,"max_hp_gain":0,"max_hp_loss":0,"event_name":"Lab","floor":47,"gold_loss":0}],"is_beta":false,"boss_relics":[{"not_picked":["Snecko Eye","Lizard Tail"],"picked":"Empty Cage"},{"not_picked":["Pandora\u0027s Box","Philosopher\u0027s Stone"],"picked":"Busted Crown"}],"items_purged_floors":[36],"is_endless":false,"potions_floor_spawned":[5,12,24,27,28,31,33,35,37,41,44,48],"ascension_level":0}