{"gold_per_floor":[114,114,128,303,29,29,29,29,29,62,62,74,93,106,106,106],"floor_reached":16,"playtime":742,"items_purged":["Defend_B"],"score":105,"play_id":"3c332110-ca09-437b-a09e-dae1a9f5ada9","local_time":"20180921090508","is_ascension_mode":true,"campfire_choices":[{"data":"Gash","floor":6,"key":"SMITH"},{"data":"Gash","floor":8,"key":"SMITH"},{"data":"Defend_B","floor":11,"key":"SMITH"},{"floor":15,"key":"REST"}],"neow_cost":"NONE","seed_source_timestamp":622905830353417,"circlet_count":0,"master_deck":["Strike_B+1","Strike_B+1","Strike_B+1","Strike_B+1","Defend_B","Defend_B","Defend_B+1","Zap+1","Dualcast","Gash+1","Doubt","Gash+1","Parasite"],"relics":["Cracked Core","Whetstone","Cables","Mercury Hourglass"],"potions_floor_usage":[10,16],"damage_taken":[{"damage":6,"enemies":"Jaw Worm","floor":1,"turns":2},{"damage":0,"enemies":"Small Slimes","floor":3,"turns":2},{"damage":31,"enemies":"Lagavulin","floor":10,"turns":4},{"damage":0,"enemies":"Cultist","floor":12,"turns":2},{"damage":0,"enemies":"Red Slaver","floor":13,"turns":2},{"damage":17,"enemies":"Large Slime","floor":14,"turns":4},{"damage":51,"enemies":"Slime Boss","floor":16,"turns":8}],"seed_played":"7456879680833705954","potions_obtained":[{"floor":1,"key":"GamblersBrew"},{"floor":12,"key":"Dexterity Potion"},{"floor":14,"key":"Swift Potion"}],"is_trial":false,"path_per_floor":["M","?","M","?","$","R","?","R","T","E","R","M","M","M","R"],"character_chosen":"DEFECT","items_purchased":["Gash","Whetstone"],"campfire_rested":1,"item_purchase_floors":[5,5],"current_hp_per_floor":[69,54,54,54,54,54,72,72,72,41,41,41,41,24,46,0],"gold":106,"neow_bonus":"UPGRADE_CARD","is_prod":false,"is_daily":false,"chose_seed":false,"campfire_upgraded":3,"win_rate":0,"timestamp":1537535108,"path_taken":["M","?","?","?","$","R","?","R","T","E","R","M","M","M","R","BOSS"],"build_version":"2018-09-20","purchased_purges":1,"victory":false,"max_hp_per_floor":[75,75,75,75,75,75,75,75,75,75,75,75,75,75,75,75],"card_choices":[{"not_picked":["Tempest","Leap"],"picked":"Gash","floor":1},{"not_picked":["Steam","Heatsinks","Hologram"],"picked":"SKIP","floor":3},{"not_picked":["Redo","Force Field","Chaos"],"picked":"SKIP","floor":10},{"not_picked":["Tempest","Stack","Ball Lightning"],"picked":"SKIP","floor":12},{"not_picked":["Steam","Fission","Redo"],"picked":"SKIP","floor":13},{"not_picked":["Force Field","White Noise","Heatsinks"],"picked":"SKIP","floor":14}],"player_experience":366270,"relics_obtained":[{"floor":9,"key":"Cables"},{"floor":10,"key":"Mercury Hourglass"}],"event_choices":[{"event_name":"Shining Light","player_choice":"Entered Light","floor":2,"damage_taken":0},{"event_name":"Liars Game","player_choice":"agreed","floor":4,"damage_taken":0},{"event_name":"Mushrooms","player_choice":"Healed and dodged fight","floor":7,"damage_taken":0}],"is_beta":false,"boss_relics":[],"items_purged_floors":[5],"is_endless":false,"potions_floor_spawned":[1,12,14],"killed_by":"Slime Boss","ascension_level":1}