{"gold_per_floor":[111,111,61,61,136,136,61,61,85,85,85,8,18,33,33,130,130,148,160,85,85,103,103,103,119,143,163,37,52,70,82,82,82],"floor_reached":33,"playtime":980,"items_purged":["Defend_G","Defend_G"],"score":237,"play_id":"13167722-71a4-4aa8-91a0-74aca487c39b","local_time":"20180716103003","is_ascension_mode":false,"campfire_choices":[{"floor":6,"key":"REST"},{"data":"Backstab","floor":8,"key":"SMITH"},{"data":"Neutralize","floor":11,"key":"SMITH"},{"data":"Quick Slash","floor":15,"key":"SMITH"},{"data":"Adrenaline","floor":23,"key":"SMITH"},{"floor":32,"key":"REST"}],"neow_cost":"NONE","seed_source_timestamp":440242928412215,"circlet_count":0,"master_deck":["Defend_G+1","Strike_G","Strike_G+1","Strike_G","Strike_G","Strike_G","Survivor","Neutralize+1","Backstab+1","Quick Slash+1","Flying Knee","Quick Slash","Adrenaline+1","Terror","Backflip","Footwork","Backflip"],"relics":["Eternal Feather","Omamori","Mercury Hourglass","Runic Dome","Bronze Scales"],"potions_floor_usage":[16,25,31,33],"damage_taken":[{"damage":7,"enemies":"Jaw Worm","floor":1,"turns":5},{"damage":0,"enemies":"Small Slimes","floor":13,"turns":2},{"damage":0,"enemies":"2 Louse","floor":14,"turns":1},{"damage":49,"enemies":"Hexaghost","floor":16,"turns":11},{"damage":10,"enemies":"3 Byrds","floor":18,"turns":4},{"damage":7,"enemies":"2 Thieves","floor":19,"turns":3},{"damage":7,"enemies":"Cultist and Chosen","floor":22,"turns":4},{"damage":18,"enemies":"Slaver and Parasite","floor":25,"turns":4},{"damage":17,"enemies":"Snecko","floor":27,"turns":4},{"damage":10,"enemies":"3 Cultists","floor":29,"turns":4},{"damage":7,"enemies":"Centurion and Healer","floor":30,"turns":4},{"damage":10,"enemies":"Cultist and Chosen","floor":31,"turns":4},{"damage":50,"enemies":"Automaton","floor":33,"turns":4}],"seed_played":"-8043444421900313528","potions_obtained":[{"floor":1,"key":"Fire Potion"},{"floor":19,"key":"Fire Potion"},{"floor":25,"key":"PowerPotion"},{"floor":27,"key":"Fire Potion"},{"floor":30,"key":"FairyPotion"}],"is_trial":false,"path_per_floor":["M","?","?","$","?","R","$","R","T","T","R","$","M","M","R","B",null,"M","M","?","$","M","R","?","M","T","M","$","M","M","M","R"],"character_chosen":"THE_SILENT","items_purchased":["Quick Slash","Flying Knee","Backflip"],"campfire_rested":2,"item_purchase_floors":[12,12,28],"current_hp_per_floor":[63,49,49,49,38,63,63,67,67,67,70,70,70,70,70,21,70,60,53,53,53,46,52,70,52,52,35,35,25,18,8,35,0],"gold":82,"neow_bonus":"BOSS_RELIC","is_prod":false,"is_daily":false,"chose_seed":false,"campfire_upgraded":4,"win_rate":0,"timestamp":1531751403,"path_taken":["M","?","?","$","?","R","$","R","T","?","R","$","?","M","R","BOSS","M","M","?","?","M","R","?","M","T","M","$","?","M","M","R","BOSS"],"build_version":"2018-07-12","purchased_purges":2,"victory":false,"max_hp_per_floor":[70,70,70,70,70,70,70,70,70,70,70,70,70,70,70,70,70,70,70,70,70,70,70,70,70,70,70,70,70,70,70,70,70],"card_choices":[{"not_picked":["Setup","Underhanded Strike"],"picked":"Backstab","floor":1},{"not_picked":["Caltrops","Cloak And Dagger"],"picked":"Quick Slash","floor":13},{"not_picked":["Dagger Spray","Well Laid Plans","Slice"],"picked":"SKIP","floor":14},{"not_picked":["Bullet Time","Envenom"],"picked":"Adrenaline","floor":16},{"not_picked":["Choke+1","Malaise"],"picked":"Terror","floor":18},{"not_picked":["Leg Sweep+1","Slice"],"picked":"Backflip","floor":19},{"not_picked":["Dagger Throw","Noxious Fumes+1"],"picked":"Footwork","floor":22},{"not_picked":["Backflip","Flechettes+1","Flying Knee"],"picked":"SKIP","floor":25},{"not_picked":["Backstab","Heel Hook","Quick Slash"],"picked":"SKIP","floor":27},{"not_picked":["Dagger Throw","Poisoned Stab","Accuracy"],"picked":"SKIP","floor":29},{"not_picked":["Flying Knee","Dodge and Roll","Well Laid Plans"],"picked":"SKIP","floor":30},{"not_picked":["Slice","Deflect","Poisoned Stab"],"picked":"SKIP","floor":31}],"player_experience":257124,"relics_obtained":[{"floor":9,"key":"Omamori"},{"floor":10,"key":"Mercury Hourglass"},{"floor":26,"key":"Bronze Scales"}],"event_choices":[{"event_name":"Shining Light","player_choice":"Entered Light","floor":2,"damage_taken":0},{"event_name":"The Cleric","player_choice":"Card Removal","floor":3,"damage_taken":0},{"event_name":"World of Goop","player_choice":"Gather Gold","floor":5,"damage_taken":0},{"event_name":"Beggar","player_choice":"Gave Gold","floor":20,"damage_taken":0},{"event_name":"The Library","player_choice":"Heal","floor":24,"damage_taken":0}],"boss_relics":[{"not_picked":["Black Star","Snecko Eye"],"picked":"Runic Dome"}],"items_purged_floors":[7,28],"is_endless":false,"potions_floor_spawned":[1,19,25,27,30],"killed_by":"Automaton","ascension_level":0}