{"gold_per_floor":[118,135,148,158,178,204,204,239,285,285,285,285,285,318,318,441,441,462,462,462,230,257,291,291,323,349,368,403,52,71,101,101,101],"floor_reached":33,"playtime":2892,"items_purged":["Injury","Strike_R"],"score":375,"play_id":"68509a35-e942-4382-9f6f-476ac374a6eb","local_time":"20190326092452","is_ascension_mode":true,"campfire_choices":[{"data":"Shockwave","floor":7,"key":"SMITH"},{"floor":11,"key":"REST"},{"data":"Bash","floor":15,"key":"SMITH"},{"floor":24,"key":"REST"},{"floor":32,"key":"REST"}],"neow_cost":"NONE","seed_source_timestamp":27615360423538,"circlet_count":0,"master_deck":["Strike_R","Strike_R","Strike_R","Strike_R","Defend_R+1","Defend_R","Defend_R+1","Defend_R","Bash+1","Heavy Blade","Headbutt","Shockwave+1","Shrug It Off","Twin Strike","Impervious","Pommel Strike+1","Clothesline+1","Juggernaut","Inflame","Entrench+1"],"relics":["Burning Blood","Centennial Puzzle","FossilizedHelix","Red Skull","Bloody Idol","Matryoshka","Mark of Pain","Lantern","Red Mask","War Paint","Gremlin Horn","Art of War","Oddly Smooth Stone","Question Card","Shuriken","Ancient Tea Set"],"potions_floor_usage":[5,6,8,18,30,33],"damage_taken":[{"damage":3,"enemies":"2 Louse","floor":1,"turns":3},{"damage":8,"enemies":"Jaw Worm","floor":2,"turns":4},{"damage":6,"enemies":"Cultist","floor":3,"turns":4},{"damage":2,"enemies":"Looter","floor":4,"turns":4},{"damage":17,"enemies":"Exordium Thugs","floor":5,"turns":4},{"damage":37,"enemies":"3 Sentries","floor":6,"turns":10},{"damage":13,"enemies":"Lagavulin","floor":8,"turns":5},{"damage":18,"enemies":"Gremlin Nob","floor":14,"turns":5},{"damage":54,"enemies":"The Guardian","floor":16,"turns":14},{"damage":8,"enemies":"2 Thieves","floor":18,"turns":4},{"damage":54,"enemies":"Masked Bandits","floor":22,"turns":6},{"damage":15,"enemies":"Slavers","floor":23,"turns":5},{"damage":45,"enemies":"Gremlin Leader","floor":25,"turns":7},{"damage":0,"enemies":"Chosen","floor":27,"turns":3},{"damage":7,"enemies":"Slavers","floor":28,"turns":6},{"damage":0,"enemies":"Snake Plant","floor":30,"turns":4},{"damage":39,"enemies":"Gremlin Leader","floor":31,"turns":6},{"damage":61,"enemies":"Collector","floor":33,"turns":7}],"seed_played":"-2399101098949414951","potions_obtained":[{"floor":2,"key":"Strength Potion"},{"floor":4,"key":"LiquidBronze"},{"floor":6,"key":"SteroidPotion"},{"floor":8,"key":"Explosive Potion"},{"floor":25,"key":"Block Potion"},{"floor":27,"key":"EssenceOfSteel"}],"is_trial":false,"path_per_floor":["?","?","?","?","?","?","M"],"character_chosen":"IRONCLAD","items_purchased":["Lantern","Shuriken"],"campfire_rested":3,"item_purchase_floors":[21,29],"current_hp_per_floor":[88,86,86,88,77,46,46,39,39,39,65,88,88,76,76,28,88,86,86,86,86,43,39,65,31,36,47,51,51,62,34,60,0],"gold":101,"neow_bonus":"TEN_PERCENT_HP_BONUS","is_prod":false,"is_daily":false,"chose_seed":false,"campfire_upgraded":2,"win_rate":0,"timestamp":1553603092,"path_taken":["M","M","M","M","M","E","R","E","T","?","R","?","?","E","R","BOSS","M","?","?","$","?","E","R","E","T","M","E","$","?","E","R","BOSS"],"build_version":"2019-01-23","purchased_purges":2,"victory":false,"max_hp_per_floor":[88,88,88,88,88,88,88,88,88,88,88,88,88,88,88,88,88,88,88,88,88,88,88,88,88,88,88,88,88,88,88,88,88],"card_choices":[{"not_picked":["Sentinel","Armaments"],"picked":"Heavy Blade","floor":1},{"not_picked":["Anger","Sword Boomerang","Blood for Blood"],"picked":"SKIP","floor":2},{"not_picked":["Shockwave","Thunderclap"],"picked":"Headbutt","floor":3},{"not_picked":["Headbutt","Sentinel","Wild Strike"],"picked":"SKIP","floor":4},{"not_picked":["Fire Breathing","Reckless Charge"],"picked":"Shockwave","floor":5},{"not_picked":["Perfected Strike","Rampage"],"picked":"Shrug It Off","floor":6},{"not_picked":["Juggernaut","Rupture"],"picked":"Twin Strike","floor":8},{"not_picked":["Pommel Strike","Power Through","Sword Boomerang"],"picked":"SKIP","floor":14},{"not_picked":["Immolate","Berserk"],"picked":"Impervious","floor":16},{"not_picked":["Wild Strike","Sever Soul"],"picked":"Pommel Strike+1","floor":18},{"not_picked":["True Grit","Iron Wave","Warcry+1"],"picked":"SKIP","floor":23},{"not_picked":["Heavy Blade","Anger+1","Pommel Strike"],"picked":"SKIP","floor":25},{"not_picked":["Brutality","Infernal Blade+1"],"picked":"Clothesline+1","floor":27},{"not_picked":["Warcry","Shrug It Off"],"picked":"Juggernaut","floor":28},{"not_picked":["Cleave+1","True Grit","Wild Strike"],"picked":"Inflame","floor":30},{"not_picked":["Dropkick","Thunderclap+1","Pummel"],"picked":"Entrench+1","floor":31}],"player_experience":454229,"relics_obtained":[{"floor":6,"key":"Centennial Puzzle"},{"floor":8,"key":"FossilizedHelix"},{"floor":9,"key":"Red Skull"},{"floor":14,"key":"Matryoshka"},{"floor":22,"key":"Red Mask"},{"floor":23,"key":"War Paint"},{"floor":25,"key":"Gremlin Horn"},{"floor":26,"key":"Art of War"},{"floor":26,"key":"Oddly Smooth Stone"},{"floor":28,"key":"Question Card"},{"floor":31,"key":"Ancient Tea Set"}],"event_choices":[{"damage_healed":0,"gold_gain":0,"player_choice":"Take Wound","damage_taken":0,"relics_obtained":["Golden Idol"],"max_hp_gain":0,"max_hp_loss":0,"event_name":"Golden Idol","floor":10,"gold_loss":0,"cards_obtained":["Injury"]},{"damage_healed":29,"gold_gain":0,"player_choice":"Banana","damage_taken":0,"max_hp_gain":0,"max_hp_loss":0,"event_name":"Big Fish","floor":12,"gold_loss":0},{"damage_healed":0,"gold_gain":0,"player_choice":"Ignored","damage_taken":0,"max_hp_gain":0,"max_hp_loss":0,"event_name":"Liars Game","floor":13,"gold_loss":0},{"damage_healed":0,"gold_gain":0,"player_choice":"Gave Idol","damage_taken":0,"relics_obtained":["Bloody Idol"],"max_hp_gain":0,"max_hp_loss":0,"event_name":"Forgotten Altar","floor":19,"relics_lost":["Golden Idol"],"gold_loss":0},{"damage_healed":0,"gold_gain":0,"player_choice":"Ignored","damage_taken":0,"max_hp_gain":0,"max_hp_loss":0,"event_name":"Ghosts","floor":20,"gold_loss":0},{"damage_healed":0,"gold_gain":0,"player_choice":"Fought Bandits","damage_taken":0,"max_hp_gain":0,"max_hp_loss":0,"event_name":"Masked Bandits","floor":22,"gold_loss":0}],"is_beta":false,"boss_relics":[{"not_picked":["Coffee Dripper","Runic Dome"],"picked":"Mark of Pain"}],"items_purged_floors":[21,29],"is_endless":false,"potions_floor_spawned":[2,4,6,8,23,25,27],"killed_by":"Collector","ascension_level":2}