{"gold_per_floor":[209,224,299,299,53,53,85,85,85,85,103,114,114,133,133,234,234,249,249,105,118,39,39,64,64,64,81,99,99],"floor_reached":29,"playtime":756,"items_purged":["Strike_B"],"score":337,"play_id":"5d2cd34e-4608-451c-a1f0-9f774ee2bf0c","local_time":"20190325195807","is_ascension_mode":true,"campfire_choices":[{"data":"Strike_B","floor":6,"key":"SMITH"},{"floor":10,"key":"REST"},{"data":"Electrodynamics","floor":13,"key":"SMITH"},{"data":"Loop","floor":15,"key":"SMITH"},{"data":"Storm","floor":23,"key":"SMITH"},{"floor":25,"key":"REST"}],"neow_cost":"NONE","seed_source_timestamp":7938345473277156,"circlet_count":0,"master_deck":["Strike_B","Strike_B","Strike_B+1","Defend_B","Defend_B","Defend_B","Defend_B","Zap+1","Dualcast","Leap","Electrodynamics+1","Capacitor","Loop+1","Electrodynamics","Barrage+1","Coolheaded","Storm+1","Ball Lightning+1","Loop","Force Field","Force Field"],"relics":["Cracked Core","Molten Egg 2","Shuriken","Cables","Runic Dome","Incense Burner","Girya"],"potions_floor_usage":[14,24,29],"damage_taken":[{"damage":0,"enemies":"Small Slimes","floor":1,"turns":3},{"damage":2,"enemies":"Jaw Worm","floor":2,"turns":3},{"damage":36,"enemies":"Lagavulin","floor":7,"turns":9},{"damage":0,"enemies":"Cultist","floor":11,"turns":3},{"damage":1,"enemies":"Looter","floor":12,"turns":3},{"damage":0,"enemies":"Large Slime","floor":14,"turns":3},{"damage":0,"enemies":"Slime Boss","floor":16,"turns":5},{"damage":20,"enemies":"2 Thieves","floor":18,"turns":3},{"damage":0,"enemies":"3 Byrds","floor":21,"turns":1},{"damage":33,"enemies":"Book of Stabbing","floor":24,"turns":4},{"damage":17,"enemies":"Snecko","floor":27,"turns":4},{"damage":0,"enemies":"3 Cultists","floor":28,"turns":2},{"damage":28,"enemies":"Snake Plant","floor":29,"turns":2}],"seed_played":"-2346086799275293696","potions_obtained":[{"floor":1,"key":"FocusPotion"},{"floor":7,"key":"Explosive Potion"},{"floor":11,"key":"Explosive Potion"},{"floor":21,"key":"PowerPotion"},{"floor":28,"key":"EssenceOfSteel"}],"is_trial":false,"path_per_floor":["M","M","?","?","$","R","E","?","T","R","M","M","R","M","R","B",null,"M","?","$","M","$","R","E","R","T","M","M","M"],"character_chosen":"DEFECT","items_purchased":["Molten Egg 2","Storm","Loop"],"campfire_rested":2,"item_purchase_floors":[5,20,22],"current_hp_per_floor":[75,73,62,62,62,62,26,19,19,41,41,40,40,40,40,40,75,55,55,55,55,55,55,22,44,44,27,27,0],"gold":99,"neow_bonus":"HUNDRED_GOLD","is_prod":false,"is_daily":false,"chose_seed":false,"campfire_upgraded":4,"win_rate":0,"timestamp":1553558287,"path_taken":["M","M","?","?","$","R","E","?","T","R","M","M","R","?","R","BOSS","M","?","$","M","$","R","E","R","T","M","M","M"],"build_version":"2019-01-23","purchased_purges":1,"victory":false,"max_hp_per_floor":[75,75,75,75,75,75,75,75,75,75,75,75,75,75,75,75,75,75,75,75,75,75,75,75,75,75,75,75,75],"card_choices":[{"not_picked":["Double Energy","Turbo"],"picked":"Leap","floor":1},{"not_picked":["Stack","Leap","Redo"],"picked":"SKIP","floor":2},{"not_picked":["Beam Cell+1","Defragment"],"picked":"Electrodynamics","floor":7},{"not_picked":["Redo","Leap"],"picked":"Capacitor","floor":11},{"not_picked":["Melter+1","Steam","Darkness"],"picked":"SKIP","floor":12},{"not_picked":["Beam Cell+1","Hologram"],"picked":"Loop","floor":14},{"not_picked":["Buffer","Hyperbeam+1"],"picked":"Electrodynamics","floor":16},{"not_picked":["Sweeping Beam+1","Hologram"],"picked":"Barrage+1","floor":18},{"not_picked":["Redo","Glacier"],"picked":"Ball Lightning+1","floor":21},{"not_picked":["Stack+1","Ball Lightning+1"],"picked":"Force Field","floor":24},{"not_picked":["Storm+1","Sweeping Beam+1"],"picked":"Force Field","floor":27},{"not_picked":["Go for the Eyes+1","Thunder Strike+1","FTL+1"],"picked":"SKIP","floor":28}],"player_experience":500254,"relics_obtained":[{"floor":7,"key":"Shuriken"},{"floor":9,"key":"Cables"},{"floor":24,"key":"Incense Burner"},{"floor":26,"key":"Girya"}],"event_choices":[{"damage_healed":0,"gold_gain":75,"player_choice":"Gather Gold","damage_taken":11,"max_hp_gain":0,"max_hp_loss":0,"event_name":"World of Goop","floor":3,"gold_loss":0},{"damage_healed":0,"gold_gain":0,"player_choice":"Grow","damage_taken":0,"max_hp_gain":0,"max_hp_loss":0,"event_name":"Living Wall","floor":4,"gold_loss":0,"cards_upgraded":["Zap"]},{"damage_healed":0,"gold_gain":0,"player_choice":"Damaged","damage_taken":7,"max_hp_gain":0,"max_hp_loss":0,"event_name":"Wheel of Change","floor":8,"gold_loss":0},{"damage_healed":0,"gold_gain":0,"player_choice":"Read","damage_taken":0,"max_hp_gain":0,"max_hp_loss":0,"event_name":"The Library","floor":19,"gold_loss":0,"cards_obtained":["Coolheaded"]}],"is_beta":false,"boss_relics":[{"not_picked":["Orrery","Calling Bell"],"picked":"Runic Dome"}],"items_purged_floors":[20],"is_endless":false,"potions_floor_spawned":[1,7,11,21,28],"killed_by":"Snake Plant","ascension_level":3}