{"gold_per_floor":[114,124,136,146,158,158,222,222,270,270,55,69,69,144,144,240,240,252,252,37,37,49,81,81,100,126,139,164,178,198,232,232,331,331,350,350,365,380,49,49,83,83,83,83,97,97,97,31,31,31],"floor_reached":51,"playtime":3301,"items_purged":["Strike_G","Accuracy"],"score":928,"play_id":"4cbf3995-6b68-4147-8b3e-3d9bb5c25a0e","local_time":"20190325230408","is_ascension_mode":true,"campfire_choices":[{"data":"Skewer","floor":6,"key":"SMITH"},{"floor":8,"key":"REST"},{"data":"Neutralize","floor":10,"key":"SMITH"},{"floor":13,"key":"REST"},{"data":"Metamorphosis","floor":15,"key":"SMITH"},{"data":"A Thousand Cuts","floor":24,"key":"SMITH"},{"floor":32,"key":"REST"},{"data":"A Thousand Cuts","floor":40,"key":"SMITH"},{"data":"Wraith Form v2","floor":42,"key":"SMITH"},{"data":"Night Terror","floor":47,"key":"SMITH"},{"data":"Phantasmal Killer","floor":49,"key":"SMITH"}],"neow_cost":"PERCENT_DAMAGE","seed_source_timestamp":41709603337400,"circlet_count":0,"master_deck":["Defend_G+1","Defend_G+1","Defend_G+1","Defend_G+1","Defend_G+1","Strike_G+1","Strike_G+1","Survivor","Neutralize+1","Skewer+1","Quick Slash","Flying Knee","Flying Knee","Metamorphosis+1","Terror","A Thousand Cuts+1","Quick Slash+1","Ghostly","Ghostly","Ghostly","Ghostly","Ghostly","Panache","Night Terror+1","Unload","Wraith Form v2+1","A Thousand Cuts+1","Footwork","Well Laid Plans","Well Laid Plans","Phantasmal Killer+1","Noxious Fumes"],"relics":["Ring of the Snake","The Courier","Oddly Smooth Stone","Velvet Choker","Bag of Preparation","Ancient Tea Set","Ornamental Fan","Gambling Chip","Cursed Key","Potion Belt"],"potions_floor_usage":[5,5,31,33,50,50,50],"damage_taken":[{"damage":0,"enemies":"Cultist","floor":1,"turns":4},{"damage":0,"enemies":"Jaw Worm","floor":2,"turns":4},{"damage":0,"enemies":"Small Slimes","floor":3,"turns":3},{"damage":3,"enemies":"Exordium Wildlife","floor":4,"turns":6},{"damage":0,"enemies":"Exordium Thugs","floor":5,"turns":4},{"damage":32,"enemies":"Gremlin Nob","floor":7,"turns":5},{"damage":0,"enemies":"2 Fungi Beasts","floor":12,"turns":4},{"damage":35,"enemies":"Hexaghost","floor":16,"turns":11},{"damage":8,"enemies":"Chosen","floor":18,"turns":2},{"damage":1,"enemies":"Spheric Guardian","floor":22,"turns":4},{"damage":0,"enemies":"Book of Stabbing","floor":23,"turns":6},{"damage":3,"enemies":"Snake Plant","floor":25,"turns":4},{"damage":2,"enemies":"Shelled Parasite and Fungi","floor":27,"turns":5},{"damage":3,"enemies":"Gremlin Leader","floor":28,"turns":6},{"damage":3,"enemies":"Chosen and Byrds","floor":29,"turns":8},{"damage":3,"enemies":"Snecko","floor":30,"turns":6},{"damage":3,"enemies":"Slavers","floor":31,"turns":7},{"damage":2,"enemies":"Champ","floor":33,"turns":7},{"damage":1,"enemies":"3 Darklings","floor":35,"turns":3},{"damage":1,"enemies":"Orb Walker","floor":37,"turns":4},{"damage":2,"enemies":"Jaw Worm Horde","floor":38,"turns":5},{"damage":2,"enemies":"Reptomancer","floor":41,"turns":6},{"damage":0,"enemies":"Maw","floor":45,"turns":6},{"damage":4,"enemies":"Time Eater","floor":50,"turns":11}],"seed_played":"-4248480112571144969","potions_obtained":[{"floor":1,"key":"SkillPotion"},{"floor":3,"key":"SkillPotion"},{"floor":7,"key":"Weak Potion"},{"floor":18,"key":"Explosive Potion"},{"floor":23,"key":"FearPotion"},{"floor":31,"key":"Explosive Potion"},{"floor":38,"key":"Explosive Potion"}],"is_trial":false,"path_per_floor":["?","?","?","?","M","?","?","$"],"character_chosen":"THE_SILENT","items_purchased":["Metamorphosis","Panache","A Thousand Cuts","Footwork","Well Laid Plans","Well Laid Plans","Strength Potion","PowerPotion","Swift Potion","Noxious Fumes"],"campfire_rested":3,"item_purchase_floors":[11,20,39,39,39,39,39,39,48,48],"current_hp_per_floor":[49,49,49,46,46,46,14,35,35,35,35,35,56,45,45,10,55,47,35,35,35,34,34,34,31,31,29,26,23,20,17,27,25,33,32,32,31,29,29,29,27,27,27,27,27,27,27,27,27,23],"gold":31,"neow_bonus":"REMOVE_TWO","is_prod":false,"is_daily":false,"chose_seed":false,"campfire_upgraded":8,"win_rate":0,"timestamp":1553569448,"path_taken":["M","M","M","M","M","R","?","R","T","R","$","M","R","?","R","BOSS","M","?","$","?","M","E","R","M","T","?","E","M","M","E","R","BOSS","M","$","M","M","$","R","E","R","T","?","M","?","R","?","R","BOSS"],"build_version":"2019-01-23","purchased_purges":2,"victory":true,"max_hp_per_floor":[70,70,70,70,70,70,70,70,70,70,70,70,70,70,70,70,70,70,35,35,35,35,35,35,35,35,35,35,35,35,35,35,35,35,35,35,35,35,35,35,35,35,35,35,35,35,35,35,35,35],"card_choices":[{"not_picked":["Crippling Poison","Expertise"],"picked":"Skewer","floor":1},{"not_picked":["Outmaneuver","Choke"],"picked":"Quick Slash","floor":2},{"not_picked":["Quick Slash","Masterful Stab"],"picked":"Flying Knee","floor":3},{"not_picked":["Prepared","Underhanded Strike"],"picked":"Accuracy","floor":4},{"not_picked":["Flechettes","Riddle With Holes","Quick Slash"],"picked":"SKIP","floor":5},{"not_picked":["PiercingWail","Outmaneuver"],"picked":"Flying Knee","floor":7},{"not_picked":["Blade Dance","Dagger Spray"],"picked":"Terror","floor":12},{"not_picked":["Wraith Form v2","Grand Finale"],"picked":"A Thousand Cuts","floor":16},{"not_picked":["Endless Agony","Blur"],"picked":"Quick Slash+1","floor":18},{"not_picked":["Dagger Throw+1","Crippling Poison+1","Expertise"],"picked":"SKIP","floor":22},{"not_picked":["Backflip","Quick Slash","Crippling Poison"],"picked":"SKIP","floor":23},{"not_picked":["Acrobatics","Bane","Slice"],"picked":"SKIP","floor":25},{"not_picked":["Escape Plan+1","Dagger Spray","Flying Knee"],"picked":"SKIP","floor":27},{"not_picked":["Endless Agony","Deadly Poison+1"],"picked":"Night Terror","floor":28},{"not_picked":["Eviscerate","Acrobatics","Distraction+1"],"picked":"SKIP","floor":29},{"not_picked":["Footwork","PiercingWail","Underhanded Strike"],"picked":"SKIP","floor":30},{"not_picked":["Underhanded Strike","Skewer"],"picked":"Unload","floor":31},{"not_picked":["A Thousand Cuts","Glass Knife"],"picked":"Wraith Form v2","floor":33},{"not_picked":["Calculated Gamble+1","Bane"],"picked":"Backflip+1","floor":35},{"not_picked":["Acrobatics","Distraction+1","Catalyst"],"picked":"SKIP","floor":37},{"not_picked":["Dodge and Roll","Acrobatics","Sucker Punch+1"],"picked":"SKIP","floor":38},{"not_picked":["Bouncing Flask","Deadly Poison"],"picked":"Phantasmal Killer","floor":41},{"not_picked":["Predator+1","Well Laid Plans","Underhanded Strike+1"],"picked":"SKIP","floor":45}],"player_experience":283720,"relics_obtained":[{"floor":7,"key":"The Courier"},{"floor":9,"key":"Oddly Smooth Stone"},{"floor":23,"key":"Bag of Preparation"},{"floor":26,"key":"Ancient Tea Set"},{"floor":28,"key":"Ornamental Fan"},{"floor":31,"key":"Gambling Chip"},{"floor":41,"key":"Potion Belt"}],"event_choices":[{"damage_healed":0,"gold_gain":30,"player_choice":"Searched \u00272\u0027 times","damage_taken":0,"max_hp_gain":0,"max_hp_loss":0,"event_name":"Dead Adventurer","floor":7,"gold_loss":0},{"damage_healed":0,"gold_gain":75,"player_choice":"Gather Gold","damage_taken":11,"max_hp_gain":0,"max_hp_loss":0,"event_name":"World of Goop","floor":14,"gold_loss":0},{"damage_healed":0,"gold_gain":0,"player_choice":"Became a Ghost","damage_taken":0,"max_hp_gain":0,"max_hp_loss":35,"event_name":"Ghosts","floor":19,"gold_loss":0,"cards_obtained":["Ghostly","Ghostly","Ghostly","Ghostly","Ghostly"]},{"damage_healed":0,"gold_gain":0,"player_choice":"Simplicity","damage_taken":0,"max_hp_gain":0,"max_hp_loss":0,"event_name":"Back to Basics","floor":21,"gold_loss":0,"cards_upgraded":["Defend_G","Defend_G","Defend_G","Defend_G","Defend_G","Strike_G","Strike_G"]},{"cards_removed":["Backflip"],"damage_healed":0,"gold_gain":0,"player_choice":"Removed Skill","damage_taken":0,"max_hp_gain":0,"max_hp_loss":0,"event_name":"Falling","floor":44,"gold_loss":0},{"damage_healed":0,"gold_gain":0,"player_choice":"Ignored","damage_taken":0,"max_hp_gain":0,"max_hp_loss":0,"event_name":"Mysterious Sphere","floor":46,"gold_loss":0}],"is_beta":false,"boss_relics":[{"not_picked":["Philosopher\u0027s Stone","Snecko Eye"],"picked":"Velvet Choker"},{"not_picked":["Tiny House","Astrolabe"],"picked":"Cursed Key"}],"items_purged_floors":[11,20],"is_endless":false,"potions_floor_spawned":[1,3,7,18,23,27,31,38],"ascension_level":5}