{"gold_per_floor":[113,30,30,30,40,40,66,66,66,31,44,72,72,99,99,197,197,216,216,229,247,80,111,111],"floor_reached":24,"playtime":768,"items_purged":["Regret"],"score":395,"play_id":"f60e54b8-eb32-413b-ae18-849d63daaafc","local_time":"20190330190049","is_ascension_mode":true,"campfire_choices":[{"data":"Discovery","floor":6,"key":"SMITH"},{"data":"Loop","floor":8,"key":"SMITH"},{"floor":15,"key":"REST"}],"neow_cost":"NONE","seed_source_timestamp":30281010322759,"circlet_count":0,"master_deck":["Strike_B","Strike_B","Strike_B","Defend_B","Defend_B","Defend_B","Defend_B","Zap","Dualcast","Ball Lightning","Discovery+1","Loop+1","Melter","Stack","Coolheaded","Multi-Cast","Coolheaded+1","Auto Shields","Flash of Steel"],"relics":["Cracked Core","Strawberry","Gambling Chip","Ancient Tea Set","Symbiotic Virus","Regal Pillow","Cursed Key","CultistMask","Bottled Tornado"],"potions_floor_usage":[12,20,23],"damage_taken":[{"damage":5,"enemies":"2 Louse","floor":1,"turns":3},{"damage":4,"enemies":"Jaw Worm","floor":5,"turns":3},{"damage":26,"enemies":"Lagavulin","floor":7,"turns":7},{"damage":8,"enemies":"Small Slimes","floor":11,"turns":3},{"damage":28,"enemies":"Gremlin Nob","floor":12,"turns":4},{"damage":23,"enemies":"Lagavulin","floor":14,"turns":4},{"damage":0,"enemies":"Slime Boss","floor":16,"turns":3},{"damage":7,"enemies":"Shell Parasite","floor":18,"turns":2},{"damage":10,"enemies":"3 Byrds","floor":20,"turns":4},{"damage":25,"enemies":"Snake Plant","floor":21,"turns":4},{"damage":28,"enemies":"Slavers","floor":23,"turns":7},{"damage":0,"enemies":"Shelled Parasite and Fungi","floor":24,"turns":1}],"seed_played":"2286382382748306500","potions_obtained":[{"floor":5,"key":"Strength Potion"},{"floor":7,"key":"FearPotion"},{"floor":14,"key":"Dexterity Potion"},{"floor":18,"key":"Ancient Potion"},{"floor":21,"key":"PowerPotion"}],"is_trial":false,"path_per_floor":["M","$","?","?","M","R","E","R","T","?","M","E","$","E","R","B",null,"M","?","M","M","$","E","M"],"character_chosen":"DEFECT","items_purchased":["Discovery","Flash of Steel"],"campfire_rested":1,"item_purchase_floors":[2,22],"current_hp_per_floor":[70,70,63,70,66,66,40,40,40,62,54,26,26,3,44,44,78,71,71,61,36,36,8,8],"gold":111,"neow_bonus":"TEN_PERCENT_HP_BONUS","is_prod":false,"is_daily":false,"chose_seed":false,"campfire_upgraded":2,"win_rate":0,"timestamp":1553990449,"path_taken":["M","$","?","?","M","R","E","R","T","?","?","E","$","E","R","BOSS","M","?","M","M","$","E","?"],"build_version":"2019-01-23","purchased_purges":1,"victory":false,"max_hp_per_floor":[82,82,82,89,89,89,89,89,89,89,89,89,89,89,89,89,89,89,89,89,89,89,89,89],"card_choices":[{"not_picked":["Force Field","Go for the Eyes"],"picked":"Ball Lightning","floor":1},{"not_picked":["Turbo","Streamline","Gash"],"picked":"SKIP","floor":5},{"not_picked":["Amplify","Aggregate"],"picked":"Loop","floor":7},{"not_picked":["Barrage","Rip and Tear"],"picked":"Melter","floor":11},{"not_picked":["Streamline","Sweeping Beam"],"picked":"Stack","floor":12},{"not_picked":["Gash","Beam Cell"],"picked":"Coolheaded","floor":14},{"not_picked":["Meteor Strike","Reboot"],"picked":"Multi-Cast","floor":16},{"not_picked":["Redo","Go for the Eyes"],"picked":"Coolheaded+1","floor":18},{"not_picked":["Genetic Algorithm","Leap"],"picked":"Auto Shields","floor":20},{"not_picked":["Chill","Sweeping Beam","Storm"],"picked":"SKIP","floor":21},{"not_picked":["Barrage","Turbo+1","Hologram"],"picked":"SKIP","floor":23}],"player_experience":584440,"relics_obtained":[{"floor":7,"key":"Gambling Chip"},{"floor":9,"key":"Ancient Tea Set"},{"floor":12,"key":"Symbiotic Virus"},{"floor":14,"key":"Regal Pillow"},{"floor":23,"key":"Bottled Tornado"}],"event_choices":[{"cards_removed":["Strike_B"],"damage_healed":0,"gold_gain":0,"player_choice":"Card Removal","damage_taken":7,"max_hp_gain":0,"max_hp_loss":0,"event_name":"Golden Wing","floor":3,"gold_loss":0},{"damage_healed":0,"gold_gain":0,"player_choice":"Box","damage_taken":0,"relics_obtained":["Strawberry"],"max_hp_gain":0,"max_hp_loss":0,"event_name":"Big Fish","floor":4,"gold_loss":0,"cards_obtained":["Regret"]},{"damage_healed":22,"gold_gain":0,"player_choice":"Healed","damage_taken":0,"max_hp_gain":0,"max_hp_loss":0,"event_name":"The Cleric","floor":10,"gold_loss":35},{"damage_healed":0,"gold_gain":0,"player_choice":"Trade","damage_taken":0,"relics_obtained":["CultistMask"],"max_hp_gain":0,"max_hp_loss":0,"event_name":"FaceTrader","floor":19,"gold_loss":0}],"is_beta":false,"boss_relics":[{"not_picked":["Snecko Eye","Runic Dome"],"picked":"Cursed Key"}],"items_purged_floors":[22],"is_endless":false,"potions_floor_spawned":[5,7,14,18,21],"killed_by":"Shelled Parasite and Fungi","ascension_level":8}