{"gold_per_floor":[117,192,210,87,99,99,99,64,87,87,102,102,128,28,28,133,133,152,152,152,100,113,113,131,131,131,146,146,159,159,178,178,178],"floor_reached":33,"playtime":631,"items_purged":["Defend_R","Strike_R"],"score":270,"play_id":"71ca5fa7-b558-4d22-800d-45e23aba4870","local_time":"20180924083201","is_ascension_mode":true,"campfire_choices":[{"data":"Flex","floor":6,"key":"SMITH"},{"data":"Twin Strike","floor":10,"key":"SMITH"},{"data":"Flex","floor":12,"key":"SMITH"},{"data":"Bash","floor":15,"key":"SMITH"},{"data":"Strike_R","floor":23,"key":"SMITH"},{"data":"Shrug It Off","floor":25,"key":"SMITH"},{"floor":32,"key":"REST"}],"neow_cost":"NONE","seed_source_timestamp":249747942380273,"circlet_count":0,"master_deck":["Strike_R+1","Strike_R+1","Strike_R+1","Strike_R","Defend_R","Defend_R","Defend_R","Bash+1","Twin Strike+1","Flex+1","Flex+1","Writhe","Shrug It Off+1"],"relics":["Burning Blood","Vajra","Mercury Hourglass","Busted Crown","Omamori","Red Skull","Sundial"],"potions_floor_usage":[3,27,33],"damage_taken":[{"damage":15,"enemies":"Small Slimes","floor":1,"turns":4},{"damage":7,"enemies":"Jaw Worm","floor":3,"turns":3},{"damage":1,"enemies":"Cultist","floor":5,"turns":3},{"damage":0,"enemies":"Large Slime","floor":11,"turns":2},{"damage":13,"enemies":"Gremlin Nob","floor":13,"turns":3},{"damage":50,"enemies":"Slime Boss","floor":16,"turns":7},{"damage":7,"enemies":"3 Byrds","floor":18,"turns":4},{"damage":23,"enemies":"2 Thieves","floor":22,"turns":3},{"damage":21,"enemies":"Centurion and Healer","floor":24,"turns":4},{"damage":15,"enemies":"Chosen and Byrds","floor":27,"turns":3},{"damage":12,"enemies":"Cultist and Chosen","floor":29,"turns":3},{"damage":19,"enemies":"Colosseum Slavers","floor":30,"turns":3},{"damage":25,"enemies":"Shelled Parasite and Fungi","floor":31,"turns":3},{"damage":36,"enemies":"Champ","floor":33,"turns":6}],"seed_played":"5210534761053699803","potions_obtained":[{"floor":0,"key":"Fire Potion"},{"floor":0,"key":"Strength Potion"},{"floor":0,"key":"Strength Potion"},{"floor":11,"key":"Weak Potion"},{"floor":22,"key":"BloodPotion"}],"is_trial":false,"path_per_floor":["M","?","M","$","M","R","?","?","T","R","M","R","E","$","R","B",null,"M","?","?","$","M","R","M","R","T","M","?","M","?","M","R"],"character_chosen":"IRONCLAD","items_purchased":["Flex","Shrug It Off"],"campfire_rested":1,"item_purchase_floors":[4,21],"current_hp_per_floor":[71,60,59,59,64,64,48,68,68,68,74,74,67,67,67,23,80,79,79,79,79,62,62,47,47,47,46,46,40,27,8,32,0],"gold":178,"neow_bonus":"THREE_SMALL_POTIONS","is_prod":false,"is_daily":false,"chose_seed":false,"campfire_upgraded":6,"win_rate":0,"timestamp":1537792321,"path_taken":["M","?","M","$","M","R","?","?","T","R","M","R","E","$","R","BOSS","M","?","?","$","M","R","?","R","T","M","?","M","?","M","R","BOSS"],"build_version":"2018-09-20","purchased_purges":2,"victory":false,"max_hp_per_floor":[80,80,80,80,80,80,80,80,80,80,80,80,80,80,80,80,80,80,80,80,80,80,80,80,80,80,80,80,80,80,80,80,80],"card_choices":[{"not_picked":["Uppercut","Power Through","Ghostly Armor"],"picked":"SKIP","floor":1},{"not_picked":["Sword Boomerang","Pummel","Twin Strike"],"picked":"SKIP","floor":3},{"not_picked":["Sword Boomerang","Pummel"],"picked":"Twin Strike","floor":3},{"not_picked":["Hemokinesis","Sever Soul","Corruption"],"picked":"SKIP","floor":5},{"not_picked":["Clash","True Grit"],"picked":"Flex","floor":11},{"not_picked":["Twin Strike","Anger","Rampage"],"picked":"SKIP","floor":13},{"not_picked":["Headbutt"],"picked":"SKIP","floor":18},{"not_picked":["Cleave+1"],"picked":"SKIP","floor":22},{"not_picked":["Searing Blow"],"picked":"SKIP","floor":24},{"not_picked":["Wild Strike"],"picked":"SKIP","floor":27},{"not_picked":["Blood for Blood"],"picked":"SKIP","floor":29},{"not_picked":["True Grit+1"],"picked":"SKIP","floor":31}],"player_experience":397290,"relics_obtained":[{"floor":9,"key":"Vajra"},{"floor":13,"key":"Mercury Hourglass"},{"floor":26,"key":"Sundial"}],"event_choices":[{"event_name":"World of Goop","player_choice":"Gather Gold","floor":2,"damage_taken":0},{"event_name":"Shining Light","player_choice":"Entered Light","floor":7,"damage_taken":0},{"event_name":"The Cleric","player_choice":"Healed","floor":8,"damage_taken":0},{"event_name":"The Mausoleum","player_choice":"Yes","floor":19,"damage_taken":0},{"event_name":"WeMeetAgain","player_choice":"Potion","floor":20,"damage_taken":0},{"event_name":"Vampires","player_choice":"Ignored","floor":28,"damage_taken":0},{"event_name":"Colosseum","player_choice":"Fight","floor":30,"damage_taken":0},{"event_name":"Colosseum","player_choice":"Fled From Nobs","floor":30,"damage_taken":0}],"is_beta":false,"boss_relics":[{"not_picked":["Runic Pyramid","Runic Cube"],"picked":"Busted Crown"}],"items_purged_floors":[4,14],"is_endless":false,"potions_floor_spawned":[1,11,16,22,24],"killed_by":"Champ","ascension_level":2}