{"gold_per_floor":[13,31,31,31,31,31,106,106,157,157,157,157,171,194,194,325,325,346,371,126,145,145,145,180,103,103,118,118,118,143,143],"floor_reached":31,"playtime":1186,"items_purged":["Defend_G"],"score":245,"play_id":"f917028b-1c31-49b0-8fbc-9813c5376bf0","local_time":"20180707014841","is_ascension_mode":false,"campfire_choices":[{"floor":6,"key":"REST"},{"floor":8,"key":"REST"},{"data":"Venomology","floor":10,"key":"SMITH"},{"data":"Slice","floor":12,"key":"SMITH"},{"floor":15,"key":"REST"},{"floor":23,"key":"REST"}],"neow_cost":"NO_GOLD","seed_source_timestamp":1381434188045918,"circlet_count":0,"master_deck":["Defend_G","Defend_G","Strike_G","Strike_G","Strike_G","Strike_G","Strike_G","Survivor","Neutralize","Venomology+1","Crippling Poison+1","Slice+1","Backstab+1","Prepared","Burst","Backstab","Flying Knee","Flying Knee","Backstab+1","Bouncing Flask","Swift Strike","Blade Dance+1","J.A.X.","Slice"],"relics":["Ring of the Snake","Golden Idol","Singing Bowl","Bronze Scales","Orrery","Ancient Tea Set","Pen Nib"],"potions_floor_usage":[13,16,16,24,24,27,27,28,30,31],"damage_taken":[{"damage":10,"enemies":"Jaw Worm","floor":1,"turns":4},{"damage":10,"enemies":"Small Slimes","floor":2,"turns":3},{"damage":0,"enemies":"2 Louse","floor":13,"turns":1},{"damage":2,"enemies":"Large Slime","floor":14,"turns":4},{"damage":52,"enemies":"Hexaghost","floor":16,"turns":9},{"damage":16,"enemies":"Chosen","floor":18,"turns":4},{"damage":19,"enemies":"Shell Parasite","floor":19,"turns":4},{"damage":12,"enemies":"Snake Plant","floor":21,"turns":3},{"damage":34,"enemies":"Book of Stabbing","floor":24,"turns":4},{"damage":16,"enemies":"Cultist and Chosen","floor":27,"turns":3},{"damage":0,"enemies":"Snecko","floor":28,"turns":1},{"damage":20,"enemies":"Snake Plant","floor":30,"turns":3},{"damage":28,"enemies":"Centurion and Healer","floor":31,"turns":3}],"seed_played":"5007876033130808156","potions_obtained":[{"floor":1,"key":"Dexterity Potion"},{"floor":2,"key":"PowerPotion"},{"floor":24,"key":"Regen Potion"},{"floor":27,"key":"Weak Potion"}],"is_trial":false,"path_per_floor":["M","M","?","$","?","R","?","R","T","R","?","R","M","M","R","B",null,"M","M","$","M","?","R","E","?","T","M","M","?","M"],"character_chosen":"THE_SILENT","items_purchased":["Bouncing Flask","Swift Strike"],"campfire_rested":4,"item_purchase_floors":[20,20],"current_hp_per_floor":[60,50,36,36,19,40,29,50,50,50,47,47,47,47,68,16,76,60,43,43,33,33,57,23,23,23,18,18,45,25,0],"gold":143,"neow_bonus":"TRANSFORM_TWO_CARDS","is_prod":false,"is_daily":false,"chose_seed":false,"campfire_upgraded":2,"win_rate":0.0,"timestamp":1530942521,"path_taken":["M","M","?","$","?","R","?","R","T","R","?","R","M","M","R","BOSS","M","M","$","M","?","R","E","?","T","M","M","?","M","?"],"build_version":"2018-07-05","purchased_purges":1,"victory":false,"max_hp_per_floor":[70,70,70,70,70,70,70,70,70,70,70,70,70,72,72,72,76,76,78,78,80,80,80,80,80,80,82,82,82,82,82],"card_choices":[{"not_picked":["Quick Slash","Deflect"],"picked":"Slice","floor":1},{"not_picked":["Crippling Poison","Escape Plan"],"picked":"Backstab","floor":2},{"not_picked":["Deflect","Terror"],"picked":"Prepared","floor":13},{"not_picked":["Leg Sweep","PiercingWail","Prepared"],"picked":"Singing Bowl","floor":14},{"not_picked":["Die Die Die","Doppelganger"],"picked":"Burst","floor":16},{"not_picked":["Backflip","Eviscerate"],"picked":"Backstab","floor":17},{"not_picked":["Deflect","Sucker Punch"],"picked":"Flying Knee","floor":17},{"not_picked":["Dodge and Roll","Reflex","Choke"],"picked":"Singing Bowl","floor":17},{"not_picked":["Prepared","Deadly Poison"],"picked":"Flying Knee","floor":17},{"not_picked":["Blur","Outmaneuver","Unload"],"picked":"Singing Bowl","floor":17},{"not_picked":["Distraction+1","PiercingWail"],"picked":"Backstab+1","floor":18},{"not_picked":["Underhanded Strike","Expertise+1","Acrobatics"],"picked":"Singing Bowl","floor":19},{"not_picked":["Outmaneuver","Prepared","Quick Slash"],"picked":"Singing Bowl","floor":21},{"not_picked":["Backflip","Phantasmal Killer"],"picked":"Blade Dance+1","floor":24},{"not_picked":["Outmaneuver+1","Predator","Deflect"],"picked":"Singing Bowl","floor":27},{"not_picked":["Glass Knife","Leg Sweep"],"picked":"Slice","floor":30}],"player_experience":106975,"relics_obtained":[{"floor":9,"key":"Singing Bowl"},{"floor":24,"key":"Ancient Tea Set"},{"floor":26,"key":"Pen Nib"}],"event_choices":[{"event_name":"Shining Light","player_choice":"Entered Light","floor":3,"damage_taken":0},{"event_name":"Golden Idol","player_choice":"Take Damage","floor":5,"damage_taken":0},{"event_name":"World of Goop","player_choice":"Gather Gold","floor":7,"damage_taken":0},{"event_name":"Scrap Ooze","player_choice":"success","floor":11,"damage_taken":3},{"event_name":"The Woman in Blue","player_choice":"Bought 0 Potions","floor":22,"damage_taken":0},{"event_name":"Drug Dealer","player_choice":"Got JAXXED","floor":25,"damage_taken":0},{"event_name":"The Library","player_choice":"Heal","floor":29,"damage_taken":0}],"boss_relics":[{"not_picked":["Lizard Tail","Black Star"],"picked":"Orrery"}],"items_purged_floors":[20],"is_endless":false,"potions_floor_spawned":[1,2,13,19,24,27],"killed_by":"Centurion and Healer","ascension_level":0}