{"gold_per_floor":[117,137,212,212,222,222,257,267,267,300,300,215,232,250,250,351,351,370,370,388,186,219,246,246,246,272,272,50,50,80,91,91,191,241,252,252,268,63,63,95,106,136,163,103,113,113,142,164,176,188,200,212,42,77,77],"floor_reached":55,"playtime":11188,"items_purged":["Parasite","Accuracy"],"score":853,"play_id":"5a5b29d6-6c3f-4620-b79c-54741ed650bb","local_time":"20190319233529","is_ascension_mode":false,"campfire_choices":[{"data":"Neutralize","floor":6.0,"key":"SMITH"},{"floor":15.0,"key":"REST"},{"data":"Tools of the Trade","floor":24.0,"key":"SMITH"},{"data":"Footwork","floor":27.0,"key":"SMITH"},{"data":"Footwork","floor":29.0,"key":"SMITH"},{"floor":32.0,"key":"REST"},{"floor":49.0,"key":"RECALL"},{"data":"Caltrops","floor":52.0,"key":"SMITH"}],"neow_cost":"NONE","seed_source_timestamp":0,"circlet_count":0,"master_deck":["Defend_G+1","Defend_G+1","Defend_G+1","Defend_G+1","Defend_G+1","Strike_G+1","Strike_G+1","Strike_G+1","Strike_G+1","Strike_G+1","Survivor+1","Neutralize+1","After Image","Leg Sweep","Dash","Skewer","Tools of the Trade+1","Backflip","Burst+1","Footwork+1","Caltrops+1","Backstab","Footwork+1","Backstab","Finisher","Backflip+1","Backflip","Blind","Well Laid Plans+1","Footwork","Dagger Spray+1","Heel Hook+1","Noxious Fumes"],"special_seed":0,"relics":["Ring of the Snake","The Courier","Mummified Hand","Blue Candle","Tough Bandages","Boot","Philosopher\u0027s Stone","Bag of Preparation","Red Mask","Ninja Scroll","War Paint","ClockworkSouvenir","Bottled Tornado","Tiny House","Paper Crane","Meat on the Bone","Strawberry","MawBank","Bag of Marbles"],"potions_floor_usage":[55,55],"damage_taken":[{"damage":0.0,"enemies":"Cultist","floor":1.0,"turns":6.0},{"damage":0.0,"enemies":"2 Louse","floor":2.0,"turns":3.0},{"damage":0.0,"enemies":"Jaw Worm","floor":5.0,"turns":5.0},{"damage":38.0,"enemies":"Gremlin Nob","floor":7.0,"turns":8.0},{"damage":3.0,"enemies":"Gremlin Gang","floor":8.0,"turns":6.0},{"damage":7.0,"enemies":"3 Sentries","floor":10.0,"turns":12.0},{"damage":0.0,"enemies":"Looter","floor":13.0,"turns":4.0},{"damage":0.0,"enemies":"3 Louse","floor":14.0,"turns":5.0},{"damage":0.0,"enemies":"The Guardian","floor":16.0,"turns":12.0},{"damage":11.0,"enemies":"3 Byrds","floor":18.0,"turns":5.0},{"damage":0.0,"enemies":"Spheric Guardian","floor":20.0,"turns":9.0},{"damage":0.0,"enemies":"Masked Bandits","floor":22.0,"turns":6.0},{"damage":6.0,"enemies":"Slavers","floor":23.0,"turns":11.0},{"damage":12.0,"enemies":"Gremlin Leader","floor":30.0,"turns":11.0},{"damage":1.0,"enemies":"Snake Plant","floor":31.0,"turns":3.0},{"damage":31.0,"enemies":"Collector","floor":33.0,"turns":22.0},{"damage":0.0,"enemies":"3 Shapes","floor":35.0,"turns":4.0},{"damage":0.0,"enemies":"Orb Walker","floor":37.0,"turns":1.0},{"damage":0.0,"enemies":"Nemesis","floor":40.0,"turns":9.0},{"damage":0.0,"enemies":"Writhing Mass","floor":41.0,"turns":10.0},{"damage":2.0,"enemies":"Giant Head","floor":42.0,"turns":22.0},{"damage":0.0,"enemies":"Sphere and 2 Shapes","floor":45.0,"turns":9.0},{"damage":0.0,"enemies":"Nemesis","floor":47.0,"turns":9.0},{"damage":6.0,"enemies":"3 Darklings","floor":48.0,"turns":6.0},{"damage":28.0,"enemies":"Donu and Deca","floor":50.0,"turns":26.0},{"damage":21.0,"enemies":"Shield and Spear","floor":54.0,"turns":9.0},{"damage":65,"enemies":"The Heart","floor":55,"turns":15}],"seed_played":"3056166975032828567","potions_obtained":[{"floor":1.0,"key":"PowerPotion"},{"floor":10.0,"key":"LiquidBronze"},{"floor":13.0,"key":"Weak Potion"},{"floor":14.0,"key":"LiquidBronze"},{"floor":16.0,"key":"SkillPotion"},{"floor":20.0,"key":"GhostInAJar"},{"floor":33.0,"key":"SkillPotion"},{"floor":34.0,"key":"Strength Potion"},{"floor":35.0,"key":"Regen Potion"},{"floor":45.0,"key":"SkillPotion"},{"floor":54.0,"key":"Energy Potion"}],"is_trial":false,"path_per_floor":["M","?","T","M","?","?","$","?","?","?","?","M","?","M"],"character_chosen":"THE_SILENT","items_purchased":["Backstab","Footwork","Bag of Preparation","ClockworkSouvenir","Accuracy","Paper Crane","Noxious Fumes","Dexterity Potion"],"campfire_rested":2,"item_purchase_floors":[21,21,21,28,28,38,53,53],"current_hp_per_floor":[70,70,59,59,59,59,21,18,18,11,11,11,11,11,32,32,70,59,59,59,59,59,53,53,53,53,53,53,53,41,40,61,30,75,75,71,71,71,71,71,71,76,76,75,75,75,75,69,69,41,75,75,75,64,0],"gold":77,"neow_bonus":"ONE_RANDOM_RARE_CARD","is_prod":false,"is_daily":false,"chose_seed":false,"campfire_upgraded":5,"win_rate":0,"timestamp":1553049329,"path_taken":["M","?","?","?","M","R","E","?","T","E","?","?","M","M","R","BOSS","M","?","M","$","?","E","R","?","T","R","$","R","E","M","R","BOSS","M","?","M","$","?","E","?","E","T","$","M","?","E","?","R","BOSS","R","$","E","BOSS"],"build_version":"2019-01-23","purchased_purges":2,"victory":false,"max_hp_per_floor":[70,70,70,70,70,70,70,70,70,70,70,70,70,70,70,70,70,70,70,70,70,70,70,70,70,70,70,70,70,70,70,70,70,75,75,71,71,71,71,71,71,78,78,75,75,75,75,75,75,75,75,75,75,75,75],"card_choices":[{"not_picked":["Riddle With Holes","Acrobatics","Blade Dance"],"picked":"SKIP","floor":1.0},{"not_picked":["Deflect","Bane","Bouncing Flask"],"picked":"SKIP","floor":2.0},{"not_picked":["Dodge and Roll","Caltrops"],"picked":"Leg Sweep","floor":5.0},{"not_picked":["Crippling Poison","Underhanded Strike"],"picked":"Dash","floor":7.0},{"not_picked":["Sucker Punch","Leg Sweep"],"picked":"Skewer","floor":8.0},{"not_picked":["Underhanded Strike","Dodge and Roll"],"picked":"Tools of the Trade","floor":10.0},{"not_picked":["Expertise","Flechettes","Finisher"],"picked":"SKIP","floor":13.0},{"not_picked":["Dodge and Roll","Accuracy"],"picked":"Backflip","floor":14.0},{"not_picked":["Grand Finale","Doppelganger"],"picked":"Burst","floor":16.0},{"not_picked":["PiercingWail","Backstab"],"picked":"Footwork","floor":18.0},{"not_picked":["Expertise","Quick Slash"],"picked":"Caltrops","floor":20.0},{"not_picked":["Outmaneuver","Quick Slash"],"picked":"Backstab","floor":22.0},{"not_picked":["Quick Slash","Dagger Throw"],"picked":"Finisher","floor":23.0},{"not_picked":["Flechettes","Deadly Poison","Dash+1"],"picked":"SKIP","floor":30.0},{"not_picked":["Masterful Stab+1","Blade Dance"],"picked":"Backflip","floor":31.0},{"not_picked":["All Out Attack","Riddle With Holes"],"picked":"Backflip","floor":34.0},{"not_picked":["Poisoned Stab+1","Backstab","Sucker Punch"],"picked":"SKIP","floor":35.0},{"not_picked":["Dodge and Roll","Bane+1","Choke+1"],"picked":"SKIP","floor":37.0},{"not_picked":["Backstab+1","Distraction"],"picked":"Footwork","floor":40.0},{"not_picked":["Leg Sweep","Cloak And Dagger","Bane+1"],"picked":"SKIP","floor":41.0},{"not_picked":["Envenom","PiercingWail"],"picked":"Dagger Spray+1","floor":42.0},{"not_picked":["Backflip+1","Endless Agony","Bane"],"picked":"SKIP","floor":45.0},{"not_picked":["Poisoned Stab+1","Cloak And Dagger"],"picked":"Heel Hook+1","floor":47.0},{"not_picked":["Poisoned Stab+1","Sucker Punch","Deflect"],"picked":"SKIP","floor":48.0},{"not_picked":["Sucker Punch+1","Terror","Quick Slash+1"],"picked":"SKIP","floor":54.0}],"player_experience":363739,"relics_obtained":[{"floor":4.0,"key":"The Courier"},{"floor":7.0,"key":"Mummified Hand"},{"floor":9.0,"key":"Blue Candle"},{"floor":10.0,"key":"Tough Bandages"},{"floor":22.0,"key":"Red Mask"},{"floor":23.0,"key":"Ninja Scroll"},{"floor":26.0,"key":"War Paint"},{"floor":30.0,"key":"Bottled Tornado"},{"floor":40.0,"key":"Meat on the Bone"},{"floor":42.0,"key":"Strawberry"},{"floor":47.0,"key":"MawBank"},{"floor":54.0,"key":"Bag of Marbles"}],"event_choices":[{"damage_healed":0.0,"max_hp_gain":0.0,"max_hp_loss":0.0,"gold_gain":75.0,"event_name":"World of Goop","player_choice":"Gather Gold","floor":3.0,"gold_loss":0.0,"damage_taken":11.0},{"damage_healed":0.0,"max_hp_gain":0.0,"max_hp_loss":0.0,"gold_gain":0.0,"event_name":"Scrap Ooze","player_choice":"Fled","floor":11.0,"gold_loss":0.0,"damage_taken":0.0},{"damage_healed":0.0,"max_hp_gain":0.0,"max_hp_loss":0.0,"gold_gain":0.0,"event_name":"WeMeetAgain","player_choice":"Paid Gold","floor":12.0,"gold_loss":85.0,"damage_taken":0.0,"relics_obtained":["Boot"]},{"damage_healed":0.0,"max_hp_gain":0.0,"max_hp_loss":0.0,"gold_gain":0.0,"event_name":"Masked Bandits","player_choice":"Fought Bandits","floor":22.0,"gold_loss":0.0,"damage_taken":0.0},{"damage_healed":0.0,"max_hp_gain":0.0,"max_hp_loss":0.0,"gold_gain":0.0,"event_name":"Back to Basics","player_choice":"Simplicity","floor":25.0,"gold_loss":0.0,"damage_taken":0.0,"cards_upgraded":["Defend_G","Defend_G","Defend_G","Defend_G","Defend_G","Strike_G","Strike_G","Strike_G","Strike_G","Strike_G"]},{"damage_healed":0.0,"max_hp_gain":0.0,"max_hp_loss":4.0,"gold_gain":0.0,"event_name":"Winding Halls","player_choice":"Max HP","floor":36.0,"gold_loss":0.0,"damage_taken":0.0},{"damage_healed":0.0,"max_hp_gain":0.0,"max_hp_loss":0.0,"gold_gain":0.0,"event_name":"Match and Keep!","player_choice":"2 cards matched","floor":39.0,"gold_loss":0.0,"damage_taken":0.0,"cards_obtained":["Blind","Well Laid Plans"]},{"damage_healed":0.0,"max_hp_gain":0.0,"max_hp_loss":0.0,"gold_gain":0.0,"event_name":"Upgrade Shrine","player_choice":"Upgraded","floor":46.0,"gold_loss":0.0,"damage_taken":0.0,"cards_upgraded":["Well Laid Plans"]}],"is_beta":false,"boss_relics":[{"not_picked":["Empty Cage","Fusion Hammer"],"picked":"Philosopher\u0027s Stone"},{"not_picked":["Snecko Eye","Ring of the Serpent"],"picked":"Tiny House"}],"items_purged_floors":[44,53],"is_endless":false,"potions_floor_spawned":[1,10,13,14,16,20,33,35,41,45,54],"killed_by":"The Heart","ascension_level":0}