{"gold_per_floor":[115,40,40,40,40,72,85,105,128,128,148,48,59,69,69,69],"floor_reached":16,"playtime":1904,"items_purged":["Defend_G","Defend_G"],"score":104,"play_id":"ad6f9856-44d0-4ca6-abc5-43730c5ea2c5","local_time":"20180711143944","is_ascension_mode":false,"campfire_choices":[{"floor":10,"key":"REST"},{"floor":15,"key":"REST"}],"neow_cost":"NONE","seed_source_timestamp":22292687097681,"circlet_count":0,"master_deck":["Defend_G","Defend_G","Defend_G","Strike_G","Strike_G","Strike_G","Strike_G","Strike_G","Survivor","Neutralize","Flying Knee","Quick Slash","Flying Knee","Quick Slash"],"relics":["Ring of the Snake","Anchor","Strawberry"],"potions_floor_usage":[11,13,14],"damage_taken":[{"damage":2,"enemies":"Jaw Worm","floor":1,"turns":5},{"damage":5,"enemies":"Small Slimes","floor":5,"turns":4},{"damage":62,"enemies":"Lagavulin","floor":6,"turns":11},{"damage":0,"enemies":"Cultist","floor":7,"turns":3},{"damage":0,"enemies":"Large Slime","floor":8,"turns":5},{"damage":0,"enemies":"Gremlin Gang","floor":11,"turns":5},{"damage":5,"enemies":"Exordium Thugs","floor":13,"turns":4},{"damage":0,"enemies":"Lots of Slimes","floor":14,"turns":3},{"damage":71,"enemies":"Slime Boss","floor":16,"turns":9}],"seed_played":"700973546716601527","potions_obtained":[{"floor":6,"key":"Block Potion"},{"floor":8,"key":"Fire Potion"},{"floor":11,"key":"Fire Potion"}],"is_trial":false,"path_per_floor":["M","$","?","?","M","E","M","M","T","R","M","$","M","M","R"],"character_chosen":"THE_SILENT","items_purchased":[],"campfire_rested":2,"item_purchase_floors":[],"current_hp_per_floor":[68,68,73,73,68,6,6,6,13,37,37,37,32,32,56,0],"gold":69,"neow_bonus":"ONE_RANDOM_RARE_CARD","is_prod":false,"is_daily":false,"chose_seed":false,"campfire_upgraded":0,"win_rate":0,"timestamp":1531334384,"path_taken":["M","$","?","?","?","E","M","?","T","R","?","?","M","M","R","BOSS"],"build_version":"2018-07-05","purchased_purges":2,"victory":false,"max_hp_per_floor":[70,70,75,75,75,75,75,75,82,82,82,82,82,82,82,82],"card_choices":[{"not_picked":["Sucker Punch","Reflex","Deflect"],"picked":"SKIP","floor":1},{"not_picked":["Deadly Poison","Backflip","Poisoned Stab"],"picked":"SKIP","floor":5},{"not_picked":["PiercingWail","All Out Attack"],"picked":"Flying Knee","floor":6},{"not_picked":["Dodge and Roll","Crippling Poison"],"picked":"Quick Slash","floor":7},{"not_picked":["Accuracy","Well Laid Plans","Wraith Form v2"],"picked":"SKIP","floor":8},{"not_picked":["PiercingWail","Cloak And Dagger"],"picked":"Flying Knee","floor":11},{"not_picked":["Dagger Throw","Malaise","Reflex"],"picked":"SKIP","floor":13},{"not_picked":["Infinite Blades","Deadly Poison"],"picked":"Quick Slash","floor":14}],"player_experience":222583,"relics_obtained":[{"floor":6,"key":"Anchor"},{"floor":9,"key":"Strawberry"}],"event_choices":[{"event_name":"Big Fish","player_choice":"Donut","floor":3,"damage_taken":0},{"event_name":"Purifier","player_choice":"One Purge","floor":4,"damage_taken":0}],"boss_relics":[],"items_purged_floors":[2,12],"is_endless":false,"potions_floor_spawned":[6,8,11],"killed_by":"Slime Boss","ascension_level":0}