{"gold_per_floor":[109,128,30,205,205,205,222,222,222,236,88,88,117,127,127,228,228,244,244,244,255,130,130,155,175,175,175,175],"floor_reached":28,"playtime":859,"items_purged":["Defend_G","Defend_G","Doubt"],"score":261,"play_id":"228ce82b-e6fb-4b94-8eb8-e40be236ac9d","local_time":"20180713114847","is_ascension_mode":false,"campfire_choices":[{"data":"Infinite Blades","floor":6,"key":"SMITH"},{"data":"Quick Slash","floor":12,"key":"SMITH"},{"data":"Blade Dance","floor":15,"key":"SMITH"},{"data":"Neutralize","floor":23,"key":"SMITH"}],"neow_cost":"","seed_source_timestamp":185881161463361,"circlet_count":0,"master_deck":["Defend_G+1","Defend_G+1","Defend_G+1","Strike_G+1","Strike_G+1","Strike_G+1","Strike_G+1","Strike_G+1","Survivor","Neutralize+1","Infinite Blades+1","Flying Knee","Neutralize","Flying Knee","Quick Slash+1","Blade Dance+1","Poisoned Stab+1","Decay"],"relics":["Ring of the Snake","Matryoshka","Potion Belt","Busted Crown","Bag of Preparation","Pear","Kunai","Dodecahedron"],"potions_floor_usage":[13,13,16,18,28],"damage_taken":[{"damage":1,"enemies":"Cultist","floor":1,"turns":4},{"damage":9,"enemies":"2 Louse","floor":2,"turns":3},{"damage":1,"enemies":"Jaw Worm","floor":7,"turns":4},{"damage":7,"enemies":"Blue Slaver","floor":10,"turns":4},{"damage":0,"enemies":"3 Sentries","floor":13,"turns":5},{"damage":2,"enemies":"Red Slaver","floor":14,"turns":3},{"damage":21,"enemies":"Slime Boss","floor":16,"turns":9},{"damage":17,"enemies":"Shell Parasite","floor":18,"turns":6},{"damage":0,"enemies":"Chosen","floor":21,"turns":3},{"damage":48,"enemies":"Slavers","floor":24,"turns":6},{"damage":9,"enemies":"Centurion and Healer","floor":25,"turns":6},{"damage":12,"enemies":"Chosen and Byrds","floor":28,"turns":3}],"seed_played":"7320999104672786041","potions_obtained":[{"floor":7,"key":"Block Potion"},{"floor":10,"key":"Explosive Potion"},{"floor":13,"key":"Regen Potion"},{"floor":16,"key":"SpeedPotion"},{"floor":24,"key":"SkillPotion"}],"is_trial":false,"path_per_floor":["M","M","$","?","?","R","M","?","T","M","$","R","E","M","R","B",null,"M","?","?","M","$","R","E","M","T","?"],"character_chosen":"THE_SILENT","items_purchased":["Flying Knee","Quick Slash"],"campfire_rested":0,"item_purchase_floors":[3,11],"current_hp_per_floor":[69,60,60,60,60,60,59,70,70,63,63,63,63,61,61,54,70,53,53,53,53,53,53,15,6,6,6,0],"gold":175,"neow_bonus":"","is_prod":false,"is_daily":false,"chose_seed":false,"campfire_upgraded":4,"win_rate":0,"timestamp":1531496927,"path_taken":["M","M","$","?","?","R","M","?","T","M","$","R","E","M","R","BOSS","M","?","?","M","$","R","E","M","T","?","M"],"build_version":"2018-07-12","purchased_purges":3,"victory":false,"max_hp_per_floor":[70,70,70,70,70,70,70,70,70,70,70,70,70,70,70,70,70,70,70,70,70,70,70,80,80,80,80,80],"card_choices":[{"not_picked":["Poisoned Stab","Outmaneuver"],"picked":"Infinite Blades","floor":1},{"not_picked":["PiercingWail","Concentrate","Poisoned Stab"],"picked":"SKIP","floor":2},{"not_picked":["Dodge and Roll","PiercingWail"],"picked":"Flying Knee","floor":7},{"not_picked":["Bullet Time","Poisoned Stab","Bouncing Flask"],"picked":"SKIP","floor":10},{"not_picked":["Deadly Poison","Phantasmal Killer","Flying Knee"],"picked":"SKIP","floor":13},{"not_picked":["Crippling Poison","Dodge and Roll"],"picked":"Blade Dance","floor":14},{"not_picked":["Heel Hook"],"picked":"SKIP","floor":18},{"not_picked":["Outmaneuver"],"picked":"SKIP","floor":21},{"not_picked":["Eviscerate"],"picked":"SKIP","floor":24},{"not_picked":[],"picked":"Poisoned Stab+1","floor":25}],"player_experience":247170,"relics_obtained":[{"floor":9,"key":"Matryoshka"},{"floor":13,"key":"Potion Belt"},{"floor":24,"key":"Pear"},{"floor":26,"key":"Kunai"},{"floor":26,"key":"Dodecahedron"}],"event_choices":[{"event_name":"Liars Game","player_choice":"agreed","floor":4,"damage_taken":0},{"event_name":"Match and Keep!","player_choice":"1 cards matched","floor":5,"damage_taken":0},{"event_name":"Big Fish","player_choice":"Banana","floor":8,"damage_taken":0},{"event_name":"Back to Basics","player_choice":"Simplicity","floor":19,"damage_taken":0},{"event_name":"The Mausoleum","player_choice":"Yes","floor":20,"damage_taken":0},{"event_name":"Forgotten Altar","player_choice":"Smashed Altar","floor":27,"damage_taken":0}],"boss_relics":[{"not_picked":["Snecko Eye","Lizard Tail"],"picked":"Busted Crown"}],"items_purged_floors":[3,11,22],"is_endless":false,"potions_floor_spawned":[7,10,13,16,24],"killed_by":"Chosen and Byrds","ascension_level":0}