{"gold_per_floor":[117,137,151,170,183,209,288,288,335,335,361,381,399,413,413,509,509,509,441,441,411,68,68,68,68,68,68,68,14,14,14,14,14,14,14,14,14,14,14,14,14,14,14,14,14,14,14,14,14,14,14,14,14,14,14],"floor_reached":55,"playtime":8007,"items_purged":[],"score":757,"play_id":"24156c88-10d8-4507-9778-a19879cdce53","local_time":"20190322123959","is_ascension_mode":false,"campfire_choices":[{"data":"Neutralize","floor":8,"key":"SMITH"},{"floor":15,"key":"REST"},{"data":"Footwork","floor":23,"key":"SMITH"},{"floor":25,"key":"REST"},{"data":"Backflip","floor":27,"key":"SMITH"},{"data":"Dash","floor":32,"key":"SMITH"},{"floor":40,"key":"REST"},{"floor":49,"key":"RECALL"},{"data":"1","floor":52,"key":"LIFT"}],"neow_cost":"NONE","seed_source_timestamp":57951217022329,"circlet_count":0,"master_deck":["Defend_G","Defend_G+1","Defend_G","Defend_G+1","Defend_G","Strike_G","Strike_G+1","Strike_G+1","Survivor","Neutralize+1","Backflip+1","Dash+1","Sucker Punch+1","Cloak And Dagger","Dagger Spray","Infinite Blades+1","Well Laid Plans+1","Footwork+1","PiercingWail","Blur+1","Malaise","Blade Dance","Backstab+1","Footwork","Noxious Fumes","After Image"],"relics":["Ring of the Snake","Whetstone","Juzu Bracelet","Singing Bowl","Ectoplasm","Letter Opener","Vajra","War Paint","Fusion Hammer","Nunchaku","Girya","StoneCalendar","Snake Skull","Blue Candle"],"potions_floor_usage":[5,6,16,18,24,30,30,36,42,47,47,48,55],"damage_taken":[{"damage":0,"enemies":"Jaw Worm","floor":1,"turns":5},{"damage":0,"enemies":"Small Slimes","floor":2,"turns":4},{"damage":0,"enemies":"2 Louse","floor":3,"turns":3},{"damage":10,"enemies":"Lots of Slimes","floor":4,"turns":6},{"damage":0,"enemies":"Gremlin Gang","floor":5,"turns":7},{"damage":10,"enemies":"Lagavulin","floor":6,"turns":11},{"damage":14,"enemies":"Gremlin Nob","floor":11,"turns":5},{"damage":0,"enemies":"Red Slaver","floor":12,"turns":6},{"damage":0,"enemies":"Large Slime","floor":13,"turns":6},{"damage":10,"enemies":"Exordium Thugs","floor":14,"turns":6},{"damage":53,"enemies":"Slime Boss","floor":16,"turns":18},{"damage":0,"enemies":"Shell Parasite","floor":18,"turns":7},{"damage":56,"enemies":"Slavers","floor":24,"turns":8},{"damage":0,"enemies":"Spheric Guardian","floor":30,"turns":4},{"damage":0,"enemies":"Cultist and Chosen","floor":31,"turns":8},{"damage":26,"enemies":"Automaton","floor":33,"turns":18},{"damage":1,"enemies":"3 Darklings","floor":35,"turns":7},{"damage":20,"enemies":"2 Orb Walkers","floor":36,"turns":7},{"damage":36,"enemies":"3 Shapes","floor":38,"turns":6},{"damage":9,"enemies":"3 Darklings","floor":39,"turns":6},{"damage":0,"enemies":"Mind Bloom Boss Battle","floor":41,"turns":10},{"damage":0,"enemies":"Reptomancer","floor":42,"turns":13},{"damage":0,"enemies":"Spire Growth","floor":45,"turns":7},{"damage":4,"enemies":"Giant Head","floor":47,"turns":13},{"damage":4,"enemies":"Transient","floor":48,"turns":5},{"damage":43,"enemies":"Donu and Deca","floor":50,"turns":12},{"damage":19,"enemies":"Shield and Spear","floor":54,"turns":9},{"damage":92,"enemies":"The Heart","floor":55,"turns":9}],"seed_played":"6321215186201601371","potions_obtained":[{"floor":4,"key":"SteroidPotion"},{"floor":5,"key":"LiquidBronze"},{"floor":11,"key":"GamblersBrew"},{"floor":12,"key":"SpeedPotion"},{"floor":14,"key":"Explosive Potion"},{"floor":21,"key":"SpeedPotion"},{"floor":21,"key":"FairyPotion"},{"floor":24,"key":"AttackPotion"},{"floor":35,"key":"Dexterity Potion"},{"floor":38,"key":"FearPotion"},{"floor":41,"key":"Block Potion"},{"floor":45,"key":"SteroidPotion"},{"floor":47,"key":"Ancient Potion"},{"floor":54,"key":"Poison Potion"}],"is_trial":false,"path_per_floor":["?","?","?","?","?","$","?","?","?","?"],"character_chosen":"THE_SILENT","items_purchased":["Well Laid Plans","Letter Opener","Footwork","PiercingWail"],"campfire_rested":3,"item_purchase_floors":[19,22,22,29],"current_hp_per_floor":[77,77,77,67,67,57,57,57,57,57,45,47,47,39,63,12,85,85,85,85,85,85,85,31,57,57,57,57,57,57,59,59,33,89,90,72,72,36,27,54,56,58,58,58,58,58,54,52,52,9,99,99,99,80,0],"gold":14,"neow_bonus":"TEN_PERCENT_HP_BONUS","is_prod":false,"is_daily":false,"chose_seed":false,"campfire_upgraded":4,"win_rate":0,"timestamp":1553269199,"path_taken":["M","M","M","M","M","E","?","R","T","?","E","M","M","M","R","BOSS","M","$","?","?","$","R","E","R","T","R","?","?","M","M","R","BOSS","M","?","?","M","M","R","?","E","T","?","M","$","E","M","R","BOSS","R","$","E","BOSS"],"build_version":"2019-01-23","purchased_purges":0,"victory":false,"max_hp_per_floor":[77,77,77,77,77,77,77,77,77,77,79,81,81,83,83,85,85,85,85,85,85,85,85,87,87,87,87,87,87,87,89,89,89,89,91,93,93,93,93,93,95,97,97,97,97,97,97,99,99,99,99,99,99,99,99],"card_choices":[{"not_picked":["Quick Slash","Underhanded Strike","Calculated Gamble"],"picked":"SKIP","floor":1},{"not_picked":["Outmaneuver","Heel Hook"],"picked":"Backflip","floor":2},{"not_picked":["Flying Knee","Slice"],"picked":"Dash","floor":3},{"not_picked":["Prepared","Slice"],"picked":"Sucker Punch","floor":4},{"not_picked":["Eviscerate","Crippling Poison"],"picked":"Cloak And Dagger","floor":5},{"not_picked":["Corpse Explosion","Riddle With Holes","Expertise"],"picked":"SKIP","floor":6},{"not_picked":["Eviscerate","Venomology","Leg Sweep"],"picked":"Singing Bowl","floor":11},{"not_picked":["Dodge and Roll","Dagger Throw","Quick Slash"],"picked":"Singing Bowl","floor":12},{"not_picked":["Setup","Deflect"],"picked":"Dagger Spray","floor":13},{"not_picked":["Poisoned Stab","Finisher","Deflect"],"picked":"Singing Bowl","floor":14},{"not_picked":["After Image","Unload","Bullet Time"],"picked":"Singing Bowl","floor":16},{"not_picked":["Calculated Gamble+1","Poisoned Stab"],"picked":"Infinite Blades+1","floor":18},{"not_picked":["Sucker Punch+1","Dagger Throw","Setup"],"picked":"Singing Bowl","floor":24},{"not_picked":["Cloak And Dagger+1","After Image"],"picked":"Blur+1","floor":30},{"not_picked":["Terror","Dodge and Roll","Acrobatics"],"picked":"Singing Bowl","floor":31},{"not_picked":["Phantasmal Killer","Night Terror"],"picked":"Malaise","floor":33},{"not_picked":["Skewer+1","Blade Dance+1","Dagger Throw"],"picked":"Singing Bowl","floor":35},{"not_picked":["Finisher+1","Sucker Punch","Accuracy+1"],"picked":"Singing Bowl","floor":36},{"not_picked":["Blade Dance+1","Glass Knife"],"picked":"Backstab+1","floor":38},{"not_picked":["Outmaneuver","Backflip","Dagger Throw"],"picked":"SKIP","floor":39},{"not_picked":["Reflex+1","Catalyst+1","Riddle With Holes"],"picked":"Singing Bowl","floor":41},{"not_picked":["Quick Slash+1","Acrobatics+1","Sucker Punch+1"],"picked":"Singing Bowl","floor":42},{"not_picked":["Poisoned Stab","Bane"],"picked":"Footwork","floor":45},{"not_picked":["Deflect","Cloak And Dagger"],"picked":"Noxious Fumes","floor":47},{"not_picked":["Reflex+1","Tactician+1","Leg Sweep+1"],"picked":"Singing Bowl","floor":48},{"not_picked":["Skewer","Blade Dance"],"picked":"After Image","floor":54}],"player_experience":402109,"relics_obtained":[{"floor":6,"key":"Whetstone"},{"floor":9,"key":"Juzu Bracelet"},{"floor":11,"key":"Singing Bowl"},{"floor":24,"key":"Vajra"},{"floor":26,"key":"War Paint"},{"floor":36,"key":"Nunchaku"},{"floor":41,"key":"Girya"},{"floor":42,"key":"StoneCalendar"},{"floor":47,"key":"Snake Skull"},{"floor":54,"key":"Blue Candle"}],"event_choices":[{"damage_healed":0,"gold_gain":79,"player_choice":"Gained Gold","damage_taken":0,"max_hp_gain":0,"max_hp_loss":0,"event_name":"Golden Wing","floor":7,"gold_loss":0},{"damage_healed":0,"gold_gain":0,"player_choice":"Grow","damage_taken":0,"max_hp_gain":0,"max_hp_loss":0,"event_name":"Living Wall","floor":10,"gold_loss":0,"cards_upgraded":["Sucker Punch"]},{"damage_healed":0,"gold_gain":0,"player_choice":"Forge","damage_taken":0,"max_hp_gain":0,"max_hp_loss":0,"event_name":"Accursed Blacksmith","floor":20,"gold_loss":0,"cards_upgraded":["Well Laid Plans"]},{"damage_healed":0,"gold_gain":0,"player_choice":"Bought 2 Potions","damage_taken":0,"max_hp_gain":0,"max_hp_loss":0,"event_name":"The Woman in Blue","floor":21,"gold_loss":0},{"damage_healed":0,"gold_gain":0,"player_choice":"Leave","damage_taken":0,"max_hp_gain":0,"max_hp_loss":0,"event_name":"FaceTrader","floor":28,"gold_loss":0},{"damage_healed":0,"gold_gain":0,"player_choice":"Fight","damage_taken":0,"max_hp_gain":0,"max_hp_loss":0,"event_name":"Mysterious Sphere","floor":36,"gold_loss":0},{"damage_healed":0,"gold_gain":0,"cards_transformed":["Strike_G"],"player_choice":"Transformed","damage_taken":0,"max_hp_gain":0,"max_hp_loss":0,"event_name":"Transmorgrifier","floor":37,"gold_loss":0,"cards_obtained":["Blade Dance"]},{"damage_healed":0,"gold_gain":0,"player_choice":"Fight","damage_taken":0,"max_hp_gain":0,"max_hp_loss":0,"event_name":"MindBloom","floor":41,"gold_loss":0},{"cards_removed":["Strike_G"],"damage_healed":0,"gold_gain":0,"player_choice":"Removed Attack","damage_taken":0,"max_hp_gain":0,"max_hp_loss":0,"event_name":"Falling","floor":44,"gold_loss":0}],"is_beta":false,"boss_relics":[{"not_picked":["Runic Pyramid","Eternal Feather"],"picked":"Ectoplasm"},{"not_picked":["Philosopher\u0027s Stone","Astrolabe"],"picked":"Fusion Hammer"}],"items_purged_floors":[],"is_endless":false,"potions_floor_spawned":[4,5,11,12,14,24,35,38,41,45,47,54],"killed_by":"The Heart","ascension_level":0}