{"gold_per_floor":[116,70,70,84,95,115,115,190,190,205,205,68,81,101,101,205,205,216,60,73,83,83,83,97,97,97,117,45,79,79],"floor_reached":30,"playtime":2312,"items_purged":["Defend_R"],"score":268,"play_id":"67136129-361b-44d4-b570-a62c0a446cb9","local_time":"20180924143855","is_ascension_mode":true,"campfire_choices":[{"data":"Flex","floor":7,"key":"SMITH"},{"data":"Whirlwind","floor":15,"key":"SMITH"},{"floor":23,"key":"REST"},{"floor":25,"key":"REST"}],"neow_cost":"NONE","seed_source_timestamp":270080790343882,"circlet_count":0,"master_deck":["Strike_R","Strike_R","Strike_R","Strike_R","Strike_R","Defend_R","Defend_R","Defend_R","Bash","Thunderclap+1","Flex+1","Flex","Berserk","Whirlwind+1","Inflame","Inflame","Twin Strike"],"relics":["Burning Blood","Shuriken","Champion Belt","Busted Crown","Question Card","Du-Vu Doll"],"potions_floor_usage":[6,10,10,10,13,16,16,16,18,20,20,24,30],"damage_taken":[{"damage":6,"enemies":"Cultist","floor":1,"turns":3},{"damage":6,"enemies":"2 Louse","floor":4,"turns":2},{"damage":12,"enemies":"Jaw Worm","floor":5,"turns":2},{"damage":9,"enemies":"Blue Slaver","floor":6,"turns":3},{"damage":1,"enemies":"Large Slime","floor":10,"turns":4},{"damage":13,"enemies":"Exordium Thugs","floor":13,"turns":2},{"damage":16,"enemies":"Exordium Wildlife","floor":14,"turns":3},{"damage":40,"enemies":"The Guardian","floor":16,"turns":6},{"damage":14,"enemies":"2 Thieves","floor":18,"turns":2},{"damage":46,"enemies":"Shell Parasite","floor":20,"turns":4},{"damage":18,"enemies":"Snake Plant","floor":21,"turns":3},{"damage":37,"enemies":"Snecko","floor":24,"turns":4},{"damage":32,"enemies":"Chosen and Byrds","floor":27,"turns":5},{"damage":5,"enemies":"Slavers","floor":29,"turns":2},{"damage":18,"enemies":"Shelled Parasite and Fungi","floor":30,"turns":2}],"seed_played":"-1282620135149266367","potions_obtained":[{"floor":0,"key":"EntropicBrew"},{"floor":0,"key":"EssenceOfSteel"},{"floor":0,"key":"BloodPotion"},{"floor":6,"key":"EntropicBrew"},{"floor":14,"key":"Strength Potion"},{"floor":16,"key":"BloodPotion"},{"floor":18,"key":"Poison Potion"},{"floor":20,"key":"Strength Potion"}],"is_trial":false,"path_per_floor":["M","$","?","M","M","M","R","?","T","M","T","$","M","M","R","B",null,"M","$","M","M","?","R","M","R","T","M","$","E"],"character_chosen":"IRONCLAD","items_purchased":["Thunderclap","Whirlwind","Inflame","Inflame","BloodPotion"],"campfire_rested":2,"item_purchase_floors":[2,12,12,19,28],"current_hp_per_floor":[80,80,80,80,74,71,71,60,60,73,73,73,66,56,56,22,80,72,72,40,28,28,52,21,45,45,19,19,20,10],"gold":79,"neow_bonus":"THREE_SMALL_POTIONS","is_prod":false,"is_daily":false,"chose_seed":false,"campfire_upgraded":2,"win_rate":0,"timestamp":1537814335,"path_taken":["M","$","?","M","M","?","R","?","T","M","?","$","M","M","R","BOSS","M","$","M","M","?","R","M","R","T","M","$","E","M"],"build_version":"2018-09-20","purchased_purges":1,"victory":false,"max_hp_per_floor":[80,80,80,80,80,80,80,80,80,80,80,80,80,80,80,80,80,80,80,80,80,80,80,80,80,80,80,80,80,80],"card_choices":[{"not_picked":["Anger","Warcry","Pummel"],"picked":"SKIP","floor":1},{"not_picked":["Pommel Strike","Power Through"],"picked":"Flex","floor":4},{"not_picked":["Dual Wield","Wild Strike"],"picked":"Flex","floor":5},{"not_picked":["Body Slam","Searing Blow"],"picked":"Berserk","floor":6},{"not_picked":["Havoc","Sentinel","Seeing Red"],"picked":"SKIP","floor":10},{"not_picked":["True Grit","Anger","Iron Wave"],"picked":"SKIP","floor":13},{"not_picked":["Thunderclap","Power Through","Infernal Blade"],"picked":"SKIP","floor":14},{"not_picked":["Shockwave"],"picked":"SKIP","floor":18},{"not_picked":["Iron Wave"],"picked":"SKIP","floor":20},{"not_picked":["Flame Barrier+1"],"picked":"SKIP","floor":21},{"not_picked":["Pommel Strike"],"picked":"SKIP","floor":24},{"not_picked":["Wild Strike+1","True Grit"],"picked":"SKIP","floor":27},{"not_picked":["Second Wind"],"picked":"Twin Strike","floor":29}],"player_experience":401856,"relics_obtained":[{"floor":9,"key":"Shuriken"},{"floor":11,"key":"Champion Belt"},{"floor":26,"key":"Question Card"},{"floor":29,"key":"Du-Vu Doll"}],"event_choices":[{"event_name":"Living Wall","player_choice":"Grow","floor":3,"damage_taken":0},{"event_name":"World of Goop","player_choice":"Gather Gold","floor":8,"damage_taken":0},{"event_name":"The Mausoleum","player_choice":"No","floor":22,"damage_taken":0}],"is_beta":false,"boss_relics":[{"not_picked":["Pandora\u0027s Box","Calling Bell"],"picked":"Busted Crown"}],"items_purged_floors":[19],"is_endless":false,"potions_floor_spawned":[4,6,14,16,18,20],"killed_by":"Shelled Parasite and Fungi","ascension_level":2}