{"gold_per_floor":[118,118,131,131,32,32,66,103,115,127,159,171,219,252,264,404,416,441,466,478,221,245,245,345,369,420,438,189,189,228,228],"floor_reached":31,"playtime":990,"items_purged":["Regret","Shockwave","Injury"],"score":281,"play_id":"2e9b0241-e33c-48e4-9dd1-12cd6e431151","local_time":"20180921155504","is_ascension_mode":true,"campfire_choices":[{"data":"Anger","floor":6,"key":"SMITH"},{"data":"Flex","floor":10,"key":"SMITH"},{"data":"Spot Weakness","floor":12,"key":"SMITH"},{"data":"Whirlwind","floor":15,"key":"SMITH"},{"floor":23,"key":"REST"},{"data":"Flex","floor":29,"key":"SMITH"}],"neow_cost":"NONE","seed_source_timestamp":16764006857985,"circlet_count":0,"master_deck":["Strike_R","Strike_R","Strike_R","Strike_R","Strike_R","Defend_R","Defend_R","Defend_R","Bash","Anger+1","Pommel Strike","Flex+1","Spot Weakness+1","Whirlwind+1","Armaments+1","Offering","Headbutt","Flex+1","Flex+1","Shrug It Off+1","Panache"],"relics":["Burning Blood","Golden Idol","Blue Candle","MawBank","Paper Frog","Odd Mushroom","Velvet Choker","Blood Vial","Smiling Mask","Regal Pillow"],"potions_floor_usage":[7,13,16,30,30,31],"damage_taken":[{"damage":1,"enemies":"2 Louse","floor":1,"turns":3},{"damage":12,"enemies":"Jaw Worm","floor":3,"turns":2},{"damage":27,"enemies":"Gremlin Nob","floor":7,"turns":4},{"damage":6,"enemies":"Cultist","floor":8,"turns":3},{"damage":10,"enemies":"2 Fungi Beasts","floor":11,"turns":3},{"damage":9,"enemies":"The Mushroom Lair","floor":13,"turns":3},{"damage":7,"enemies":"3 Louse","floor":14,"turns":2},{"damage":46,"enemies":"Hexaghost","floor":16,"turns":5},{"damage":14,"enemies":"Chosen","floor":18,"turns":4},{"damage":23,"enemies":"2 Thieves","floor":19,"turns":3},{"damage":18,"enemies":"Cultist and Chosen","floor":22,"turns":4},{"damage":21,"enemies":"Snake Plant","floor":25,"turns":3},{"damage":38,"enemies":"3 Cultists","floor":27,"turns":4},{"damage":40,"enemies":"Slavers","floor":30,"turns":3},{"damage":15,"enemies":"Chosen and Byrds","floor":31,"turns":4}],"seed_played":"-8838269242008763256","potions_obtained":[{"floor":3,"key":"Regen Potion"},{"floor":7,"key":"FairyPotion"},{"floor":11,"key":"Poison Potion"},{"floor":14,"key":"FearPotion"},{"floor":25,"key":"SkillPotion"},{"floor":27,"key":"EssenceOfSteel"},{"floor":30,"key":"EssenceOfSteel"}],"is_trial":false,"path_per_floor":["M","?","M","?","$","R","E","M","T","R","M","R","?","M","R","B",null,"M","M","?","$","M","R","?","M","T","M","$","R","E"],"character_chosen":"IRONCLAD","items_purchased":["Pommel Strike","Flex","Blood Vial","Panache"],"campfire_rested":1,"item_purchase_floors":[5,21,21,28],"current_hp_per_floor":[80,80,74,74,74,74,62,62,62,62,58,58,55,54,54,14,80,72,55,55,55,45,69,69,56,56,26,26,26,10,0],"gold":228,"neow_bonus":"REMOVE_CARD","is_prod":false,"is_daily":false,"chose_seed":false,"campfire_upgraded":5,"win_rate":0,"timestamp":1537559704,"path_taken":["M","?","M","?","$","R","E","M","T","R","?","R","?","M","R","BOSS","M","M","?","$","M","R","?","M","T","M","$","R","E","?"],"build_version":"2018-09-20","purchased_purges":3,"victory":false,"max_hp_per_floor":[80,80,80,80,80,80,80,80,80,80,80,80,80,80,80,80,80,80,80,80,80,80,80,80,80,80,80,80,80,80,80],"card_choices":[{"not_picked":["Headbutt","Clothesline"],"picked":"Anger","floor":1},{"not_picked":["Body Slam","Sentinel","Hemokinesis"],"picked":"SKIP","floor":3},{"not_picked":["Seeing Red","Sever Soul","Havoc"],"picked":"SKIP","floor":7},{"not_picked":["True Grit","Warcry"],"picked":"Flex","floor":8},{"not_picked":["Clothesline","Limit Break"],"picked":"Spot Weakness","floor":11},{"not_picked":["Iron Wave","Perfected Strike"],"picked":"Whirlwind","floor":14},{"not_picked":["Perfected Strike","Pommel Strike","Anger"],"picked":"SKIP","floor":18},{"not_picked":["Rage","Double Tap"],"picked":"Armaments+1","floor":19},{"not_picked":["Clash","Headbutt"],"picked":"Flex+1","floor":22},{"not_picked":["True Grit","Perfected Strike+1","Reckless Charge"],"picked":"SKIP","floor":25},{"not_picked":["Bloodletting","Armaments+1"],"picked":"Shrug It Off+1","floor":27},{"not_picked":["Battle Trance","Iron Wave","Bloodletting+1"],"picked":"SKIP","floor":30}],"player_experience":376846,"relics_obtained":[{"floor":7,"key":"MawBank"},{"floor":9,"key":"Paper Frog"},{"floor":13,"key":"Odd Mushroom"},{"floor":26,"key":"Smiling Mask"},{"floor":30,"key":"Regal Pillow"}],"event_choices":[{"event_name":"Golden Idol","player_choice":"Take Wound","floor":2,"damage_taken":0},{"event_name":"Big Fish","player_choice":"Box","floor":4,"damage_taken":0},{"event_name":"Mushrooms","player_choice":"Fought Mushrooms","floor":13,"damage_taken":0},{"event_name":"Match and Keep!","player_choice":"3 cards matched","floor":20,"damage_taken":0},{"event_name":"Golden Shrine","player_choice":"Pray","floor":24,"damage_taken":0}],"is_beta":false,"boss_relics":[{"not_picked":["Tiny House","Empty Cage"],"picked":"Velvet Choker"}],"items_purged_floors":[5,21,28],"is_endless":false,"potions_floor_spawned":[3,7,11,14,25,27,30],"killed_by":"Chosen and Byrds","ascension_level":2}