{"gold_per_floor":[139,156,6,26,26,26,26,26,26,26,45,45,61,86,86,86],"floor_reached":16,"playtime":1940,"items_purged":["Defend_G"],"score":117,"play_id":"e3bf30e3-3768-4216-ba86-6d95f0822c6b","local_time":"20180712103548","is_ascension_mode":false,"campfire_choices":[{"data":"Cloak And Dagger","floor":6,"key":"SMITH"},{"data":"Footwork","floor":8,"key":"SMITH"},{"data":"Backflip","floor":15,"key":"SMITH"}],"neow_cost":"NONE","seed_source_timestamp":94023316438174,"circlet_count":0,"master_deck":["Defend_G","Defend_G","Defend_G","Strike_G","Strike_G","Strike_G","Strike_G","Strike_G","Survivor","Neutralize+1","Flying Knee","Cloak And Dagger+1","Footwork+1","Acrobatics","Backflip+1"],"relics":["Tiny House","Pear","Strawberry"],"potions_floor_usage":[12,12,16,16],"damage_taken":[{"damage":1,"enemies":"Cultist","floor":1,"turns":4},{"damage":1,"enemies":"2 Louse","floor":2,"turns":2},{"damage":3,"enemies":"Jaw Worm","floor":4,"turns":4},{"damage":2,"enemies":"Looter","floor":11,"turns":3},{"damage":3,"enemies":"Gremlin Gang","floor":12,"turns":3},{"damage":8,"enemies":"Exordium Wildlife","floor":13,"turns":6},{"damage":70,"enemies":"Hexaghost","floor":16,"turns":15}],"seed_played":"-4833585590407894740","potions_obtained":[{"floor":0,"key":"SmokeBomb"},{"floor":2,"key":"Fire Potion"},{"floor":4,"key":"Weak Potion"},{"floor":13,"key":"SkillPotion"}],"is_trial":false,"path_per_floor":["M","M","$","M","?","R","$","R","T","$","M","M","M","T","R"],"character_chosen":"THE_SILENT","items_purchased":["Footwork"],"campfire_rested":0,"item_purchase_floors":[3],"current_hp_per_floor":[74,73,73,70,63,63,63,63,73,73,71,68,60,67,67,0],"gold":86,"neow_bonus":"BOSS_RELIC","is_prod":false,"is_daily":false,"chose_seed":false,"campfire_upgraded":3,"win_rate":0,"timestamp":1531406148,"path_taken":["M","M","?","?","?","R","$","R","T","$","?","M","M","?","R","BOSS"],"build_version":"2018-07-05","purchased_purges":1,"victory":false,"max_hp_per_floor":[75,75,75,75,75,75,75,75,85,85,85,85,85,92,92,92],"card_choices":[{"not_picked":["Well Laid Plans","Dagger Spray"],"picked":"Flying Knee","floor":0},{"not_picked":["Skewer","Dash"],"picked":"Cloak And Dagger","floor":1},{"not_picked":["Outmaneuver","Phantasmal Killer","Dagger Throw"],"picked":"SKIP","floor":2},{"not_picked":["Dodge and Roll","Quick Slash"],"picked":"Acrobatics","floor":4},{"not_picked":["PiercingWail","Cloak And Dagger","Acrobatics"],"picked":"SKIP","floor":11},{"not_picked":["Blur","PiercingWail"],"picked":"Backflip","floor":13}],"player_experience":237759,"relics_obtained":[{"floor":9,"key":"Pear"},{"floor":14,"key":"Strawberry"}],"event_choices":[{"event_name":"Golden Wing","player_choice":"Card Removal","floor":5,"damage_taken":0}],"boss_relics":[],"items_purged_floors":[3],"is_endless":false,"potions_floor_spawned":[2,4,12,13],"killed_by":"Hexaghost","ascension_level":0}