{"gold_per_floor":[212,225,195,213,227,258,273,32,84,119,130,130,161,176,176,274,274,287,287,300,313,323,323],"floor_reached":23,"playtime":1109,"items_purged":[],"score":228,"play_id":"b3968341-f472-4d55-a270-2effd40eccac","local_time":"20190328205149","is_ascension_mode":true,"campfire_choices":[{"data":"Footwork","floor":12,"key":"SMITH"},{"floor":15,"key":"RECALL"}],"neow_cost":"NONE","seed_source_timestamp":8200427182041274,"circlet_count":0,"master_deck":["Defend_G","Defend_G","Defend_G","Defend_G","Defend_G","Strike_G","Strike_G","Strike_G","Strike_G","Strike_G","Survivor","Neutralize","Deflect","Sucker Punch","Flying Knee","Backstab","Footwork+1","Bouncing Flask","Backstab+1","Deadly Poison","A Thousand Cuts","Cloak And Dagger","Dagger Spray+1"],"relics":["Ring of the Snake","Ginger","Molten Egg 2","Blood Vial","Gremlin Horn","Bronze Scales","Sozu"],"potions_floor_usage":[6,6,7,10,21,23],"damage_taken":[{"damage":3,"enemies":"Small Slimes","floor":1,"turns":5},{"damage":2,"enemies":"Cultist","floor":2,"turns":4},{"damage":0,"enemies":"2 Louse","floor":4,"turns":2},{"damage":2,"enemies":"Looter","floor":5,"turns":4},{"damage":18,"enemies":"Lagavulin","floor":6,"turns":6},{"damage":3,"enemies":"Exordium Wildlife","floor":7,"turns":4},{"damage":2,"enemies":"Gremlin Nob","floor":10,"turns":4},{"damage":3,"enemies":"Large Slime","floor":11,"turns":5},{"damage":2,"enemies":"3 Sentries","floor":13,"turns":8},{"damage":0,"enemies":"Exordium Thugs","floor":14,"turns":2},{"damage":24,"enemies":"The Guardian","floor":16,"turns":8},{"damage":25,"enemies":"Spheric Guardian","floor":18,"turns":4},{"damage":6,"enemies":"Chosen","floor":20,"turns":4},{"damage":9,"enemies":"Snake Plant","floor":21,"turns":3},{"damage":10,"enemies":"Centurion and Healer","floor":22,"turns":7},{"damage":16,"enemies":"Slavers","floor":23,"turns":1}],"seed_played":"-1911799576581755874","potions_obtained":[{"floor":1,"key":"GamblersBrew"},{"floor":3,"key":"SneckoOil"},{"floor":3,"key":"SkillPotion"},{"floor":4,"key":"AttackPotion"},{"floor":6,"key":"Explosive Potion"},{"floor":7,"key":"PowerPotion"},{"floor":16,"key":"Weak Potion"}],"is_trial":false,"path_per_floor":["M","M","?","M","M","E","M","$","T","E","M","R","E","M","R","B",null,"M","?","M","M","M","E"],"character_chosen":"THE_SILENT","items_purchased":["Molten Egg 2"],"campfire_rested":0,"item_purchase_floors":[8],"current_hp_per_floor":[67,65,65,65,63,45,42,42,42,42,41,41,41,43,43,21,70,45,32,28,21,13,0],"gold":323,"neow_bonus":"HUNDRED_GOLD","is_prod":false,"is_daily":false,"chose_seed":false,"campfire_upgraded":1,"win_rate":0,"timestamp":1553820709,"path_taken":["M","M","?","M","M","E","?","$","T","E","M","R","E","M","R","BOSS","M","?","M","M","M","E"],"build_version":"2019-01-23","purchased_purges":0,"victory":false,"max_hp_per_floor":[70,70,70,70,70,70,70,70,70,70,70,70,70,70,70,70,70,70,75,75,75,75,75],"card_choices":[{"not_picked":["Finisher","Flechettes"],"picked":"Deflect","floor":1},{"not_picked":["Leg Sweep","Finisher"],"picked":"Sucker Punch","floor":2},{"not_picked":["Distraction","Leg Sweep"],"picked":"Flying Knee","floor":4},{"not_picked":["Expertise","Flying Knee"],"picked":"Backstab","floor":5},{"not_picked":["Dagger Throw","Deadly Poison"],"picked":"Footwork","floor":6},{"not_picked":["Poisoned Stab","Dodge and Roll"],"picked":"Bouncing Flask","floor":7},{"not_picked":["Burst","Deadly Poison"],"picked":"Backstab+1","floor":10},{"not_picked":["Blur","Flying Knee+1"],"picked":"Deadly Poison","floor":11},{"not_picked":["Dash+1","Deadly Poison","Distraction"],"picked":"SKIP","floor":13},{"not_picked":["Quick Slash+1","Underhanded Strike+1","Tactician"],"picked":"SKIP","floor":14},{"not_picked":["Venomology","Grand Finale+1"],"picked":"A Thousand Cuts","floor":16},{"not_picked":["Outmaneuver+1","Escape Plan","Slice+1"],"picked":"SKIP","floor":18},{"not_picked":["Underhanded Strike+1","Footwork"],"picked":"Cloak And Dagger","floor":20},{"not_picked":["Sucker Punch+1","Slice+1"],"picked":"Dagger Spray+1","floor":21},{"not_picked":["Grand Finale+1","Sucker Punch+1","Outmaneuver"],"picked":"SKIP","floor":22}],"player_experience":590541,"relics_obtained":[{"floor":6,"key":"Ginger"},{"floor":9,"key":"Blood Vial"},{"floor":10,"key":"Gremlin Horn"},{"floor":13,"key":"Bronze Scales"}],"event_choices":[{"damage_healed":0,"gold_gain":0,"player_choice":"Bought 2 Potions","damage_taken":0,"max_hp_gain":0,"max_hp_loss":0,"event_name":"The Woman in Blue","floor":3,"gold_loss":0},{"damage_healed":0,"gold_gain":0,"player_choice":"Shed Blood","damage_taken":18,"max_hp_gain":5,"max_hp_loss":0,"event_name":"Forgotten Altar","floor":19,"gold_loss":0}],"is_beta":false,"boss_relics":[{"not_picked":["Black Star","Snecko Eye"],"picked":"Sozu"}],"items_purged_floors":[],"is_endless":false,"potions_floor_spawned":[1,4,6,7,16,18],"killed_by":"Slavers","ascension_level":1}