{"gold_per_floor":[112,37,50,50,64,64,78,28,28,58,90,39,58,74,74,176,176,191,204,204,235,135,170,170,270,270,283,158,158,158,8,8,103,103,122,122,122,139,139,170,170,189,189,205,218,43,63,77,77,77],"floor_reached":50,"playtime":2450,"items_purged":["Defend_G","Defend_G","Strike_G","Strike_G","Strike_G"],"score":742,"play_id":"d382433d-802a-41ed-8e8f-744b83a11eb4","local_time":"20180708051922","is_ascension_mode":false,"campfire_choices":[{"data":"Cloak And Dagger","floor":6,"key":"SMITH"},{"floor":15,"key":"REST"},{"floor":24,"key":"REST"},{"data":"Ghostly","floor":30,"key":"SMITH"},{"data":"Cloak And Dagger","floor":32,"key":"SMITH"},{"data":"Bouncing Flask","floor":41,"key":"SMITH"},{"floor":49,"key":"REST"}],"neow_cost":"","seed_source_timestamp":1479212779371286,"circlet_count":0,"master_deck":["Defend_G","Defend_G","Strike_G","Strike_G","Survivor","Neutralize","Cloak And Dagger+1","Flying Knee","Bouncing Flask+1","Cloak And Dagger+1","Corpse Explosion","After Image","Footwork","Catalyst","Bouncing Flask+1","Dagger Throw","Ghostly+1","Ghostly","Ghostly","Ghostly","Ghostly","Flying Knee+1"],"relics":["Ring of the Snake","Ornamental Fan","Darkstone Periapt","Runic Dome","Red Mask","Juzu Bracelet","Philosopher\u0027s Stone","Du-Vu Doll","Bronze Scales","Girya"],"potions_floor_usage":[14,14,21,33,33,33,38,38,40,42],"damage_taken":[{"damage":7,"enemies":"2 Louse","floor":1,"turns":3},{"damage":0,"enemies":"Jaw Worm","floor":3,"turns":4},{"damage":0,"enemies":"Small Slimes","floor":5,"turns":3},{"damage":2,"enemies":"Looter","floor":7,"turns":4},{"damage":28,"enemies":"Lagavulin","floor":11,"turns":5},{"damage":5,"enemies":"3 Louse","floor":13,"turns":3},{"damage":4,"enemies":"Large Slime","floor":14,"turns":5},{"damage":33,"enemies":"Slime Boss","floor":16,"turns":13},{"damage":2,"enemies":"Shell Parasite","floor":18,"turns":5},{"damage":1,"enemies":"Chosen","floor":19,"turns":5},{"damage":34,"floor":21,"turns":4},{"damage":16,"enemies":"Slavers","floor":23,"turns":3},{"damage":4,"enemies":"Snake Plant","floor":27,"turns":4},{"damage":8,"enemies":"Automaton","floor":33,"turns":10},{"damage":13,"enemies":"3 Darklings","floor":35,"turns":7},{"damage":6,"enemies":"3 Shapes","floor":38,"turns":3},{"damage":0,"floor":39,"turns":6},{"damage":0,"enemies":"Nemesis","floor":40,"turns":5},{"damage":3,"enemies":"3 Darklings","floor":42,"turns":5},{"damage":14,"enemies":"4 Shapes","floor":44,"turns":7},{"damage":0,"enemies":"Sphere and 2 Shapes","floor":45,"turns":7},{"damage":0,"enemies":"Maw","floor":47,"turns":7},{"damage":2,"enemies":"3 Darklings","floor":48,"turns":6},{"damage":39,"enemies":"Time Eater","floor":50,"turns":6}],"seed_played":"-5852034845642838386","potions_obtained":[{"floor":3,"key":"Explosive Potion"},{"floor":13,"key":"Explosive Potion"},{"floor":16,"key":"Poison Potion"},{"floor":18,"key":"Dexterity Potion"},{"floor":19,"key":"Swift Potion"},{"floor":23,"key":"FearPotion"},{"floor":33,"key":"SpeedPotion"},{"floor":35,"key":"FearPotion"},{"floor":36,"key":"Fruit Juice"},{"floor":36,"key":"Regen Potion"},{"floor":38,"key":"Explosive Potion"},{"floor":47,"key":"Dexterity Potion"}],"is_trial":false,"path_per_floor":["M","$","M","?","M","R","M","?","T","?","E","$","M","M","R","B",null,"M","M","?","?","$","E","R","?","T","M","$","?","R","$","R","B",null,"M","?","$","M","?","E","R","M","T","M","M","$","M","M","R"],"character_chosen":"THE_SILENT","items_purchased":["Cloak And Dagger"],"campfire_rested":3,"item_purchase_floors":[12],"current_hp_per_floor":[63,63,63,68,68,68,66,66,66,66,38,38,33,29,51,18,75,73,72,72,38,38,22,44,44,44,40,40,37,37,37,37,29,37,24,24,24,35,35,35,35,32,32,18,18,18,18,16,28,0],"gold":77,"neow_bonus":"","is_prod":false,"is_daily":false,"chose_seed":false,"campfire_upgraded":4,"win_rate":0.0,"timestamp":1531041562,"path_taken":["M","$","M","?","M","R","M","?","T","?","E","$","M","M","R","BOSS","M","M","?","?","$","E","R","?","T","M","$","?","R","$","R","BOSS","M","?","$","M","?","E","R","M","T","M","M","$","M","M","R","BOSS"],"build_version":"2018-07-05","purchased_purges":5,"victory":false,"max_hp_per_floor":[70,70,70,75,75,75,75,75,75,75,75,75,75,75,75,75,75,75,75,75,75,75,75,75,75,75,75,75,37,37,37,37,37,37,37,37,37,42,42,42,42,42,42,42,42,42,42,42,42,42],"card_choices":[{"not_picked":["Acrobatics","PiercingWail"],"picked":"Cloak And Dagger","floor":1},{"not_picked":["Expertise","Underhanded Strike"],"picked":"Flying Knee","floor":3},{"not_picked":["Outmaneuver","Acrobatics","Well Laid Plans"],"picked":"SKIP","floor":5},{"not_picked":["Reflex","Slice"],"picked":"Bouncing Flask","floor":7},{"not_picked":["Poisoned Stab","Dagger Spray","Underhanded Strike"],"picked":"SKIP","floor":11},{"not_picked":["Dagger Throw","Crippling Poison"],"picked":"Corpse Explosion","floor":13},{"not_picked":["Poisoned Stab","Outmaneuver","Dodge and Roll"],"picked":"SKIP","floor":14},{"not_picked":["Die Die Die","Unload"],"picked":"After Image","floor":16},{"not_picked":["Acrobatics","Predator","Leg Sweep"],"picked":"SKIP","floor":18},{"not_picked":["PiercingWail","Acrobatics","Escape Plan+1"],"picked":"SKIP","floor":19},{"not_picked":["Concentrate","Finisher"],"picked":"Catalyst","floor":21},{"not_picked":["Footwork","Dagger Spray"],"picked":"Bouncing Flask+1","floor":23},{"not_picked":["Accuracy","Deadly Poison"],"picked":"Dagger Throw","floor":27},{"not_picked":["Acrobatics","Outmaneuver+1","Dagger Spray+1"],"picked":"SKIP","floor":35},{"not_picked":["Sucker Punch+1","Backflip"],"picked":"Flying Knee+1","floor":38},{"not_picked":["Dodge and Roll","Cloak And Dagger","Prepared"],"picked":"SKIP","floor":40},{"not_picked":["Dodge and Roll","Cloak And Dagger","Prepared"],"picked":"SKIP","floor":40},{"not_picked":["Catalyst","Cloak And Dagger","Sucker Punch+1"],"picked":"SKIP","floor":42},{"not_picked":["Flying Knee+1","Blade Dance+1","Prepared"],"picked":"SKIP","floor":44},{"not_picked":["Flying Knee+1","Cloak And Dagger+1","Acrobatics"],"picked":"SKIP","floor":45},{"not_picked":["Heel Hook","Deflect","Cloak And Dagger"],"picked":"SKIP","floor":47},{"not_picked":["Flying Knee","Cloak And Dagger+1","Catalyst+1"],"picked":"SKIP","floor":48}],"player_experience":126602,"relics_obtained":[{"floor":9,"key":"Ornamental Fan"},{"floor":11,"key":"Darkstone Periapt"},{"floor":21,"key":"Red Mask"},{"floor":23,"key":"Juzu Bracelet"},{"floor":39,"key":"Du-Vu Doll"},{"floor":40,"key":"Bronze Scales"},{"floor":43,"key":"Girya"}],"event_choices":[{"event_name":"Big Fish","player_choice":"Donut","floor":4,"damage_taken":0},{"event_name":"The Cleric","player_choice":"Card Removal","floor":8,"damage_taken":0},{"event_name":"Dead Adventurer","player_choice":"Searched \u00271\u0027 times","floor":10,"damage_taken":0},{"event_name":"The Library","player_choice":"Read","floor":20,"damage_taken":0},{"event_name":"Masked Bandits","player_choice":"Fought over 204 gold","floor":21,"damage_taken":0},{"event_name":"Golden Shrine","player_choice":"Pray","floor":25,"damage_taken":0},{"event_name":"Ghosts","player_choice":"Became a Ghost","floor":29,"damage_taken":0},{"event_name":"The Lab","player_choice":"Got Potions","floor":36,"damage_taken":0},{"event_name":"MindBloom","player_choice":"Fight","floor":39,"damage_taken":0}],"boss_relics":[{"not_picked":["White Beast Statue","Snecko Eye"],"picked":"Runic Dome"},{"not_picked":["Runic Pyramid","Velvet Choker"],"picked":"Philosopher\u0027s Stone"}],"items_purged_floors":[2,22,28,31,46],"is_endless":false,"potions_floor_spawned":[3,13,16,18,19,23,33,35,38,47],"killed_by":"Time Eater","ascension_level":0}