{"gold_per_floor":[112,123,135,15,15,15,30,30,54,77,118,118,98,117,117,243,243,256,256,280,405,405,405],"floor_reached":23,"playtime":813,"items_purged":["Defend_B"],"score":226,"play_id":"70afaee3-347d-4e5f-9b5f-24a3162b6536","local_time":"20180921085229","is_ascension_mode":true,"campfire_choices":[{"data":"Streamline","floor":6,"key":"SMITH"},{"data":"Hologram","floor":8,"key":"SMITH"},{"floor":12,"key":"REST"},{"data":"Gash","floor":15,"key":"SMITH"}],"neow_cost":"","seed_source_timestamp":622075495527437,"circlet_count":0,"master_deck":["Strike_B+1","Strike_B+1","Strike_B+1","Strike_B+1","Defend_B+1","Defend_B+1","Defend_B+1","Zap","Dualcast","Gash+1","Auto Shields","Streamline+1","Hologram+1","Gash+1","FTL","Gash","Gash+1"],"relics":["Cracked Core","Golden Idol","Ancient Tea Set","Boot","Busted Crown","Mango","Molten Egg 2"],"potions_floor_usage":[11,14,16,20,21,21],"damage_taken":[{"damage":1,"enemies":"Cultist","floor":1,"turns":3},{"damage":8,"enemies":"2 Louse","floor":2,"turns":2},{"damage":6,"enemies":"Jaw Worm","floor":3,"turns":3},{"damage":13,"enemies":"2 Fungi Beasts","floor":7,"turns":3},{"damage":3,"enemies":"Red Slaver","floor":10,"turns":3},{"damage":15,"enemies":"3 Sentries","floor":11,"turns":6},{"damage":0,"enemies":"3 Louse","floor":14,"turns":1},{"damage":6,"enemies":"Slime Boss","floor":16,"turns":5},{"damage":0,"enemies":"Chosen","floor":18,"turns":3},{"damage":6,"enemies":"2 Thieves","floor":20,"turns":3},{"damage":21,"enemies":"Colosseum Slavers","floor":21,"turns":3},{"damage":27,"enemies":"Colosseum Nobs","floor":21,"turns":4},{"damage":29,"enemies":"Book of Stabbing","floor":23,"turns":4}],"seed_played":"6472305708276791738","potions_obtained":[{"floor":2,"key":"Dexterity Potion"},{"floor":7,"key":"Weak Potion"},{"floor":11,"key":"FearPotion"},{"floor":13,"key":"PowerPotion"},{"floor":16,"key":"FocusPotion"},{"floor":18,"key":"Explosive Potion"}],"is_trial":false,"path_per_floor":["M","M","M","$","?","R","M","R","T","M","E","R","?","M","R","B",null,"M","?","M","?","?"],"character_chosen":"DEFECT","items_purchased":["Streamline"],"campfire_rested":1,"item_purchase_floors":[4],"current_hp_per_floor":[74,66,60,60,60,60,47,47,47,44,29,49,49,49,49,43,69,69,69,63,29,29,0],"gold":405,"neow_bonus":"","is_prod":false,"is_daily":false,"chose_seed":false,"campfire_upgraded":3,"win_rate":0,"timestamp":1537534349,"path_taken":["M","?","M","$","?","R","?","R","T","M","E","R","?","M","R","BOSS","M","?","M","?","?","E"],"build_version":"2018-09-20","purchased_purges":1,"victory":false,"max_hp_per_floor":[75,75,75,75,69,69,69,69,69,69,69,69,69,69,69,69,69,69,69,69,83,83,83],"card_choices":[{"not_picked":["Compile Driver","Force Field"],"picked":"Gash","floor":1},{"not_picked":["Conserve Battery","Leap"],"picked":"Auto Shields","floor":2},{"not_picked":["Genetic Algorithm","Ball Lightning","Rebound"],"picked":"SKIP","floor":3},{"not_picked":["Rainbow","Static Discharge"],"picked":"Hologram","floor":7},{"not_picked":["Streamline","Scrape"],"picked":"Gash","floor":10},{"not_picked":["Fission","Ball Lightning"],"picked":"FTL","floor":11},{"not_picked":["Coolheaded","Turbo"],"picked":"Gash","floor":14},{"not_picked":["Conserve Battery"],"picked":"SKIP","floor":18},{"not_picked":["Compile Driver"],"picked":"SKIP","floor":20},{"not_picked":[],"picked":"Gash","floor":21}],"player_experience":365457,"relics_obtained":[{"floor":9,"key":"Ancient Tea Set"},{"floor":11,"key":"Boot"},{"floor":21,"key":"Mango"},{"floor":21,"key":"Molten Egg 2"}],"event_choices":[{"event_name":"Golden Idol","player_choice":"Lose Max HP","floor":5,"damage_taken":0},{"event_name":"The Woman in Blue","player_choice":"Bought 1 Potion","floor":13,"damage_taken":0},{"event_name":"Back to Basics","player_choice":"Simplicity","floor":19,"damage_taken":0},{"event_name":"Colosseum","player_choice":"Fight","floor":21,"damage_taken":0},{"event_name":"Colosseum","player_choice":"Fought Nobs","floor":21,"damage_taken":0},{"event_name":"Accursed Blacksmith","player_choice":"Forge","floor":22,"damage_taken":0}],"is_beta":false,"boss_relics":[{"not_picked":["Tiny House","Snecko Eye"],"picked":"Busted Crown"}],"items_purged_floors":[4],"is_endless":false,"potions_floor_spawned":[2,7,11,16,18],"killed_by":"Book of Stabbing","ascension_level":1}