{"gold_per_floor":[18,38,3,3,18,49,49,77,103,117,117,135,60,75,75,75],"floor_reached":16,"playtime":789,"items_purged":["Defend_B"],"score":112,"play_id":"bce15986-ca6f-4813-baec-caa8cd562184","local_time":"20180709094637","is_ascension_mode":false,"campfire_choices":[{"data":"Double Energy","floor":7,"key":"SMITH"},{"floor":11,"key":"REST"},{"data":"Biased Cognition","floor":15,"key":"SMITH"}],"neow_cost":"NO_GOLD","seed_source_timestamp":1583313618597463,"circlet_count":0,"master_deck":["Strike_B","Strike_B","Strike_B","Strike_B","Defend_B","Defend_B","Defend_B","Double Energy+1","Coolheaded","Go for the Eyes","Biased Cognition+1","Cold Snap","Ball Lightning"],"relics":["Cracked Core","Singing Bowl","Dream Catcher","Art of War"],"potions_floor_usage":[16,16],"damage_taken":[{"damage":1,"enemies":"2 Louse","floor":1,"turns":3},{"damage":5,"enemies":"Jaw Worm","floor":2,"turns":4},{"damage":0,"enemies":"Cultist","floor":5,"turns":5},{"damage":10,"enemies":"3 Sentries","floor":6,"turns":11},{"damage":34,"enemies":"Gremlin Nob","floor":8,"turns":6},{"damage":1,"enemies":"Gremlin Gang","floor":10,"turns":8},{"damage":5,"enemies":"Blue Slaver","floor":12,"turns":2},{"damage":1,"enemies":"Looter","floor":14,"turns":3},{"damage":77,"enemies":"The Guardian","floor":16,"turns":11}],"seed_played":"-3198899694941355633","potions_obtained":[{"floor":5,"key":"GamblersBrew"},{"floor":10,"key":"Swift Potion"}],"is_trial":false,"path_per_floor":["M","M","?","?","M","E","R","E","T","M","R","M","$","M","R"],"character_chosen":"DEFECT","items_purchased":[],"campfire_rested":1,"item_purchase_floors":[],"current_hp_per_floor":[74,69,75,75,75,65,65,31,31,32,55,52,52,53,53,0],"gold":75,"neow_bonus":"TRANSFORM_TWO_CARDS","is_prod":false,"is_daily":false,"chose_seed":false,"campfire_upgraded":2,"win_rate":0.0,"timestamp":1531143997,"path_taken":["M","M","?","?","M","E","R","E","T","M","R","M","$","M","R","BOSS"],"build_version":"2018-07-05","purchased_purges":1,"victory":false,"max_hp_per_floor":[75,75,75,75,75,75,75,75,75,77,77,79,79,81,81,81],"card_choices":[{"not_picked":["Ball Lightning","Undo"],"picked":"Coolheaded","floor":1},{"not_picked":["Reprogram","Barrage"],"picked":"Go for the Eyes","floor":2},{"not_picked":["Sweeping Beam","Coolheaded","Rip and Tear"],"picked":"SKIP","floor":5},{"not_picked":["Loop","Fusion"],"picked":"Biased Cognition","floor":6},{"not_picked":["Rebound","Undo"],"picked":"Cold Snap","floor":8},{"not_picked":["Capacitor","Barrage","Coolheaded"],"picked":"Singing Bowl","floor":10},{"not_picked":["Chaos","Storm"],"picked":"Ball Lightning","floor":11},{"not_picked":["Redo","Stack","Barrage"],"picked":"Singing Bowl","floor":12},{"not_picked":["Sunder","Cold Snap","Recycle"],"picked":"Singing Bowl","floor":14}],"player_experience":135825,"relics_obtained":[{"floor":6,"key":"Singing Bowl"},{"floor":8,"key":"Dream Catcher"},{"floor":9,"key":"Art of War"}],"event_choices":[{"event_name":"The Cleric","player_choice":"Healed","floor":3,"damage_taken":0},{"event_name":"Purifier","player_choice":"One Purge","floor":4,"damage_taken":0}],"boss_relics":[],"items_purged_floors":[13],"is_endless":false,"potions_floor_spawned":[5,10],"killed_by":"The Guardian","ascension_level":0}