{"gold_per_floor":[118,43,53,69,83,114,133,162,188,188,206,206,240,240,240,337,337,353,253,267,66,80,80,80,80,80,5,20,20,20,33,33,134,134,150,0,0],"floor_reached":37,"playtime":1636,"items_purged":["Defend_G","Normality","Defend_G","Writhe"],"score":414,"play_id":"a20208e0-9851-47d1-bed0-2a41d5545af6","local_time":"20180707023538","is_ascension_mode":false,"campfire_choices":[{"floor":10,"key":"REST"},{"floor":12,"key":"REST"},{"floor":15,"key":"REST"},{"floor":23,"key":"REST"},{"data":"Accuracy","floor":25,"key":"SMITH"},{"floor":32,"key":"REST"}],"neow_cost":"","seed_source_timestamp":1383800373893572,"circlet_count":0,"master_deck":["Defend_G","Defend_G","Survivor","Neutralize","Blade Dance","Infinite Blades","Terror","Adrenaline","A Thousand Cuts","Blade Dance","A Thousand Cuts","Prepared","Backstab","Accuracy+1","Bite","Bite","Bite","Bite","Bite","A Thousand Cuts"],"relics":["Ring of the Snake","Strawberry","Regal Pillow","Oddly Smooth Stone","Pen Nib","Runic Dome","Nloth\u0027s Gift","Dodecahedron","Bag of Marbles","Philosopher\u0027s Stone"],"potions_floor_usage":[6,13,16,16,37,37],"damage_taken":[{"damage":0,"enemies":"Jaw Worm","floor":1,"turns":4},{"damage":0,"enemies":"Cultist","floor":3,"turns":3},{"damage":5,"enemies":"Small Slimes","floor":4,"turns":4},{"damage":9,"enemies":"3 Louse","floor":5,"turns":5},{"damage":26,"enemies":"3 Sentries","floor":6,"turns":10},{"damage":16,"enemies":"Lots of Slimes","floor":7,"turns":4},{"damage":16,"enemies":"Gremlin Nob","floor":8,"turns":4},{"damage":20,"enemies":"Looter","floor":11,"turns":3},{"damage":22,"enemies":"Lagavulin","floor":13,"turns":4},{"damage":45,"enemies":"The Guardian","floor":16,"turns":14},{"damage":32,"enemies":"3 Byrds","floor":18,"turns":4},{"damage":4,"enemies":"Shell Parasite","floor":20,"turns":5},{"damage":14,"enemies":"Centurion and Healer","floor":22,"turns":5},{"damage":10,"enemies":"Cultist and Chosen","floor":28,"turns":4},{"damage":21,"enemies":"Snake Plant","floor":31,"turns":3},{"damage":16,"enemies":"Automaton","floor":33,"turns":6},{"damage":15,"enemies":"Orb Walker","floor":35,"turns":3},{"damage":58,"floor":37,"turns":3}],"seed_played":"-948196659795658662","potions_obtained":[{"floor":1,"key":"Weak Potion"},{"floor":7,"key":"Dexterity Potion"},{"floor":8,"key":"Fire Potion"},{"floor":13,"key":"Dexterity Potion"},{"floor":18,"key":"Poison Potion"},{"floor":20,"key":"Swift Potion"},{"floor":28,"key":"SkillPotion"},{"floor":33,"key":"Fire Potion"}],"is_trial":false,"path_per_floor":["M","$","M","M","M","E","M","E","T","R","M","R","E","?","R","B",null,"M","$","M","$","M","R","?","R","T","?","M","?","?","M","R","B",null,"M","$"],"character_chosen":"THE_SILENT","items_purchased":["Accuracy"],"campfire_rested":5,"item_purchase_floors":[21],"current_hp_per_floor":[70,70,70,65,56,37,21,5,5,43,23,61,39,39,77,32,77,45,45,41,41,27,65,65,65,65,65,55,55,53,36,53,50,53,44,44,0],"gold":0,"neow_bonus":"","is_prod":false,"is_daily":false,"chose_seed":false,"campfire_upgraded":1,"win_rate":0.0,"timestamp":1530945338,"path_taken":["M","$","M","M","M","E","M","E","T","R","M","R","E","?","R","BOSS","M","$","M","$","M","R","?","R","T","?","M","?","?","M","R","BOSS","M","$","?"],"build_version":"2018-07-05","purchased_purges":4,"victory":false,"max_hp_per_floor":[70,70,70,70,70,77,77,77,77,77,77,77,77,77,77,77,77,77,77,77,77,77,77,77,77,77,77,77,77,53,53,53,53,53,53,53,53],"card_choices":[{"not_picked":["Eviscerate","PiercingWail"],"picked":"Blade Dance","floor":1},{"not_picked":["PiercingWail","Expertise"],"picked":"Infinite Blades","floor":3},{"not_picked":["Slice","Poisoned Stab","Bane"],"picked":"SKIP","floor":4},{"not_picked":["Backflip","Distraction"],"picked":"Terror","floor":5},{"not_picked":["Sucker Punch","Dash"],"picked":"Adrenaline","floor":6},{"not_picked":["Crippling Poison","Prepared","Choke"],"picked":"SKIP","floor":7},{"not_picked":["Sucker Punch","Deadly Poison"],"picked":"A Thousand Cuts","floor":8},{"not_picked":["Deflect","Skewer"],"picked":"Blade Dance","floor":11},{"not_picked":["Infinite Blades","Terror","Riddle With Holes"],"picked":"SKIP","floor":13},{"not_picked":["Die Die Die","Corpse Explosion"],"picked":"A Thousand Cuts","floor":16},{"not_picked":["Dodge and Roll","Poisoned Stab"],"picked":"Prepared","floor":18},{"not_picked":["Dagger Throw","Heel Hook"],"picked":"Backstab","floor":20},{"not_picked":["Dagger Throw","Prepared","Crippling Poison"],"picked":"SKIP","floor":22},{"not_picked":["Dagger Throw","Deadly Poison+1","Dodge and Roll"],"picked":"SKIP","floor":28},{"not_picked":["Deadly Poison","Backflip","Dagger Throw"],"picked":"SKIP","floor":31},{"not_picked":["Bullet Time","Glass Knife"],"picked":"A Thousand Cuts","floor":33},{"not_picked":["Underhanded Strike","Malaise","Heel Hook"],"picked":"SKIP","floor":35}],"player_experience":109315,"relics_obtained":[{"floor":6,"key":"Strawberry"},{"floor":8,"key":"Regal Pillow"},{"floor":9,"key":"Oddly Smooth Stone"},{"floor":13,"key":"Pen Nib"},{"floor":26,"key":"Dodecahedron"}],"event_choices":[{"event_name":"Accursed Blacksmith","player_choice":"Rummage","floor":14,"damage_taken":0},{"event_name":"N\u0027loth","player_choice":"Traded a Ancient Tea Set","floor":24,"damage_taken":0},{"event_name":"Beggar","player_choice":"Gave Gold","floor":27,"damage_taken":0},{"event_name":"The Mausoleum","player_choice":"Yes","floor":29,"damage_taken":0},{"event_name":"Vampires","player_choice":"Became a vampire","floor":30,"damage_taken":0},{"event_name":"Mysterious Sphere","player_choice":"Fight","floor":37,"damage_taken":0}],"boss_relics":[{"not_picked":["Ectoplasm","Calling Bell"],"picked":"Runic Dome"},{"not_picked":["Coffee Dripper","Cursed Key"],"picked":"Philosopher\u0027s Stone"}],"items_purged_floors":[2,19,21,36],"is_endless":false,"potions_floor_spawned":[1,7,8,13,18,20,28,33],"ascension_level":0}