{"gold_per_floor":[114,127,147,160,174,205,205,224,224,241,261,296,310,329,329,424,424,444,457,469,345,379,379,379,395,395,395,395,150,164,174,174,272,272,291,86,106,124,172,172,172,172,172,182,282,132,142,157,157,157,157,157,1,29,29],"floor_reached":56,"playtime":4036,"items_purged":["Strike_R","Bash","Defend_R","Decay"],"score":1244,"play_id":"c4adfe66-1bef-47f5-81ef-98860c4907ec","local_time":"20190316133452","is_ascension_mode":false,"campfire_choices":[{"data":"Uppercut","floor":7,"key":"SMITH"},{"data":"True Grit","floor":15,"key":"SMITH"},{"floor":23,"key":"REST"},{"data":"Barricade","floor":27,"key":"SMITH"},{"data":"Body Slam","floor":32,"key":"SMITH"},{"data":"Flame Barrier","floor":40,"key":"SMITH"},{"data":"Impervious","floor":42,"key":"SMITH"},{"floor":49,"key":"RECALL"},{"data":"Impervious","floor":52,"key":"SMITH"}],"neow_cost":"NONE","seed_source_timestamp":5332148628300,"circlet_count":0,"master_deck":["Defend_R","Defend_R","Defend_R","Offering","Ghostly Armor","Sword Boomerang","Sword Boomerang","Uppercut+1","True Grit+1","Sword Boomerang","Barricade+1","Battle Trance","Spot Weakness","Shrug It Off","True Grit+1","Bite","Bite","Bite","Bite","Bite","Entrench+1","Impervious+1","Shrug It Off","Body Slam+1","Brutality","Flame Barrier+1","Shrug It Off","Impervious+1","Armaments+1"],"relics":["Burning Blood","Paper Frog","Vajra","Oddly Smooth Stone","Cursed Key","Red Mask","Coffee Dripper","Thread and Needle","Nunchaku","Bag of Preparation","Art of War"],"potions_floor_usage":[16,22,39,55,55],"damage_taken":[{"damage":3,"enemies":"Jaw Worm","floor":1,"turns":4},{"damage":6,"enemies":"2 Louse","floor":2,"turns":2},{"damage":6,"enemies":"Cultist","floor":3,"turns":3},{"damage":11,"enemies":"Exordium Wildlife","floor":4,"turns":5},{"damage":6,"enemies":"2 Fungi Beasts","floor":5,"turns":4},{"damage":32,"enemies":"3 Sentries","floor":6,"turns":10},{"damage":6,"enemies":"Large Slime","floor":8,"turns":4},{"damage":0,"enemies":"Looter","floor":10,"turns":3},{"damage":8,"enemies":"2 Fungi Beasts","floor":11,"turns":3},{"damage":22,"enemies":"Gremlin Nob","floor":12,"turns":3},{"damage":0,"enemies":"3 Louse","floor":13,"turns":3},{"damage":10,"enemies":"Exordium Wildlife","floor":14,"turns":5},{"damage":11,"enemies":"Slime Boss","floor":16,"turns":7},{"damage":24,"enemies":"2 Thieves","floor":18,"turns":4},{"damage":10,"enemies":"Chosen","floor":19,"turns":2},{"damage":33,"enemies":"Sentry and Sphere","floor":20,"turns":6},{"damage":20,"enemies":"Masked Bandits","floor":22,"turns":4},{"damage":21,"enemies":"Snake Plant","floor":25,"turns":3},{"damage":9,"enemies":"Centurion and Healer","floor":30,"turns":21},{"damage":6,"enemies":"Cultist and Chosen","floor":31,"turns":5},{"damage":6,"enemies":"Champ","floor":33,"turns":10},{"damage":3,"enemies":"3 Shapes","floor":35,"turns":6},{"damage":0,"enemies":"Orb Walker","floor":37,"turns":4},{"damage":13,"enemies":"Sphere and 2 Shapes","floor":38,"turns":9},{"damage":13,"enemies":"2 Orb Walkers","floor":39,"turns":5},{"damage":0,"enemies":"Transient","floor":44,"turns":5},{"damage":17,"enemies":"Mind Bloom Boss Battle","floor":45,"turns":9},{"damage":23,"enemies":"3 Darklings","floor":47,"turns":5},{"damage":6,"enemies":"Writhing Mass","floor":48,"turns":7},{"damage":6,"enemies":"Time Eater","floor":50,"turns":8},{"damage":12,"enemies":"Shield and Spear","floor":54,"turns":6},{"damage":32,"enemies":"The Heart","floor":55,"turns":14}],"seed_played":"-5394758323248969735","potions_obtained":[{"floor":1,"key":"Regen Potion"},{"floor":5,"key":"Ancient Potion"},{"floor":6,"key":"GamblersBrew"},{"floor":20,"key":"SpeedPotion"},{"floor":25,"key":"Ancient Potion"},{"floor":35,"key":"EssenceOfSteel"},{"floor":39,"key":"Weak Potion"}],"is_trial":false,"path_per_floor":["?","?","T","$","$","?","?","?"],"character_chosen":"IRONCLAD","items_purchased":["Shrug It Off","Impervious","Flame Barrier","Bag of Preparation"],"campfire_rested":1,"item_purchase_floors":[21,29,36,53],"current_hp_per_floor":[80,80,80,75,75,49,49,49,49,55,53,37,43,39,39,49,80,62,58,31,31,17,41,41,32,32,32,32,32,56,56,56,56,56,56,56,56,56,56,56,46,46,46,56,56,56,47,56,56,56,56,56,56,56,50],"gold":29,"neow_bonus":"ONE_RANDOM_RARE_CARD","is_prod":false,"is_daily":false,"chose_seed":false,"campfire_upgraded":7,"win_rate":0,"timestamp":1552757692,"path_taken":["M","M","M","M","M","E","R","M","T","M","M","E","M","M","R","BOSS","M","M","M","$","?","R","?","M","T","R","?","?","M","M","R","BOSS","M","?","M","M","?","R","?","R","T","M","?","$","M","M","R","BOSS","R","$","E","BOSS"],"build_version":"2019-01-23","purchased_purges":4,"victory":true,"max_hp_per_floor":[80,80,80,80,80,80,80,80,80,80,80,80,80,80,80,80,80,80,80,80,80,80,80,56,56,56,56,56,56,56,56,56,56,56,56,56,56,56,56,56,56,56,56,56,56,56,56,56,56,56,56,56,56,56,56],"card_choices":[{"not_picked":["Evolve","Thunderclap"],"picked":"Ghostly Armor","floor":1},{"not_picked":["Cleave","Armaments","Havoc"],"picked":"SKIP","floor":2},{"not_picked":["Second Wind","Pommel Strike"],"picked":"Sword Boomerang","floor":3},{"not_picked":["Anger","Dual Wield"],"picked":"Sword Boomerang","floor":4},{"not_picked":["Infernal Blade","Heavy Blade"],"picked":"Uppercut","floor":5},{"not_picked":["Perfected Strike","Sever Soul"],"picked":"True Grit","floor":6},{"not_picked":["Intimidate","Warcry","Armaments"],"picked":"SKIP","floor":8},{"not_picked":["Heavy Blade","Anger","Second Wind"],"picked":"SKIP","floor":10},{"not_picked":["Dark Embrace","Heavy Blade"],"picked":"Sword Boomerang","floor":11},{"not_picked":["Clash","Twin Strike","Seeing Red"],"picked":"SKIP","floor":12},{"not_picked":["Twin Strike","Perfected Strike","Dark Embrace"],"picked":"SKIP","floor":13},{"not_picked":["True Grit","Headbutt","Sentinel"],"picked":"SKIP","floor":14},{"not_picked":["Reaper","Feed"],"picked":"Barricade","floor":16},{"not_picked":["Sentinel","Clothesline"],"picked":"Battle Trance","floor":18},{"not_picked":["Warcry","Heavy Blade+1","Perfected Strike"],"picked":"SKIP","floor":19},{"not_picked":["Perfected Strike","Twin Strike"],"picked":"Spot Weakness","floor":20},{"not_picked":["Wild Strike","Sword Boomerang"],"picked":"True Grit+1","floor":22},{"not_picked":["True Grit+1","Pommel Strike"],"picked":"Entrench+1","floor":25},{"not_picked":["Pommel Strike","Carnage"],"picked":"Shrug It Off","floor":30},{"not_picked":["Reaper","Armaments+1"],"picked":"Body Slam","floor":31},{"not_picked":["Reaper","Double Tap"],"picked":"Brutality","floor":33},{"not_picked":["Armaments","Reckless Charge+1","Wild Strike+1"],"picked":"SKIP","floor":35},{"not_picked":["Twin Strike","Battle Trance","Heavy Blade+1"],"picked":"SKIP","floor":37},{"not_picked":["True Grit+1","Infernal Blade"],"picked":"Shrug It Off","floor":38},{"not_picked":["Flex","Rage"],"picked":"Impervious","floor":39},{"not_picked":["Warcry+1","Rampage+1","Fire Breathing"],"picked":"SKIP","floor":44},{"not_picked":["Flex","Evolve","Seeing Red"],"picked":"SKIP","floor":47},{"not_picked":["True Grit+1","Shockwave","Rampage+1"],"picked":"SKIP","floor":48},{"not_picked":["Double Tap","Carnage+1"],"picked":"Armaments+1","floor":54}],"player_experience":184913,"relics_obtained":[{"floor":6,"key":"Paper Frog"},{"floor":9,"key":"Vajra"},{"floor":12,"key":"Oddly Smooth Stone"},{"floor":22,"key":"Red Mask"},{"floor":39,"key":"Thread and Needle"},{"floor":45,"key":"Nunchaku"},{"floor":54,"key":"Art of War"}],"event_choices":[{"damage_healed":0,"gold_gain":0,"player_choice":"Fought Bandits","damage_taken":0,"max_hp_gain":0,"max_hp_loss":0,"event_name":"Masked Bandits","floor":22,"gold_loss":0},{"damage_healed":0,"gold_gain":0,"player_choice":"Became a vampire","damage_taken":0,"max_hp_gain":0,"max_hp_loss":24,"event_name":"Vampires","floor":24,"gold_loss":0,"cards_obtained":["Bite","Bite","Bite","Bite","Bite"]},{"damage_healed":0,"gold_gain":0,"player_choice":"Fight","damage_taken":0,"max_hp_gain":0,"max_hp_loss":0,"event_name":"Mysterious Sphere","floor":39,"gold_loss":0},{"damage_healed":0,"gold_gain":0,"player_choice":"Memory 3","damage_taken":10,"max_hp_gain":0,"max_hp_loss":0,"event_name":"SensoryStone","floor":41,"gold_loss":0},{"damage_healed":0,"gold_gain":0,"player_choice":"Fight","damage_taken":0,"max_hp_gain":0,"max_hp_loss":0,"event_name":"MindBloom","floor":45,"gold_loss":0}],"is_beta":false,"boss_relics":[{"not_picked":["Tiny House","White Beast Statue"],"picked":"Cursed Key"},{"not_picked":["Astrolabe","Mark of Pain"],"picked":"Coffee Dripper"}],"items_purged_floors":[21,29,36,46],"is_endless":false,"potions_floor_spawned":[1,5,6,8,11,13,20,25,31,35,38,39,44,45,54],"ascension_level":0}