{"gold_per_floor":[113,133,153,166,70,70,105,105,130,160,35,50,77,90,90,189,189,208,123,143,26,36,64,64],"floor_reached":24,"playtime":960,"items_purged":["Strike_G"],"score":250,"play_id":"5aa2357f-ed6c-46b6-ad77-d1da1bd95610","local_time":"20190328001323","is_ascension_mode":true,"campfire_choices":[{"data":"Sucker Punch","floor":6,"key":"SMITH"},{"data":"Dagger Spray","floor":8,"key":"SMITH"},{"floor":15,"key":"REST"}],"neow_cost":"TEN_PERCENT_HP_LOSS","seed_source_timestamp":8126264355914349,"circlet_count":0,"master_deck":["Defend_G","Defend_G","Defend_G","Defend_G","Defend_G","Strike_G","Strike_G","Strike_G","Strike_G","Survivor","Neutralize","Flying Knee","Blade Dance","Sucker Punch+1","Dagger Spray+1","Blade Dance","Backstab","Backflip","Deadly Poison","Noxious Fumes","Burst","Adrenaline","Backflip","Predator"],"relics":["Ring of the Snake","StoneCalendar","Bag of Preparation","Orichalcum","Smiling Mask","HoveringKite","Oddly Smooth Stone","Blood Vial"],"potions_floor_usage":[7,7,7,16,20,23,23,23],"damage_taken":[{"damage":0,"enemies":"Small Slimes","floor":1,"turns":4},{"damage":1,"enemies":"2 Louse","floor":2,"turns":3},{"damage":0,"enemies":"Cultist","floor":3,"turns":4},{"damage":6,"enemies":"Exordium Wildlife","floor":4,"turns":7},{"damage":17,"enemies":"Lagavulin","floor":7,"turns":7},{"damage":11,"enemies":"3 Sentries","floor":10,"turns":5},{"damage":3,"enemies":"Large Slime","floor":12,"turns":3},{"damage":6,"enemies":"Gremlin Nob","floor":13,"turns":3},{"damage":1,"enemies":"Blue Slaver","floor":14,"turns":2},{"damage":20,"enemies":"The Guardian","floor":16,"turns":9},{"damage":23,"enemies":"2 Thieves","floor":18,"turns":4},{"damage":0,"enemies":"3 Byrds","floor":20,"turns":3},{"damage":22,"enemies":"Snake Plant","floor":22,"turns":4},{"damage":12,"enemies":"Book of Stabbing","floor":23,"turns":5},{"damage":0,"enemies":"Cultist and Chosen","floor":24,"turns":1}],"seed_played":"4940335567633642869","potions_obtained":[{"floor":2,"key":"EssenceOfSteel"},{"floor":3,"key":"Weak Potion"},{"floor":7,"key":"Swift Potion"},{"floor":12,"key":"Explosive Potion"},{"floor":16,"key":"PowerPotion"},{"floor":22,"key":"EssenceOfSteel"}],"is_trial":false,"path_per_floor":["M","M","M","M","$","R","E","R","T","E","$","M","E","M","R","B",null,"M","?","M","$","M","E","M"],"character_chosen":"THE_SILENT","items_purchased":["SteroidPotion","Blade Dance","Backflip","Predator","PowerPotion"],"campfire_rested":1,"item_purchase_floors":[5,5,11,21,21],"current_hp_per_floor":[63,62,62,56,56,56,39,39,39,28,28,25,19,18,36,16,63,40,40,40,40,18,6,8],"gold":64,"neow_bonus":"ONE_RARE_RELIC","is_prod":false,"is_daily":false,"chose_seed":false,"campfire_upgraded":2,"win_rate":0,"timestamp":1553746403,"path_taken":["M","M","M","M","$","R","E","R","T","E","$","M","E","M","R","BOSS","M","?","M","$","M","E","M"],"build_version":"2019-01-23","purchased_purges":1,"victory":false,"max_hp_per_floor":[63,63,63,63,63,63,63,63,63,63,63,63,63,63,63,63,63,63,63,63,63,63,63,63],"card_choices":[{"not_picked":["Prepared","PiercingWail"],"picked":"Flying Knee","floor":1},{"not_picked":["Slice","Blur"],"picked":"Blade Dance","floor":2},{"not_picked":["Dodge and Roll","Quick Slash"],"picked":"Sucker Punch","floor":3},{"not_picked":["Bane","Acrobatics"],"picked":"Dagger Spray","floor":4},{"not_picked":["Flechettes","Sucker Punch"],"picked":"Backstab","floor":7},{"not_picked":["Endless Agony","Outmaneuver","Dagger Spray"],"picked":"SKIP","floor":10},{"not_picked":["Infinite Blades","Acrobatics"],"picked":"Deadly Poison","floor":12},{"not_picked":["Riddle With Holes","Distraction"],"picked":"Noxious Fumes","floor":13},{"not_picked":["Quick Slash","Dagger Throw"],"picked":"Burst","floor":14},{"not_picked":["Unload","Malaise"],"picked":"Adrenaline","floor":16},{"not_picked":["Deadly Poison","Outmaneuver+1","Slice"],"picked":"SKIP","floor":18},{"not_picked":["Expertise","Dagger Throw+1"],"picked":"Backflip","floor":20},{"not_picked":["Prepared","Deadly Poison","Endless Agony"],"picked":"SKIP","floor":22},{"not_picked":["Underhanded Strike","Poisoned Stab","Deflect"],"picked":"SKIP","floor":23}],"player_experience":564566,"relics_obtained":[{"floor":7,"key":"Bag of Preparation"},{"floor":10,"key":"Orichalcum"},{"floor":13,"key":"Smiling Mask"},{"floor":23,"key":"Blood Vial"}],"event_choices":[{"damage_healed":0,"gold_gain":0,"player_choice":"Obtained Relic","damage_taken":0,"relics_obtained":["Oddly Smooth Stone"],"max_hp_gain":0,"max_hp_loss":0,"event_name":"Addict","floor":19,"gold_loss":85}],"is_beta":false,"boss_relics":[{"not_picked":["Ectoplasm","Eternal Feather"],"picked":"HoveringKite"}],"items_purged_floors":[11],"is_endless":false,"potions_floor_spawned":[2,3,7,12,16,22],"killed_by":"Cultist and Chosen","ascension_level":1}