{"gold_per_floor":[20,195,213,288,145,145,178,178,178,178,208,226,226,243,243,348,348,364,384,137,187,187,187,187,201,224,224,249,268,268,282,282,282],"floor_reached":33,"playtime":1224,"items_purged":["Doubt","Parasite"],"score":263,"play_id":"25c728c6-6402-4feb-9192-7ab5f6450085","local_time":"20180711100532","is_ascension_mode":false,"campfire_choices":[{"data":"Cloak And Dagger","floor":6,"key":"SMITH"},{"data":"Accuracy","floor":8,"key":"SMITH"},{"floor":15,"key":"REST"},{"floor":23,"key":"REST"},{"floor":27,"key":"REST"},{"data":"Cloak And Dagger","floor":32,"key":"SMITH"}],"neow_cost":"NO_GOLD","seed_source_timestamp":6521438917257,"circlet_count":0,"master_deck":["Defend_G","Defend_G","Defend_G","Defend_G","Strike_G","Strike_G","Strike_G","Strike_G","Strike_G","Survivor","Neutralize","Glass Knife","Quick Slash","Cloak And Dagger+1","Accuracy+1","Cloak And Dagger+1","Backflip","Footwork+1","Accuracy+1","Prepared+1"],"relics":["Ring of the Snake","Bottled Tornado","Ninja Scroll","Philosopher\u0027s Stone","Vajra","Nilry\u0027s Codex","Letter Opener","Singing Bowl","Strawberry"],"potions_floor_usage":[16,16,16,16,16,33,33,33],"damage_taken":[{"damage":10,"enemies":"Jaw Worm","floor":1,"turns":5},{"damage":1,"enemies":"Small Slimes","floor":3,"turns":3},{"damage":14,"enemies":"Gremlin Nob","floor":7,"turns":4},{"damage":0,"enemies":"2 Louse","floor":12,"turns":1},{"damage":0,"enemies":"Lots of Slimes","floor":14,"turns":3},{"damage":28,"enemies":"Slime Boss","floor":16,"turns":10},{"damage":23,"enemies":"3 Byrds","floor":18,"turns":4},{"damage":8,"enemies":"2 Thieves","floor":19,"turns":3},{"damage":14,"enemies":"Chosen and Byrds","floor":25,"turns":4},{"damage":29,"enemies":"Book of Stabbing","floor":28,"turns":5},{"damage":11,"enemies":"Snake Plant","floor":29,"turns":4},{"damage":0,"enemies":"Snecko","floor":31,"turns":4},{"damage":47,"enemies":"Automaton","floor":33,"turns":6}],"seed_played":"5367171732204877879","potions_obtained":[{"floor":1,"key":"Explosive Potion"},{"floor":12,"key":"EntropicBrew"},{"floor":19,"key":"Dexterity Potion"},{"floor":29,"key":"Strength Potion"},{"floor":31,"key":"LiquidBronze"}],"is_trial":false,"path_per_floor":["M","?","M","?","$","R","E","R","T","?","?","M","?","M","R","B",null,"M","M","$","?","?","R","T","M","T","R","E","M","?","M","R"],"character_chosen":"THE_SILENT","items_purchased":["Accuracy","Vajra"],"campfire_rested":3,"item_purchase_floors":[5,20],"current_hp_per_floor":[60,60,59,52,52,52,38,38,38,31,31,31,48,48,69,41,70,47,39,39,39,23,43,43,29,29,49,29,18,43,43,43,0],"gold":282,"neow_bonus":"THREE_RARE_CARDS","is_prod":false,"is_daily":false,"chose_seed":false,"campfire_upgraded":3,"win_rate":0,"timestamp":1531317932,"path_taken":["M","?","M","?","$","R","E","R","T","?","?","?","?","M","R","BOSS","M","M","$","?","?","R","?","?","T","R","E","M","?","M","R","BOSS"],"build_version":"2018-07-05","purchased_purges":2,"victory":false,"max_hp_per_floor":[70,70,70,70,70,70,70,70,70,70,70,70,70,70,70,70,70,70,70,67,67,67,67,67,67,67,67,76,76,76,76,76,76],"card_choices":[{"not_picked":["Corpse Explosion","After Image"],"picked":"Glass Knife","floor":0},{"not_picked":["Concentrate","Leg Sweep"],"picked":"Quick Slash","floor":1},{"not_picked":["Backflip","Flechettes"],"picked":"Cloak And Dagger","floor":3},{"not_picked":["Prepared","Dodge and Roll","Slice"],"picked":"SKIP","floor":7},{"not_picked":["PiercingWail","Flechettes"],"picked":"Cloak And Dagger","floor":12},{"not_picked":["Deflect","Poisoned Stab","Dagger Spray"],"picked":"SKIP","floor":14},{"not_picked":["Sucker Punch","Prepared"],"picked":"Backflip","floor":18},{"not_picked":["PiercingWail","Skewer"],"picked":"Footwork+1","floor":19},{"not_picked":["Slice+1","Escape Plan+1","Phantasmal Killer"],"picked":"SKIP","floor":25},{"not_picked":["Riddle With Holes","Dodge and Roll+1","Eviscerate"],"picked":"Singing Bowl","floor":28},{"not_picked":["Footwork+1","Dagger Throw"],"picked":"Accuracy+1","floor":29},{"not_picked":["Flechettes+1","Dagger Spray"],"picked":"Prepared+1","floor":31}],"player_experience":207035,"relics_obtained":[{"floor":7,"key":"Bottled Tornado"},{"floor":9,"key":"Ninja Scroll"},{"floor":22,"key":"Nilry\u0027s Codex"},{"floor":24,"key":"Letter Opener"},{"floor":26,"key":"Singing Bowl"},{"floor":28,"key":"Strawberry"}],"event_choices":[{"event_name":"Liars Game","player_choice":"agreed","floor":2,"damage_taken":0},{"event_name":"FaceTrader","player_choice":"Touch","floor":4,"damage_taken":0},{"event_name":"Golden Wing","player_choice":"Card Removal","floor":10,"damage_taken":0},{"event_name":"Dead Adventurer","player_choice":"Searched \u00271\u0027 times","floor":11,"damage_taken":0},{"event_name":"Mushrooms","player_choice":"Healed and dodged fight","floor":13,"damage_taken":0},{"event_name":"The Joust","player_choice":"Bet on Murderer","floor":21,"damage_taken":0},{"event_name":"Cursed Tome","player_choice":"Obtained Book","floor":22,"damage_taken":0},{"event_name":"The Library","player_choice":"Heal","floor":30,"damage_taken":0}],"boss_relics":[{"not_picked":["White Beast Statue","Sozu"],"picked":"Philosopher\u0027s Stone"}],"items_purged_floors":[5,20],"is_endless":false,"potions_floor_spawned":[1,12,19,29,31],"killed_by":"Automaton","ascension_level":0}