{"gold_per_floor":[118,138,39,39,54,54,74,74,74,101,161,161,161],"floor_reached":13,"playtime":732,"items_purged":["Shame"],"score":95,"play_id":"6e58930d-9e6e-4f71-8664-610f7e32d3b3","local_time":"20190326093119","is_ascension_mode":true,"campfire_choices":[{"data":"Thunderclap","floor":6,"key":"SMITH"},{"floor":8,"key":"REST"},{"data":"Sword Boomerang","floor":12,"key":"SMITH"}],"neow_cost":"CURSE","seed_source_timestamp":7987163839951964,"circlet_count":0,"master_deck":["Strike_R","Strike_R","Strike_R","Strike_R","Defend_R","Defend_R","Defend_R","Bash","Shrug It Off","Limit Break","Pommel Strike","Flex","Thunderclap+1","Sword Boomerang+1"],"relics":["Burning Blood","Unceasing Top","Meat on the Bone","Letter Opener","Centennial Puzzle"],"potions_floor_usage":[10,11,11],"damage_taken":[{"damage":20,"enemies":"Jaw Worm","floor":1,"turns":5},{"damage":17,"enemies":"2 Louse","floor":2,"turns":5},{"damage":7,"enemies":"Small Slimes","floor":5,"turns":3},{"damage":21,"enemies":"Blue Slaver","floor":7,"turns":4},{"damage":27,"enemies":"Gremlin Nob","floor":10,"turns":4},{"damage":22,"enemies":"Gremlin Nob","floor":11,"turns":3},{"damage":0,"enemies":"Large Slime","floor":13,"turns":1}],"seed_played":"780192289975481024","potions_obtained":[{"floor":2,"key":"Poison Potion"},{"floor":7,"key":"PowerPotion"},{"floor":10,"key":"PowerPotion"}],"is_trial":false,"path_per_floor":["M","M","$","?","M","R","M","R","T","E","?","R","M"],"character_chosen":"IRONCLAD","items_purchased":["Flex"],"campfire_rested":1,"item_purchase_floors":[3],"current_hp_per_floor":[66,55,55,37,36,36,21,45,45,36,32,32,32],"gold":161,"neow_bonus":"TRANSFORM_TWO_CARDS","is_prod":false,"is_daily":false,"chose_seed":false,"campfire_upgraded":2,"win_rate":0,"timestamp":1553607079,"path_taken":["M","M","$","?","M","R","M","R","T","E","?","R","M"],"build_version":"2019-01-23","purchased_purges":1,"victory":false,"max_hp_per_floor":[80,80,80,80,80,80,80,80,80,80,80,80,80],"card_choices":[{"not_picked":["Uppercut","Power Through","Clothesline"],"picked":"SKIP","floor":1},{"not_picked":["Clash","Anger"],"picked":"Pommel Strike","floor":2},{"not_picked":["Anger","Dark Embrace"],"picked":"Thunderclap","floor":5},{"not_picked":["Iron Wave","Clothesline","Havoc"],"picked":"SKIP","floor":7},{"not_picked":["Double Tap","Perfected Strike","Shrug It Off"],"picked":"SKIP","floor":10},{"not_picked":["Uppercut","Perfected Strike"],"picked":"Sword Boomerang","floor":11}],"player_experience":533089,"relics_obtained":[{"floor":9,"key":"Meat on the Bone"},{"floor":10,"key":"Letter Opener"},{"floor":11,"key":"Centennial Puzzle"}],"event_choices":[{"damage_healed":0,"gold_gain":0,"player_choice":"Success","damage_taken":18,"relics_obtained":["Unceasing Top"],"max_hp_gain":0,"max_hp_loss":0,"event_name":"Scrap Ooze","floor":4,"gold_loss":0},{"damage_healed":0,"gold_gain":0,"player_choice":"Searched \u00271\u0027 times","damage_taken":0,"max_hp_gain":0,"max_hp_loss":0,"event_name":"Dead Adventurer","floor":11,"gold_loss":0}],"is_beta":false,"boss_relics":[],"items_purged_floors":[3],"is_endless":false,"potions_floor_spawned":[2,7,10],"killed_by":"Large Slime","ascension_level":3}