{"gold_per_floor":[114,114,66,86,101,101,130,130,176,203,231,231,9,22,22,122,122,139,39,39,39,39,39,39,39,39,54,73,87,87,87,87,192,192,211,85,0,0,0,0,17,17,17,17,17,34,53,77,77,77],"floor_reached":50,"playtime":1904,"items_purged":["Defend_B","Defend_B"],"score":446,"play_id":"02e09afc-5dcd-47ea-8cb8-e961d4b3dae2","local_time":"20180709120055","is_ascension_mode":false,"campfire_choices":[{"data":"Fusion","floor":6,"key":"SMITH"},{"floor":8,"key":"REST"},{"data":"Streamline","floor":12,"key":"SMITH"},{"floor":15,"key":"REST"},{"data":"Compile Driver","floor":23,"key":"SMITH"},{"floor":30,"key":"REST"},{"data":"FTL","floor":32,"key":"SMITH"},{"data":"Self Repair","floor":40,"key":"SMITH"},{"data":"Dualcast","floor":42,"key":"SMITH"},{"data":"Zap","floor":44,"key":"SMITH"},{"data":"Compile Driver","floor":49,"key":"SMITH"}],"neow_cost":"NONE","seed_source_timestamp":1590255167405480,"circlet_count":0,"master_deck":["Strike_B","Defend_B","Zap+1","Dualcast+1","Cold Snap","Streamline+1","FTL+1","Fusion+1","Compile Driver+1","Ball Lightning","Compile Driver+1","Self Repair+1","Flash of Steel","Streamline+1","Coolheaded+1"],"relics":["Cracked Core","Art of War","Regal Pillow","Juzu Bracelet","Lantern","Calipers","Orichalcum","Nuclear Battery","Kunai","Empty Cage","Red Mask","Bird Faced Urn","Meat on the Bone","Oddly Smooth Stone"],"potions_floor_usage":[7,33,33,50,50,50],"damage_taken":[{"damage":6,"enemies":"Jaw Worm","floor":1,"turns":3},{"damage":3,"enemies":"Small Slimes","floor":4,"turns":3},{"damage":0,"enemies":"Cultist","floor":5,"turns":3},{"damage":29,"enemies":"Gremlin Nob","floor":7,"turns":4},{"damage":34,"enemies":"Lagavulin","floor":11,"turns":7},{"damage":7,"enemies":"Blue Slaver","floor":14,"turns":2},{"damage":58,"enemies":"The Guardian","floor":16,"turns":10},{"damage":7,"enemies":"Shell Parasite","floor":18,"turns":4},{"damage":5,"enemies":"Chosen","floor":27,"turns":3},{"damage":5,"enemies":"3 Cultists","floor":28,"turns":4},{"damage":16,"enemies":"Chosen and Byrds","floor":29,"turns":5},{"damage":7,"enemies":"Centurion and Healer","floor":31,"turns":5},{"damage":57,"enemies":"Collector","floor":33,"turns":13},{"damage":20,"enemies":"3 Shapes","floor":35,"turns":3},{"damage":0,"floor":39,"turns":5},{"damage":6,"enemies":"Orb Walker","floor":41,"turns":2},{"damage":7,"enemies":"3 Darklings","floor":46,"turns":3},{"damage":0,"enemies":"Sphere and 2 Shapes","floor":47,"turns":3},{"damage":83,"enemies":"Time Eater","floor":50,"turns":6}],"seed_played":"-2471474207398025342","potions_obtained":[{"floor":1,"key":"Energy Potion"},{"floor":4,"key":"LiquidBronze"},{"floor":7,"key":"FearPotion"},{"floor":16,"key":"Swift Potion"},{"floor":33,"key":"SteroidPotion"},{"floor":41,"key":"Fire Potion"}],"is_trial":false,"path_per_floor":["M","?","$","M","M","R","E","R","T","T","E","R","$","M","R","B",null,"M","$","?","?","?","R","?","?","T","M","M","M","R","M","R","B",null,"M","$","?","?","?","R","M","R","T","R","$","M","M","T","R"],"character_chosen":"DEFECT","items_purchased":["Streamline","Orichalcum","Compile Driver","Self Repair"],"campfire_rested":3,"item_purchase_floors":[3,13,36,36],"current_hp_per_floor":[69,69,69,66,66,66,37,74,74,74,40,40,40,33,70,12,75,68,68,68,68,68,68,54,54,54,49,44,28,67,60,60,3,80,60,60,60,60,67,67,73,73,73,73,73,78,80,80,80,0],"gold":77,"neow_bonus":"RANDOM_COMMON_RELIC","is_prod":false,"is_daily":false,"chose_seed":false,"campfire_upgraded":8,"win_rate":0.0,"timestamp":1531152055,"path_taken":["M","?","$","M","M","R","E","R","T","?","E","R","$","M","R","BOSS","M","$","?","?","?","R","?","?","T","M","M","M","R","M","R","BOSS","M","$","?","?","?","R","M","R","T","R","$","M","M","?","R","BOSS"],"build_version":"2018-07-05","purchased_purges":2,"victory":false,"max_hp_per_floor":[75,75,75,75,75,75,75,75,75,75,75,75,75,75,75,75,75,75,75,75,75,75,75,80,80,80,80,80,80,80,80,80,80,80,80,80,80,80,80,80,80,80,80,80,80,80,80,80,80,80],"card_choices":[{"not_picked":["Scrape","Go for the Eyes"],"picked":"Cold Snap","floor":1},{"not_picked":["Streamline","Rip and Tear"],"picked":"FTL","floor":4},{"not_picked":["Redo","Conserve Battery"],"picked":"Fusion","floor":5},{"not_picked":["Steam","Turbo","All For One"],"picked":"SKIP","floor":7},{"not_picked":["Turbo","Fusion","Chaos"],"picked":"SKIP","floor":11},{"not_picked":["Doom and Gloom","Barrage","Reprogram"],"picked":"SKIP","floor":14},{"not_picked":["Stack+1","Turbo","Darkness"],"picked":"SKIP","floor":18},{"not_picked":["BootSequence","Steam","Aggregate"],"picked":"SKIP","floor":27},{"not_picked":["Conserve Battery","Rebound"],"picked":"Ball Lightning","floor":28},{"not_picked":["Amplify","Barrage","Sunder"],"picked":"SKIP","floor":29},{"not_picked":["Conserve Battery+1","Go for the Eyes+1","Beam Cell"],"picked":"SKIP","floor":31},{"not_picked":["Redo","Fusion+1","Leap+1"],"picked":"SKIP","floor":35},{"not_picked":["Magnetism","Finesse"],"picked":"Flash of Steel","floor":38},{"not_picked":["Conserve Battery+1","Darkness"],"picked":"Streamline+1","floor":39},{"not_picked":["Gash+1","Redo+1"],"picked":"Coolheaded+1","floor":41},{"not_picked":["Hologram","Doom and Gloom+1","Beam Cell+1"],"picked":"SKIP","floor":46},{"not_picked":["Static Discharge+1","Reprogram","Stack"],"picked":"SKIP","floor":47}],"player_experience":142678,"relics_obtained":[{"floor":7,"key":"Regal Pillow"},{"floor":9,"key":"Juzu Bracelet"},{"floor":10,"key":"Lantern"},{"floor":11,"key":"Calipers"},{"floor":26,"key":"Kunai"},{"floor":39,"key":"Bird Faced Urn"},{"floor":43,"key":"Meat on the Bone"},{"floor":48,"key":"Oddly Smooth Stone"}],"event_choices":[{"event_name":"Living Wall","player_choice":"Forget","floor":2,"damage_taken":0},{"event_name":"Drug Dealer","player_choice":"Ignored","floor":20,"damage_taken":0},{"event_name":"The Library","player_choice":"Read","floor":21,"damage_taken":0},{"event_name":"Vampires","player_choice":"Ignored","floor":22,"damage_taken":0},{"event_name":"Forgotten Altar","player_choice":"Shed Blood","floor":24,"damage_taken":0},{"event_name":"Back to Basics","player_choice":"Elegance","floor":25,"damage_taken":0},{"event_name":"Tomb of Lord Red Mask","player_choice":"Paid","floor":37,"damage_taken":0},{"event_name":"SensoryStone","player_choice":"Memory 1","floor":38,"damage_taken":0},{"event_name":"MindBloom","player_choice":"Fight","floor":39,"damage_taken":0}],"boss_relics":[{"not_picked":["Coffee Dripper","Busted Crown"],"picked":"Nuclear Battery"},{"not_picked":["Lizard Tail","Runic Dome"],"picked":"Empty Cage"}],"items_purged_floors":[13,19],"is_endless":false,"potions_floor_spawned":[1,4,7,16,28,31,33,41],"killed_by":"Time Eater","ascension_level":0}