{"gold_per_floor":[115,75,87,15,33,33,67,67,92,62,76,88,88,101,101,198,198,210,220,16,27,43,43,75,107,119,151,174,186,0,0,0,98,98,116,16,16,33,49,49,61,61,61,61,61,78,78,89,89,89],"floor_reached":51,"playtime":4667,"items_purged":["Strike_B","Strike_B"],"score":872,"play_id":"3975b29d-91c6-43c5-9053-f9c34687994b","local_time":"20190331145052","is_ascension_mode":true,"campfire_choices":[{"data":"Go for the Eyes","floor":6,"key":"SMITH"},{"data":"Defragment","floor":8,"key":"SMITH"},{"floor":13,"key":"REST"},{"floor":15,"key":"REST"},{"floor":23,"key":"REST"},{"floor":29,"key":"REST"},{"floor":32,"key":"REST"},{"floor":40,"key":"REST"},{"floor":47,"key":"REST"},{"floor":49,"key":"REST"}],"neow_cost":"NONE","seed_source_timestamp":8249002683000,"circlet_count":0,"master_deck":["Defend_B","Defend_B","Defend_B","Defend_B","Zap+1","Dualcast","Go for the Eyes+1","BootSequence","Defragment+1","Conserve Battery","Cold Snap","Ball Lightning","Leap","Echo Form","Compile Driver+1","Cold Snap+1","Auto Shields","Biased Cognition","Reinforced Body+1","Compile Driver","Double Energy"],"relics":["Cracked Core","Anchor","Centennial Puzzle","Runic Dome","Runic Capacitor","MawBank","Gambling Chip","Inserter","Gremlin Horn","Sundial"],"potions_floor_usage":[7,16,16,24,24,24,33,50,50,50],"damage_taken":[{"damage":2,"enemies":"Jaw Worm","floor":1,"turns":3},{"damage":0,"enemies":"Cultist","floor":3,"turns":4},{"damage":3,"enemies":"Small Slimes","floor":5,"turns":3},{"damage":30,"enemies":"3 Sentries","floor":7,"turns":7},{"damage":0,"enemies":"Looter","floor":10,"turns":4},{"damage":18,"enemies":"Exordium Thugs","floor":11,"turns":5},{"damage":1,"enemies":"Red Slaver","floor":12,"turns":3},{"damage":0,"enemies":"Exordium Wildlife","floor":14,"turns":3},{"damage":58,"enemies":"Slime Boss","floor":16,"turns":9},{"damage":0,"enemies":"Shell Parasite","floor":18,"turns":5},{"damage":8,"enemies":"3 Byrds","floor":19,"turns":6},{"damage":19,"enemies":"Cultist and Chosen","floor":21,"turns":5},{"damage":14,"enemies":"Snake Plant","floor":22,"turns":4},{"damage":34,"enemies":"Gremlin Leader","floor":24,"turns":13},{"damage":1,"enemies":"Shelled Parasite and Fungi","floor":25,"turns":7},{"damage":2,"enemies":"Snecko","floor":27,"turns":4},{"damage":1,"enemies":"Centurion and Healer","floor":28,"turns":7},{"damage":6,"enemies":"Champ","floor":33,"turns":10},{"damage":3,"enemies":"Orb Walker","floor":35,"turns":4},{"damage":37,"enemies":"3 Darklings","floor":38,"turns":5},{"damage":0,"enemies":"4 Shapes","floor":39,"turns":7},{"damage":13,"enemies":"Spire Growth","floor":41,"turns":5},{"damage":7,"enemies":"Writhing Mass","floor":46,"turns":7},{"damage":0,"enemies":"Maw","floor":48,"turns":7},{"damage":37,"enemies":"Awakened One","floor":50,"turns":14}],"seed_played":"8587311479133034259","potions_obtained":[{"floor":2,"key":"Strength Potion"},{"floor":2,"key":"Weak Potion"},{"floor":2,"key":"SpeedPotion"},{"floor":12,"key":"Weak Potion"},{"floor":14,"key":"Block Potion"},{"floor":16,"key":"Ancient Potion"},{"floor":18,"key":"EntropicBrew"},{"floor":35,"key":"SpeedPotion"},{"floor":41,"key":"Strength Potion"},{"floor":46,"key":"Dexterity Potion"}],"is_trial":false,"path_per_floor":["?","M","?","$","?","M","?","T","M"],"character_chosen":"DEFECT","items_purchased":["BootSequence","Runic Capacitor","FocusPotion","PowerPotion"],"campfire_rested":8,"item_purchase_floors":[4,20,30,30],"current_hp_per_floor":[73,73,73,73,70,70,40,40,40,40,22,21,45,45,69,11,64,64,56,56,37,23,47,13,12,12,10,9,33,33,33,57,51,74,71,71,71,34,34,58,45,45,45,45,45,38,62,62,82,45],"gold":89,"neow_bonus":"TEN_PERCENT_HP_BONUS","is_prod":false,"is_daily":false,"chose_seed":false,"campfire_upgraded":2,"win_rate":0,"timestamp":1554058252,"path_taken":["M","?","M","$","M","R","E","R","T","M","M","?","R","M","R","BOSS","M","M","$","M","M","R","E","M","T","M","M","R","$","?","R","BOSS","M","?","?","M","?","R","M","?","T","$","?","?","R","M","R","BOSS"],"build_version":"2019-01-23","purchased_purges":2,"victory":true,"max_hp_per_floor":[82,82,82,82,82,82,82,82,82,82,82,82,82,82,82,82,82,82,82,82,82,82,82,82,82,82,82,82,82,82,82,82,82,82,82,82,82,82,82,82,82,82,82,82,82,82,82,82,82,82],"card_choices":[{"not_picked":["Redo","FTL"],"picked":"Go for the Eyes","floor":1},{"not_picked":["Coolheaded","Gash","Go for the Eyes"],"picked":"SKIP","floor":3},{"not_picked":["Beam Cell","Leap"],"picked":"Defragment","floor":5},{"not_picked":["Stack","Force Field"],"picked":"Conserve Battery","floor":7},{"not_picked":["Hyperbeam","Barrage","Hello World"],"picked":"SKIP","floor":10},{"not_picked":["Redo","Gash"],"picked":"Cold Snap","floor":11},{"not_picked":["Streamline","Go for the Eyes"],"picked":"Ball Lightning","floor":12},{"not_picked":["Reprogram","Stack"],"picked":"Leap","floor":14},{"not_picked":["Creative AI","Fission"],"picked":"Echo Form","floor":16},{"not_picked":["Coolheaded","Skim"],"picked":"Compile Driver+1","floor":18},{"not_picked":["Streamline","Beam Cell","Darkness+1"],"picked":"SKIP","floor":19},{"not_picked":["Loop","Rebound"],"picked":"Cold Snap+1","floor":21},{"not_picked":["Doom and Gloom","Beam Cell"],"picked":"Auto Shields","floor":22},{"not_picked":["Sweeping Beam+1","Aggregate","Coolheaded"],"picked":"SKIP","floor":24},{"not_picked":["Double Energy","Sweeping Beam","Hello World"],"picked":"SKIP","floor":25},{"not_picked":["Rebound","Recycle+1","Force Field"],"picked":"SKIP","floor":27},{"not_picked":["Cold Snap","Redo","Blizzard"],"picked":"SKIP","floor":28},{"not_picked":["Thunder Strike","Fission"],"picked":"Biased Cognition","floor":33},{"not_picked":["Fusion+1","Storm"],"picked":"Reinforced Body+1","floor":35},{"not_picked":["Go for the Eyes+1","Conserve Battery+1"],"picked":"Compile Driver","floor":38},{"not_picked":["Gash","Turbo+1","Cold Snap+1"],"picked":"SKIP","floor":39},{"not_picked":["Melter","Hyperbeam","Loop"],"picked":"SKIP","floor":41},{"not_picked":["Gash+1","Capacitor+1","Sunder"],"picked":"SKIP","floor":46},{"not_picked":["Streamline+1","Gash","Redo+1"],"picked":"SKIP","floor":48}],"player_experience":376952,"relics_obtained":[{"floor":7,"key":"Anchor"},{"floor":9,"key":"Centennial Puzzle"},{"floor":24,"key":"MawBank"},{"floor":26,"key":"Gambling Chip"},{"floor":43,"key":"Gremlin Horn"},{"floor":45,"key":"Sundial"}],"event_choices":[{"damage_healed":0,"gold_gain":0,"player_choice":"Bought 3 Potions","damage_taken":0,"max_hp_gain":0,"max_hp_loss":0,"event_name":"The Woman in Blue","floor":2,"gold_loss":0},{"cards_removed":["Strike_B"],"damage_healed":0,"gold_gain":0,"player_choice":"Purged","damage_taken":0,"max_hp_gain":0,"max_hp_loss":0,"event_name":"Purifier","floor":31,"gold_loss":0},{"damage_healed":0,"gold_gain":0,"player_choice":"Upgraded","damage_taken":0,"max_hp_gain":0,"max_hp_loss":0,"event_name":"Upgrade Shrine","floor":37,"gold_loss":0,"cards_upgraded":["Zap"]},{"damage_healed":0,"gold_gain":0,"cards_transformed":["Strike_B"],"player_choice":"Transformed","damage_taken":0,"max_hp_gain":0,"max_hp_loss":0,"event_name":"Transmorgrifier","floor":42,"gold_loss":0,"cards_obtained":["Double Energy"]}],"is_beta":false,"boss_relics":[{"not_picked":["Empty Cage","Philosopher\u0027s Stone"],"picked":"Runic Dome"},{"not_picked":["Runic Pyramid","Velvet Choker"],"picked":"Inserter"}],"items_purged_floors":[30,36],"is_endless":false,"potions_floor_spawned":[3,12,14,16,18,19,21,22,35,41,46],"ascension_level":8}