{"gold_per_floor":[116,116,116,128,142,142,142,142,142,153,153,153,153,31,31,132,132,151,171,24,24,24,24,44,44,122,122,136,155,155,30,30,132,132,146,161,11,11,11,11,36,46,46,46,46,46,0,10,10,10],"floor_reached":51,"playtime":1966,"items_purged":["Strike_B","Defend_B","Strike_B","Zap+1"],"score":738,"play_id":"ad51cc11-f2e7-4e78-a01c-be9dc07d4a6b","local_time":"20180801114031","is_ascension_mode":false,"campfire_choices":[{"data":"Zap","floor":6,"key":"SMITH"},{"data":"Dualcast","floor":8,"key":"SMITH"},{"data":"Gash","floor":11,"key":"SMITH"},{"floor":13,"key":"REST"},{"data":"Gash","floor":15,"key":"SMITH"},{"data":"Gash","floor":23,"key":"SMITH"},{"floor":25,"key":"REST"},{"data":"Beam Cell","floor":27,"key":"SMITH"},{"floor":30,"key":"REST"},{"floor":32,"key":"REST"},{"floor":40,"key":"REST"},{"floor":44,"key":"REST"},{"data":"FTL","floor":49,"key":"SMITH"}],"neow_cost":"","seed_source_timestamp":1825637474396399,"circlet_count":0,"master_deck":["Strike_B+1","Defend_B+1","Defend_B+1","Dualcast+1","Gash+1","Gash+1","Gash+1","Gash+1","Gash+1","Beam Cell+1","Gash","Gash+1","FTL+1"],"relics":["Cracked Core","War Paint","Lizard Tail","Nilry\u0027s Codex","Pear","Empty Cage","Ginger","Kunai","StoneCalendar","Red Mask"],"potions_floor_usage":[7,41,41,41,41,41,50],"damage_taken":[{"damage":15,"enemies":"Cultist","floor":1,"turns":4},{"damage":3,"enemies":"Small Slimes","floor":4,"turns":2},{"damage":1,"enemies":"Jaw Worm","floor":5,"turns":3},{"damage":0,"enemies":"Gremlin Gang","floor":7,"turns":1},{"damage":10,"enemies":"Looter","floor":10,"turns":2},{"damage":8,"enemies":"Slime Boss","floor":16,"turns":8},{"damage":2,"enemies":"Spheric Guardian","floor":18,"turns":3},{"damage":2,"enemies":"Chosen","floor":19,"turns":4},{"damage":24,"enemies":"Centurion and Healer","floor":24,"turns":5},{"damage":30,"enemies":"Slaver and Parasite","floor":28,"turns":5},{"damage":20,"enemies":"Sentry and Sphere","floor":29,"turns":4},{"damage":53,"enemies":"Automaton","floor":33,"turns":7},{"damage":17,"enemies":"Orb Walker","floor":35,"turns":3},{"damage":27,"enemies":"3 Darklings","floor":36,"turns":4},{"damage":30,"floor":38,"turns":5},{"damage":26,"enemies":"Giant Head","floor":41,"turns":6},{"damage":0,"enemies":"Transient","floor":42,"turns":5},{"damage":12,"enemies":"Maw","floor":48,"turns":5},{"damage":58,"enemies":"Awakened One","floor":50,"turns":7}],"seed_played":"-1116471692363436303","potions_obtained":[{"floor":1,"key":"SmokeBomb"},{"floor":4,"key":"EntropicBrew"},{"floor":16,"key":"GamblersBrew"},{"floor":19,"key":"Dexterity Potion"},{"floor":33,"key":"Ancient Potion"},{"floor":38,"key":"AttackPotion"}],"is_trial":false,"path_per_floor":["M","?","?","M","M","R","M","R","T","M","R","?","R","$","R","B",null,"M","M","$","?","?","R","M","R","T","R","M","M","R","$","R","B",null,"M","M","$","?","$","R","E","M","T","R","?","$","?","M","R","B"],"character_chosen":"DEFECT","items_purchased":["Gash","Gash"],"campfire_rested":6,"item_purchase_floors":[14,20],"current_hp_per_floor":[60,60,60,57,56,56,56,56,56,46,46,31,53,53,53,45,75,73,71,71,55,48,48,24,46,56,56,26,6,31,31,56,3,85,68,41,41,11,11,36,15,15,15,40,74,74,74,62,62,4],"gold":10,"neow_bonus":"","is_prod":false,"is_daily":false,"chose_seed":false,"campfire_upgraded":7,"win_rate":0,"timestamp":1533138031,"path_taken":["M","?","?","M","M","R","M","R","T","?","R","?","R","$","R","BOSS","M","M","$","?","?","R","M","R","T","R","M","M","R","$","R","BOSS","M","M","$","?","$","R","E","M","T","R","?","?","?","M","R","BOSS"],"build_version":"2018-07-26","purchased_purges":4,"victory":true,"max_hp_per_floor":[75,75,75,75,75,75,75,75,75,75,75,75,75,75,75,75,75,75,75,75,75,75,75,75,75,85,85,85,85,85,85,85,85,85,85,85,85,85,85,85,85,85,85,85,74,74,74,74,74,74],"card_choices":[{"not_picked":["Undo","Genetic Algorithm"],"picked":"Gash","floor":1},{"not_picked":["Cold Snap","Reprogram","Streamline"],"picked":"SKIP","floor":4},{"not_picked":["Conserve Battery","Ball Lightning","Fusion"],"picked":"SKIP","floor":5},{"not_picked":["Leap","Stack"],"picked":"Gash","floor":10},{"not_picked":["Turbo+1","Reinforced Body","Consume+1"],"picked":"SKIP","floor":18},{"not_picked":["Streamline","Sweeping Beam+1"],"picked":"Gash+1","floor":19},{"not_picked":["Hologram","Go for the Eyes"],"picked":"Beam Cell","floor":24},{"not_picked":["Compile Driver","Heatsinks","Ball Lightning"],"picked":"SKIP","floor":28},{"not_picked":["Cold Snap","Steam","Gash"],"picked":"SKIP","floor":29},{"not_picked":["Self Repair","Conserve Battery","Force Field"],"picked":"SKIP","floor":35},{"not_picked":["Lockon","Tempest+1","Hologram+1"],"picked":"SKIP","floor":36},{"not_picked":["Sweeping Beam","Sunder+1"],"picked":"Gash","floor":41},{"not_picked":["Coolheaded+1","Doom and Gloom"],"picked":"Gash+1","floor":42},{"not_picked":["Conserve Battery","Fusion"],"picked":"FTL","floor":48}],"player_experience":304729,"relics_obtained":[{"floor":9,"key":"War Paint"},{"floor":21,"key":"Nilry\u0027s Codex"},{"floor":26,"key":"Pear"},{"floor":38,"key":"Ginger"},{"floor":41,"key":"Kunai"},{"floor":43,"key":"StoneCalendar"}],"event_choices":[{"event_name":"Upgrade Shrine","player_choice":"Upgraded","floor":2,"damage_taken":0},{"event_name":"The Woman in Blue","player_choice":"Bought 0 Potions","floor":3,"damage_taken":0},{"event_name":"Shining Light","player_choice":"Entered Light","floor":12,"damage_taken":0},{"event_name":"Cursed Tome","player_choice":"Obtained Book","floor":21,"damage_taken":0},{"event_name":"Wheel of Change","player_choice":"Damage","floor":22,"damage_taken":0},{"event_name":"MindBloom","player_choice":"Fight","floor":38,"damage_taken":0},{"event_name":"The Moai Head","player_choice":"Heal","floor":45,"damage_taken":0},{"event_name":"Tomb of Lord Red Mask","player_choice":"Paid","floor":47,"damage_taken":0}],"is_beta":false,"boss_relics":[{"not_picked":["Pandora\u0027s Box","Black Star"],"picked":"Lizard Tail"},{"not_picked":["Orrery","Philosopher\u0027s Stone"],"picked":"Empty Cage"}],"items_purged_floors":[14,20,31,37],"is_endless":false,"potions_floor_spawned":[1,4,16,19,24,33,38],"ascension_level":0}