{"gold_per_floor":[118,3,17,17,31,31,43,78,103,121,21,21,21,34,34,137,137,149,160,177,52,66,66,86,99,145,145,93,107,121,131,131,131],"floor_reached":33,"playtime":2019,"items_purged":["Defend_G","Strike_G","Strike_G"],"score":255,"play_id":"a6a2152d-d8a6-4204-9288-448a1d66e4ad","local_time":"20180708055316","is_ascension_mode":false,"campfire_choices":[{"data":"Bouncing Flask","floor":6,"key":"SMITH"},{"floor":12,"key":"REST"},{"data":"Cloak And Dagger","floor":15,"key":"SMITH"},{"floor":23,"key":"REST"},{"floor":27,"key":"REST"},{"floor":32,"key":"REST"}],"neow_cost":"NONE","seed_source_timestamp":1481675955858846,"circlet_count":0,"master_deck":["Defend_G","Defend_G","Strike_G+1","Strike_G","Strike_G+1","Survivor+1","Neutralize","Cloak And Dagger+1","Bouncing Flask+1","Acrobatics+1","Escape Plan","Tools of the Trade","Catalyst","Escape Plan"],"relics":["Empty Cage","Whetstone","Bronze Scales","Black Star","Bag of Marbles"],"potions_floor_usage":[7,8,8,25,29,29,29,29,30,33],"damage_taken":[{"damage":4,"enemies":"Cultist","floor":1,"turns":4},{"damage":3,"enemies":"Small Slimes","floor":3,"turns":3},{"damage":0,"enemies":"2 Louse","floor":5,"turns":3},{"damage":9,"enemies":"Gremlin Gang","floor":7,"turns":4},{"damage":35,"enemies":"3 Sentries","floor":8,"turns":9},{"damage":8,"enemies":"Large Slime","floor":10,"turns":5},{"damage":1,"enemies":"2 Fungi Beasts","floor":14,"turns":2},{"damage":9,"enemies":"The Guardian","floor":16,"turns":8},{"damage":21,"enemies":"2 Thieves","floor":18,"turns":4},{"damage":12,"enemies":"3 Byrds","floor":19,"turns":4},{"damage":4,"enemies":"Centurion and Healer","floor":20,"turns":11},{"damage":32,"enemies":"Cultist and Chosen","floor":22,"turns":8},{"damage":17,"enemies":"Slaver and Parasite","floor":24,"turns":7},{"damage":15,"enemies":"Snecko","floor":25,"turns":3},{"damage":9,"enemies":"Centurion and Healer","floor":29,"turns":7},{"damage":16,"enemies":"Snake Plant","floor":30,"turns":4},{"damage":1,"enemies":"Snecko","floor":31,"turns":4},{"damage":91,"enemies":"Automaton","floor":33,"turns":6}],"seed_played":"4208121208654332765","potions_obtained":[{"floor":3,"key":"Strength Potion"},{"floor":5,"key":"Explosive Potion"},{"floor":7,"key":"Regen Potion"},{"floor":14,"key":"FairyPotion"},{"floor":18,"key":"EntropicBrew"},{"floor":22,"key":"Energy Potion"},{"floor":25,"key":"Block Potion"},{"floor":29,"key":"Regen Potion"}],"is_trial":false,"path_per_floor":["M","$","M","$","M","R","M","E","T","M","$","R","?","M","R","B",null,"M","M","M","$","M","R","M","M","T","R","$","M","M","M","R"],"character_chosen":"THE_SILENT","items_purchased":["Bouncing Flask","Poison Potion"],"campfire_rested":4,"item_purchase_floors":[2,28],"current_hp_per_floor":[66,66,63,63,63,63,54,34,34,26,26,47,33,32,32,23,70,49,37,33,33,1,22,5,1,1,22,22,28,26,25,46,0],"gold":131,"neow_bonus":"BOSS_RELIC","is_prod":false,"is_daily":false,"chose_seed":false,"campfire_upgraded":2,"win_rate":0.0,"timestamp":1531043596,"path_taken":["M","$","M","?","M","R","?","E","T","M","$","R","?","M","R","BOSS","M","M","M","$","M","R","M","M","T","R","$","M","M","M","R","BOSS"],"build_version":"2018-07-05","purchased_purges":3,"victory":false,"max_hp_per_floor":[70,70,70,70,70,70,70,70,70,70,70,70,70,70,70,70,70,70,70,70,70,70,70,70,70,70,70,70,70,70,70,70,70],"card_choices":[{"not_picked":["Dagger Throw","Expertise"],"picked":"Cloak And Dagger","floor":1},{"not_picked":["Choke","PiercingWail","Slice"],"picked":"SKIP","floor":3},{"not_picked":["Bane","Calculated Gamble","Distraction"],"picked":"SKIP","floor":5},{"not_picked":["Distraction","Cloak And Dagger","Outmaneuver"],"picked":"SKIP","floor":7},{"not_picked":["Sucker Punch","Crippling Poison"],"picked":"Acrobatics","floor":8},{"not_picked":["Footwork","Accuracy"],"picked":"Escape Plan","floor":10},{"not_picked":["Poisoned Stab","Grand Finale","Choke"],"picked":"SKIP","floor":14},{"not_picked":["Wraith Form v2","Glass Knife"],"picked":"Tools of the Trade","floor":16},{"not_picked":["Setup+1","Deflect","Bane"],"picked":"SKIP","floor":18},{"not_picked":["Concentrate","Slice","Flechettes+1"],"picked":"SKIP","floor":19},{"not_picked":["Glass Knife","Flying Knee","PiercingWail+1"],"picked":"SKIP","floor":20},{"not_picked":["Flechettes","Bane","Backflip"],"picked":"SKIP","floor":22},{"not_picked":["Dodge and Roll","Crippling Poison"],"picked":"Catalyst","floor":24},{"not_picked":["Choke","Backflip","Cloak And Dagger"],"picked":"SKIP","floor":25},{"not_picked":["Outmaneuver","Accuracy"],"picked":"Escape Plan","floor":29},{"not_picked":["Deflect","Malaise+1","Flying Knee"],"picked":"SKIP","floor":30},{"not_picked":["Acrobatics","Slice+1","Leg Sweep"],"picked":"SKIP","floor":31}],"player_experience":129052,"relics_obtained":[{"floor":8,"key":"Whetstone"},{"floor":9,"key":"Bronze Scales"},{"floor":26,"key":"Bag of Marbles"}],"event_choices":[{"event_name":"Shining Light","player_choice":"Entered Light","floor":13,"damage_taken":0}],"boss_relics":[{"not_picked":["Calling Bell","Coffee Dripper"],"picked":"Black Star"}],"items_purged_floors":[2,11,21],"is_endless":false,"potions_floor_spawned":[3,5,7,14,18,22,25,29],"killed_by":"Automaton","ascension_level":0}