{"gold_per_floor":[116,41,57,73,47,47,57,57,57,72,85,105,105,280,280,385,385,397,408,427,427],"floor_reached":21,"playtime":627,"items_purged":["Defend_B"],"score":175,"play_id":"64fe23b3-f568-41d6-be2e-ceeb159ecfc6","local_time":"20180801100350","is_ascension_mode":false,"campfire_choices":[{"data":"Go for the Eyes","floor":6,"key":"SMITH"},{"data":"Streamline","floor":8,"key":"SMITH"},{"floor":13,"key":"REST"},{"floor":15,"key":"REST"}],"neow_cost":"","seed_source_timestamp":1821447688220749,"circlet_count":0,"master_deck":["Strike_B","Strike_B","Strike_B","Strike_B","Defend_B","Defend_B","Defend_B","Zap","Dualcast","Go for the Eyes+1","Streamline+1","Gash","Skim","Doubt","Reboot"],"relics":["Cracked Core","Bag of Preparation","Nuclear Battery"],"potions_floor_usage":[16,16,16],"damage_taken":[{"damage":11,"enemies":"2 Louse","floor":1,"turns":2},{"damage":11,"enemies":"Jaw Worm","floor":3,"turns":3},{"damage":0,"enemies":"Small Slimes","floor":4,"turns":2},{"damage":5,"enemies":"2 Fungi Beasts","floor":7,"turns":3},{"damage":0,"enemies":"Large Slime","floor":10,"turns":2},{"damage":9,"enemies":"Blue Slaver","floor":11,"turns":2},{"damage":22,"enemies":"Exordium Wildlife","floor":12,"turns":3},{"damage":53,"enemies":"Slime Boss","floor":16,"turns":9},{"damage":25,"enemies":"3 Byrds","floor":18,"turns":5},{"damage":10,"enemies":"Spheric Guardian","floor":19,"turns":3},{"damage":34,"enemies":"3 Cultists","floor":20,"turns":6}],"seed_played":"-1009298731967626636","potions_obtained":[{"floor":1,"key":"Weak Potion"},{"floor":4,"key":"GamblersBrew"},{"floor":7,"key":"Swift Potion"},{"floor":10,"key":"SkillPotion"},{"floor":20,"key":"SteroidPotion"}],"is_trial":false,"path_per_floor":["M","$","M","M","$","R","M","R","T","M","M","M","R","?","R","B",null,"M","M","M"],"character_chosen":"DEFECT","items_purchased":["Go for the Eyes"],"campfire_rested":2,"item_purchase_floors":[5],"current_hp_per_floor":[64,64,53,53,53,53,48,48,48,48,39,17,39,39,61,8,75,50,40,6,0],"gold":427,"neow_bonus":"","is_prod":false,"is_daily":false,"chose_seed":false,"campfire_upgraded":2,"win_rate":0,"timestamp":1533132230,"path_taken":["M","$","M","M","$","R","M","R","T","M","M","M","R","?","R","BOSS","M","M","M","?"],"build_version":"2018-07-26","purchased_purges":1,"victory":false,"max_hp_per_floor":[75,75,75,75,75,75,75,75,75,75,75,75,75,75,75,75,75,75,75,75,75],"card_choices":[{"not_picked":["Rebound","Reinforced Body","Leap"],"picked":"SKIP","floor":1},{"not_picked":["Darkness","Chill","Coolheaded"],"picked":"SKIP","floor":3},{"not_picked":["Fusion","Barrage","Rebound"],"picked":"SKIP","floor":4},{"not_picked":["Cold Snap","Coolheaded"],"picked":"Streamline","floor":7},{"not_picked":["Recycle","Hologram"],"picked":"Gash","floor":10},{"not_picked":["Electrodynamics","Stack"],"picked":"Skim","floor":11},{"not_picked":["Darkness","Go for the Eyes","Compile Driver"],"picked":"SKIP","floor":12},{"not_picked":["Rainbow","Seek"],"picked":"Reboot","floor":16},{"not_picked":["Rebound","Reinforced Body+1","Lockon+1"],"picked":"SKIP","floor":18},{"not_picked":["Redo+1","Barrage+1","Conserve Battery"],"picked":"SKIP","floor":19},{"not_picked":["Storm","Stack","Barrage+1"],"picked":"SKIP","floor":20}],"player_experience":300636,"relics_obtained":[{"floor":9,"key":"Bag of Preparation"}],"event_choices":[{"event_name":"Liars Game","player_choice":"agreed","floor":14,"damage_taken":0}],"is_beta":false,"boss_relics":[{"not_picked":["Philosopher\u0027s Stone","Calling Bell"],"picked":"Nuclear Battery"}],"items_purged_floors":[2],"is_endless":false,"potions_floor_spawned":[1,4,7,10,20],"ascension_level":0}