{"gold_per_floor":[113,125,125,139,156,156,156,28,97,122,142,215,215],"floor_reached":13,"playtime":280,"items_purged":["Defend_B"],"score":77,"play_id":"fb78b5b0-9286-400a-81aa-6c1029946177","local_time":"20180801091002","is_ascension_mode":false,"campfire_choices":[{"data":"Beam Cell","floor":6,"key":"SMITH"}],"neow_cost":"NONE","seed_source_timestamp":1818567393520975,"circlet_count":0,"master_deck":["Strike_B","Strike_B","Strike_B","Strike_B","Defend_B","Defend_B","Defend_B","Zap","Dualcast","Go for the Eyes","Beam Cell+1","Regret","Gash","Scrape"],"relics":["Cracked Core","Oddly Smooth Stone","Potion Belt","Golden Idol","Mummified Hand","Centennial Puzzle"],"potions_floor_usage":[],"damage_taken":[{"damage":5,"enemies":"Jaw Worm","floor":1,"turns":3},{"damage":0,"enemies":"Small Slimes","floor":2,"turns":2},{"damage":0,"enemies":"2 Louse","floor":4,"turns":2},{"damage":17,"enemies":"Lots of Slimes","floor":5,"turns":3},{"damage":10,"enemies":"Blue Slaver","floor":10,"turns":3},{"damage":3,"enemies":"Large Slime","floor":11,"turns":3},{"damage":22,"enemies":"Lagavulin Event","floor":12,"turns":5},{"damage":0,"enemies":"Gremlin Gang","floor":13,"turns":1}],"seed_played":"-6309484468177952768","potions_obtained":[{"floor":5,"key":"SmokeBomb"},{"floor":11,"key":"Dexterity Potion"},{"floor":12,"key":"FocusPotion"}],"is_trial":false,"path_per_floor":["M","M","?","M","M","R","?","$","T","M","M","?"],"character_chosen":"DEFECT","items_purchased":["Gash"],"campfire_rested":0,"item_purchase_floors":[8],"current_hp_per_floor":[70,70,70,70,53,53,53,53,53,43,40,18,18],"gold":215,"neow_bonus":"RANDOM_COMMON_RELIC","is_prod":false,"is_daily":false,"chose_seed":false,"campfire_upgraded":1,"win_rate":0,"timestamp":1533129002,"path_taken":["M","M","?","M","M","R","?","$","T","M","?","?","M"],"build_version":"2018-07-26","purchased_purges":1,"victory":false,"max_hp_per_floor":[75,75,75,75,75,75,69,69,69,69,69,69,69],"card_choices":[{"not_picked":["Stack","Conserve Battery"],"picked":"Go for the Eyes","floor":1},{"not_picked":["Undo","BootSequence"],"picked":"Beam Cell","floor":2},{"not_picked":["Auto Shields","Turbo","Barrage"],"picked":"SKIP","floor":4},{"not_picked":["Doom and Gloom","Leap","Turbo"],"picked":"SKIP","floor":5},{"not_picked":["Force Field","Leap"],"picked":"Scrape","floor":10},{"not_picked":["Defragment","Melter","Hello World"],"picked":"SKIP","floor":11}],"player_experience":297837,"relics_obtained":[{"floor":9,"key":"Mummified Hand"},{"floor":12,"key":"Centennial Puzzle"}],"event_choices":[{"event_name":"Big Fish","player_choice":"Box","floor":3,"damage_taken":0},{"event_name":"Golden Idol","player_choice":"Lose Max HP","floor":7,"damage_taken":0},{"event_name":"Dead Adventurer","player_choice":"Searched \u00271\u0027 times","floor":12,"damage_taken":0}],"is_beta":false,"boss_relics":[],"items_purged_floors":[8],"is_endless":false,"potions_floor_spawned":[5,11,12],"killed_by":"Gremlin Gang","ascension_level":0}