{"gold_per_floor":[116,128,141,141,26,26,59,71,150,150,150,50,50,64,64,161,161,161,161,161,18,18,18,18,18,18,18,18,18,18,18,18,18,18,18,18,18,18,18,18,18,18,18,18,18,18,18,18,18,18],"floor_reached":51,"playtime":3394,"items_purged":["Strike_R","Strike_R"],"score":975,"play_id":"a61afb4f-9a77-40e9-8f84-639602943452","local_time":"20190327180333","is_ascension_mode":true,"campfire_choices":[{"data":"Bash","floor":6,"key":"SMITH"},{"floor":11,"key":"REST"},{"data":"True Grit","floor":15,"key":"SMITH"},{"floor":28,"key":"REST"},{"data":"Demon Form","floor":30,"key":"SMITH"},{"floor":32,"key":"REST"},{"floor":40,"key":"REST"},{"data":"Panacea","floor":44,"key":"SMITH"},{"floor":47,"key":"REST"},{"floor":49,"key":"REST"}],"neow_cost":"PERCENT_DAMAGE","seed_source_timestamp":20860687788400,"circlet_count":0,"master_deck":["Strike_R+1","Strike_R+1","Defend_R+1","Defend_R+1","Defend_R+1","Defend_R+1","Bash+1","Rampage","Anger","Evolve","Shockwave","Demon Form+1","True Grit+1","Offering","Shrug It Off+1","Armaments+1","Uppercut","Offering","Metallicize","Ghostly Armor+1","Panacea+1","Sword Boomerang+1","Shrug It Off+1","Writhe","Sword Boomerang+1"],"relics":["Burning Blood","Question Card","Art of War","Mummified Hand","Ectoplasm","Regal Pillow","Smiling Mask","Self Forming Clay","Black Star","Incense Burner","Pear"],"potions_floor_usage":[3,11,16,29,33,45],"damage_taken":[{"damage":6,"enemies":"Cultist","floor":1,"turns":4},{"damage":9,"enemies":"2 Louse","floor":2,"turns":4},{"damage":7,"enemies":"Jaw Worm","floor":3,"turns":3},{"damage":30,"enemies":"3 Sentries","floor":7,"turns":8},{"damage":5,"enemies":"3 Louse","floor":8,"turns":5},{"damage":5,"enemies":"2 Fungi Beasts","floor":14,"turns":3},{"damage":60,"enemies":"Slime Boss","floor":16,"turns":13},{"damage":22,"enemies":"Shell Parasite","floor":18,"turns":5},{"damage":6,"enemies":"Chosen","floor":19,"turns":3},{"damage":13,"enemies":"Colosseum Slavers","floor":20,"turns":4},{"damage":25,"enemies":"Snake Plant","floor":22,"turns":5},{"damage":15,"enemies":"Cultist and Chosen","floor":24,"turns":6},{"damage":18,"enemies":"Snecko","floor":27,"turns":5},{"damage":16,"enemies":"Slavers","floor":29,"turns":5},{"damage":6,"enemies":"Shelled Parasite and Fungi","floor":31,"turns":4},{"damage":29,"enemies":"Automaton","floor":33,"turns":8},{"damage":6,"enemies":"Orb Walker","floor":35,"turns":5},{"damage":26,"enemies":"3 Darklings","floor":37,"turns":7},{"damage":59,"enemies":"Transient","floor":38,"turns":5},{"damage":6,"enemies":"4 Shapes","floor":39,"turns":7},{"damage":6,"enemies":"Mind Bloom Boss Battle","floor":41,"turns":5},{"damage":27,"enemies":"Sphere and 2 Shapes","floor":45,"turns":6},{"damage":25,"enemies":"Maw","floor":46,"turns":6},{"damage":28,"enemies":"Writhing Mass","floor":48,"turns":10},{"damage":14,"enemies":"Time Eater","floor":50,"turns":10}],"seed_played":"-3073589286618846281","potions_obtained":[{"floor":1,"key":"Energy Potion"},{"floor":7,"key":"BloodPotion"},{"floor":8,"key":"Fruit Juice"},{"floor":19,"key":"Weak Potion"},{"floor":27,"key":"LiquidBronze"},{"floor":41,"key":"Block Potion"},{"floor":45,"key":"SneckoOil"}],"is_trial":false,"path_per_floor":["T","?","?","?","?","?","M","?","?","?"],"character_chosen":"IRONCLAD","items_purchased":["Evolve","Regal Pillow"],"campfire_rested":6,"item_purchase_floors":[5,21],"current_hp_per_floor":[67,64,63,63,63,63,39,40,40,33,68,68,68,69,69,25,82,66,66,59,59,40,40,31,31,31,19,64,54,54,54,99,76,95,95,85,65,12,12,57,57,82,92,92,71,52,100,78,111,103],"gold":18,"neow_bonus":"TWENTY_PERCENT_HP_BONUS","is_prod":false,"is_daily":false,"chose_seed":false,"campfire_upgraded":4,"win_rate":0,"timestamp":1553724213,"path_taken":["M","M","M","?","$","R","E","M","T","?","R","$","?","M","R","BOSS","M","M","?","$","M","?","M","?","T","?","R","E","R","M","R","BOSS","M","?","M","M","M","R","?","?","T","R","M","M","R","M","R","BOSS"],"build_version":"2019-01-23","purchased_purges":2,"victory":true,"max_hp_per_floor":[96,96,96,96,96,96,96,96,96,96,101,101,101,101,101,101,101,101,101,101,101,101,101,101,101,101,101,101,101,101,101,101,101,101,101,101,101,101,101,101,101,101,111,111,111,111,111,111,111,111],"card_choices":[{"not_picked":["Intimidate","Perfected Strike","Heavy Blade"],"picked":"SKIP","floor":1},{"not_picked":["Sentinel","Havoc"],"picked":"Rampage","floor":2},{"not_picked":["Havoc","Carnage"],"picked":"Anger","floor":3},{"not_picked":["True Grit","Dropkick","Intimidate"],"picked":"Shockwave","floor":7},{"not_picked":["Inflame","Shrug It Off","Clash"],"picked":"Demon Form","floor":8},{"not_picked":["Havoc","Wild Strike","Shrug It Off"],"picked":"True Grit","floor":14},{"not_picked":["Exhume","Demon Form","Impervious"],"picked":"Offering","floor":16},{"not_picked":["Headbutt","True Grit","Clash+1","Heavy Blade"],"picked":"SKIP","floor":18},{"not_picked":["Dropkick","Flex","Rage"],"picked":"Shrug It Off+1","floor":19},{"not_picked":["Sword Boomerang","Clothesline","Havoc+1"],"picked":"Armaments+1","floor":22},{"not_picked":["Twin Strike","Cleave","Inflame"],"picked":"Uppercut","floor":24},{"not_picked":["Uppercut","Dropkick","Bloodletting","Evolve"],"picked":"SKIP","floor":27},{"not_picked":["Anger+1","Pummel","Heavy Blade"],"picked":"Offering","floor":29},{"not_picked":["Rupture+1","Clothesline+1","Ghostly Armor"],"picked":"Metallicize","floor":31},{"not_picked":["Warcry","True Grit","Second Wind"],"picked":"Ghostly Armor+1","floor":35},{"not_picked":["Metamorphosis","Magnetism","HandOfGreed"],"picked":"Panacea","floor":36},{"not_picked":["Clothesline","Sentinel+1","Pommel Strike+1"],"picked":"Sword Boomerang+1","floor":37},{"not_picked":["Power Through+1","Flex","Clash+1"],"picked":"Shrug It Off+1","floor":38},{"not_picked":["Headbutt+1","Flex","Iron Wave+1","Rupture"],"picked":"SKIP","floor":39},{"not_picked":["Flex+1","Clash+1","Armaments+1"],"picked":"Sword Boomerang+1","floor":45},{"not_picked":["Thunderclap","Corruption+1","Warcry+1","True Grit"],"picked":"SKIP","floor":46},{"not_picked":["Anger","Fire Breathing","Dropkick","Dark Embrace"],"picked":"SKIP","floor":48}],"player_experience":324284,"relics_obtained":[{"floor":4,"key":"Question Card"},{"floor":7,"key":"Art of War"},{"floor":9,"key":"Mummified Hand"},{"floor":26,"key":"Smiling Mask"},{"floor":29,"key":"Self Forming Clay"},{"floor":41,"key":"Incense Burner"},{"floor":43,"key":"Pear"}],"event_choices":[{"cards_removed":["Strike_R"],"damage_healed":0,"gold_gain":0,"player_choice":"Card Removal","damage_taken":7,"max_hp_gain":0,"max_hp_loss":0,"event_name":"Golden Wing","floor":10,"gold_loss":0},{"damage_healed":0,"gold_gain":0,"player_choice":"Ignored","damage_taken":0,"max_hp_gain":0,"max_hp_loss":0,"event_name":"Liars Game","floor":13,"gold_loss":0},{"damage_healed":0,"gold_gain":0,"player_choice":"Fight","damage_taken":0,"max_hp_gain":0,"max_hp_loss":0,"event_name":"Colosseum","floor":20,"gold_loss":0},{"damage_healed":0,"gold_gain":0,"player_choice":"Fled From Nobs","damage_taken":0,"max_hp_gain":0,"max_hp_loss":0,"event_name":"Colosseum","floor":20,"gold_loss":0},{"damage_healed":0,"gold_gain":0,"player_choice":"Simplicity","damage_taken":0,"max_hp_gain":0,"max_hp_loss":0,"event_name":"Back to Basics","floor":25,"gold_loss":0,"cards_upgraded":["Strike_R","Strike_R","Defend_R","Defend_R","Defend_R","Defend_R"]},{"damage_healed":0,"gold_gain":0,"player_choice":"Memory 3","damage_taken":10,"max_hp_gain":0,"max_hp_loss":0,"event_name":"SensoryStone","floor":36,"gold_loss":0},{"damage_healed":0,"gold_gain":0,"player_choice":"Fight","damage_taken":0,"max_hp_gain":0,"max_hp_loss":0,"event_name":"MindBloom","floor":41,"gold_loss":0},{"damage_healed":25,"gold_gain":0,"player_choice":"Writhe","damage_taken":0,"max_hp_gain":0,"max_hp_loss":0,"event_name":"Winding Halls","floor":42,"gold_loss":0,"cards_obtained":["Writhe"]}],"is_beta":false,"boss_relics":[{"not_picked":["Astrolabe","Runic Pyramid"],"picked":"Ectoplasm"},{"not_picked":["Runic Dome","Runic Cube"],"picked":"Black Star"}],"items_purged_floors":[5,12],"is_endless":false,"potions_floor_spawned":[1,7,8,19,20,27,41,45],"ascension_level":9}