{"gold_per_floor":[361,11,30,99,117,149,164,192,219,219,219,245,245,245,245,348,348,348,348,348,348,348,348,348,46,46,46,46,46,46,46,46,46],"floor_reached":33,"playtime":2636,"items_purged":[],"score":301,"play_id":"cd52b1d0-3277-4e80-aeb6-9cb6f6ed32fa","local_time":"20190317213012","is_ascension_mode":false,"campfire_choices":[{"data":"Clothesline","floor":10,"key":"SMITH"},{"data":"Double Tap","floor":15,"key":"SMITH"},{"data":"1","floor":27,"key":"LIFT"},{"data":"2","floor":29,"key":"LIFT"},{"floor":32,"key":"REST"}],"neow_cost":"TEN_PERCENT_HP_LOSS","seed_source_timestamp":374563792939619,"circlet_count":0,"master_deck":["Strike_R","Strike_R","Strike_R","Strike_R","Strike_R","Defend_R","Defend_R","Defend_R","Defend_R","Bash","Clothesline+1","Twin Strike","Rampage","Armaments","Anger","Whirlwind","Double Tap+1","Barricade","Entrench","Headbutt","Shrug It Off","Armaments"],"relics":["Burning Blood","Magic Flower","Centennial Puzzle","Potion Belt","Oddly Smooth Stone","Ancient Tea Set","Ectoplasm","MawBank","Girya","Frozen Egg 2"],"potions_floor_usage":[6,8,8,16,23,31,31,33],"damage_taken":[{"damage":6,"enemies":"Cultist","floor":1,"turns":3},{"damage":0,"enemies":"2 Louse","floor":3,"turns":3},{"damage":0,"enemies":"Small Slimes","floor":5,"turns":2},{"damage":16,"enemies":"Lagavulin","floor":6,"turns":8},{"damage":2,"enemies":"3 Louse","floor":7,"turns":4},{"damage":20,"enemies":"Gremlin Nob","floor":8,"turns":4},{"damage":17,"enemies":"Lagavulin","floor":12,"turns":8},{"damage":28,"enemies":"Hexaghost","floor":16,"turns":9},{"damage":4,"enemies":"3 Byrds","floor":18,"turns":3},{"damage":16,"enemies":"Chosen","floor":22,"turns":5},{"damage":25,"enemies":"Book of Stabbing","floor":23,"turns":5},{"damage":2,"enemies":"Centurion and Healer","floor":24,"turns":5},{"damage":22,"enemies":"Snake Plant","floor":30,"turns":4},{"damage":28,"enemies":"Slavers","floor":31,"turns":4},{"damage":76,"enemies":"Automaton","floor":33,"turns":6}],"seed_played":"7240576862464561550","potions_obtained":[{"floor":5,"key":"Weak Potion"},{"floor":6,"key":"FearPotion"},{"floor":7,"key":"LiquidBronze"},{"floor":12,"key":"PowerPotion"},{"floor":16,"key":"BloodPotion"},{"floor":22,"key":"Strength Potion"},{"floor":24,"key":"EssenceOfSteel"},{"floor":31,"key":"Block Potion"}],"is_trial":false,"path_per_floor":["$","M","?","?","?","?","?","?","?","$","?"],"character_chosen":"IRONCLAD","items_purchased":["Twin Strike","Magic Flower","Girya"],"campfire_rested":1,"item_purchase_floors":[2,2,25],"current_hp_per_floor":[72,72,72,72,72,65,72,61,61,61,49,41,41,41,41,22,72,72,72,72,72,65,49,56,56,56,56,56,56,43,35,56,0],"gold":46,"neow_bonus":"TWO_FIFTY_GOLD","is_prod":false,"is_daily":false,"chose_seed":false,"campfire_upgraded":2,"win_rate":0,"timestamp":1552869012,"path_taken":["M","?","?","?","M","E","M","E","T","R","?","E","?","?","R","BOSS","M","?","?","?","M","E","M","?","T","R","?","R","M","E","R","BOSS"],"build_version":"2019-01-23","purchased_purges":0,"victory":false,"max_hp_per_floor":[72,72,72,72,72,72,72,72,72,72,72,72,72,72,72,72,72,72,72,72,72,72,72,72,72,72,72,72,72,72,72,72,72],"card_choices":[{"not_picked":["True Grit","Clash"],"picked":"Clothesline","floor":1},{"not_picked":["Battle Trance","Wild Strike"],"picked":"Rampage","floor":3},{"not_picked":["Feel No Pain","Heavy Blade"],"picked":"Armaments","floor":5},{"not_picked":["Infernal Blade","Flex"],"picked":"Anger","floor":6},{"not_picked":["Armaments","Warcry"],"picked":"Whirlwind","floor":7},{"not_picked":["Havoc","Clash","Thunderclap"],"picked":"SKIP","floor":8},{"not_picked":["Pommel Strike","Cleave"],"picked":"Double Tap","floor":12},{"not_picked":["Juggernaut","Reaper"],"picked":"Barricade","floor":16},{"not_picked":["Intimidate","Perfected Strike+1"],"picked":"Entrench","floor":18},{"not_picked":["Thunderclap","Clash+1","Armaments"],"picked":"SKIP","floor":22},{"not_picked":["Headbutt","True Grit"],"picked":"Shrug It Off","floor":23},{"not_picked":["Clash+1","Thunderclap","Rupture"],"picked":"SKIP","floor":24},{"not_picked":["Immolate","Rampage+1"],"picked":"Armaments","floor":30},{"not_picked":["Twin Strike+1","Perfected Strike","Cleave"],"picked":"SKIP","floor":31}],"player_experience":332851,"relics_obtained":[{"floor":6,"key":"Centennial Puzzle"},{"floor":8,"key":"Potion Belt"},{"floor":9,"key":"Oddly Smooth Stone"},{"floor":12,"key":"Ancient Tea Set"},{"floor":23,"key":"MawBank"},{"floor":31,"key":"Frozen Egg 2"}],"event_choices":[{"damage_healed":0,"gold_gain":69,"player_choice":"Gained Gold","damage_taken":0,"max_hp_gain":0,"max_hp_loss":0,"event_name":"Golden Wing","floor":4,"gold_loss":0},{"damage_healed":0,"gold_gain":0,"player_choice":"Fled","damage_taken":12,"max_hp_gain":0,"max_hp_loss":0,"event_name":"Scrap Ooze","floor":11,"gold_loss":0},{"damage_healed":0,"gold_gain":0,"player_choice":"Ignored","damage_taken":0,"max_hp_gain":0,"max_hp_loss":0,"event_name":"Liars Game","floor":13,"gold_loss":0},{"damage_healed":0,"gold_gain":0,"player_choice":"Ignored","damage_taken":0,"max_hp_gain":0,"max_hp_loss":0,"event_name":"Shining Light","floor":14,"gold_loss":0},{"damage_healed":0,"gold_gain":0,"player_choice":"Read","damage_taken":0,"max_hp_gain":0,"max_hp_loss":0,"event_name":"The Library","floor":19,"gold_loss":0,"cards_obtained":["Headbutt"]},{"damage_healed":0,"gold_gain":0,"player_choice":"Ignored","damage_taken":0,"max_hp_gain":0,"max_hp_loss":0,"event_name":"Vampires","floor":20,"gold_loss":0},{"damage_healed":0,"gold_gain":0,"player_choice":"Ignored","damage_taken":0,"max_hp_gain":0,"max_hp_loss":0,"event_name":"Ghosts","floor":21,"gold_loss":0},{"damage_healed":0,"gold_gain":0,"player_choice":"Ignored","damage_taken":0,"max_hp_gain":0,"max_hp_loss":0,"event_name":"The Mausoleum","floor":28,"gold_loss":0}],"is_beta":false,"boss_relics":[{"not_picked":["Coffee Dripper","Eternal Feather"],"picked":"Ectoplasm"}],"items_purged_floors":[],"is_endless":false,"potions_floor_spawned":[5,6,7,12,16,22,24,31],"killed_by":"Automaton","ascension_level":0}