{"gold_per_floor":[112,126,143,143,158,202,257,257,257,290,303,303,324,355,355,355],"floor_reached":16,"playtime":1920,"items_purged":[],"score":122,"play_id":"64e8d8b2-57bd-4827-ba40-7c11beab4b8c","local_time":"20190318224230","is_ascension_mode":false,"campfire_choices":[{"floor":8,"key":"REST"},{"data":"Backflip","floor":12,"key":"SMITH"},{"data":"Well Laid Plans","floor":15,"key":"SMITH"}],"neow_cost":"NONE","seed_source_timestamp":466024430206537,"circlet_count":0,"master_deck":["Defend_G","Defend_G","Defend_G","Defend_G","Defend_G","Strike_G","Strike_G","Strike_G","Strike_G","Strike_G","Survivor","Neutralize+1","Flying Knee","Dodge and Roll","Predator","Injury","Backflip+1","Well Laid Plans+1","Cloak And Dagger","Dash"],"relics":["Ring of the Snake","Golden Idol","Vajra","Gremlin Horn","Turnip","Ornamental Fan"],"potions_floor_usage":[6,10,14],"damage_taken":[{"damage":0,"enemies":"2 Louse","floor":1,"turns":3},{"damage":0,"enemies":"Jaw Worm","floor":2,"turns":3},{"damage":0,"enemies":"Small Slimes","floor":3,"turns":4},{"damage":9,"enemies":"3 Louse","floor":5,"turns":5},{"damage":17,"enemies":"3 Sentries","floor":6,"turns":11},{"damage":7,"enemies":"Lagavulin","floor":10,"turns":9},{"damage":5,"enemies":"2 Fungi Beasts","floor":11,"turns":4},{"damage":6,"enemies":"Large Slime","floor":13,"turns":7},{"damage":10,"enemies":"Gremlin Nob","floor":14,"turns":3},{"damage":43,"enemies":"Slime Boss","floor":16,"turns":13}],"seed_played":"5941805898117411798","potions_obtained":[{"floor":3,"key":"Poison Potion"},{"floor":5,"key":"LiquidBronze"},{"floor":13,"key":"FearPotion"}],"is_trial":false,"path_per_floor":["?","?"],"character_chosen":"THE_SILENT","items_purchased":[],"campfire_rested":1,"item_purchase_floors":[],"current_hp_per_floor":[70,70,70,70,61,44,44,65,65,58,53,53,47,37,37,0],"gold":355,"neow_bonus":"UPGRADE_CARD","is_prod":false,"is_daily":false,"chose_seed":false,"campfire_upgraded":2,"win_rate":0,"timestamp":1552959750,"path_taken":["M","M","M","?","M","E","?","R","T","E","M","R","M","E","R","BOSS"],"build_version":"2019-01-23","purchased_purges":0,"victory":false,"max_hp_per_floor":[70,70,70,70,70,70,70,70,70,70,70,70,70,70,70,70],"card_choices":[{"not_picked":["Bane","Eviscerate"],"picked":"Flying Knee","floor":1},{"not_picked":["Poisoned Stab","Bane"],"picked":"Dodge and Roll","floor":2},{"not_picked":["Flying Knee","Prepared"],"picked":"Predator","floor":3},{"not_picked":["Deadly Poison","Bane","Masterful Stab"],"picked":"SKIP","floor":5},{"not_picked":["Cloak And Dagger","Doppelganger"],"picked":"Backflip","floor":6},{"not_picked":["Sucker Punch","Dash"],"picked":"Well Laid Plans","floor":10},{"not_picked":["Sucker Punch","Acrobatics"],"picked":"Cloak And Dagger","floor":11},{"not_picked":["Finisher","Blade Dance","Dagger Throw"],"picked":"SKIP","floor":13},{"not_picked":["Storm of Steel","All Out Attack"],"picked":"Dash","floor":14}],"player_experience":355721,"relics_obtained":[{"floor":6,"key":"Vajra"},{"floor":9,"key":"Gremlin Horn"},{"floor":10,"key":"Turnip"},{"floor":14,"key":"Ornamental Fan"}],"event_choices":[{"damage_healed":0,"gold_gain":0,"player_choice":"Take Wound","damage_taken":0,"relics_obtained":["Golden Idol"],"max_hp_gain":0,"max_hp_loss":0,"event_name":"Golden Idol","floor":4,"gold_loss":0,"cards_obtained":["Injury"]},{"damage_healed":0,"gold_gain":55,"player_choice":"Gained Gold","damage_taken":0,"max_hp_gain":0,"max_hp_loss":0,"event_name":"Golden Wing","floor":7,"gold_loss":0}],"is_beta":false,"boss_relics":[],"items_purged_floors":[],"is_endless":false,"potions_floor_spawned":[3,5,13],"killed_by":"Slime Boss","ascension_level":0}