{"gold_per_floor":[114,114,114,124,143,174,190,190,190,90,105,119,136,136,136,235,235,250,267,282,91,91,43,43,43,43,63,63,73,73,96,96,96],"floor_reached":33,"playtime":2866,"items_purged":["Doubt"],"score":249,"play_id":"c4581d0f-c8ab-4097-9004-1657dbf69edd","local_time":"20190215215920","is_ascension_mode":false,"campfire_choices":[{"floor":8,"key":"REST"},{"floor":15,"key":"REST"},{"floor":24,"key":"REST"},{"floor":30,"key":"REST"},{"floor":32,"key":"REST"}],"neow_cost":"CURSE","seed_source_timestamp":16733749337430,"circlet_count":0,"master_deck":["Defend_G","Defend_G","Defend_G","Defend_G","Defend_G","Strike_G","Strike_G","Strike_G","Strike_G","Strike_G","Survivor","Neutralize+1","Corpse Explosion+1","Poisoned Stab","Flying Knee","Flying Knee","Dodge and Roll","Blur","Bane","Bane","Setup+1","Backflip+1","Night Terror+1","Catalyst+1","Outmaneuver+1","Acrobatics+1","Pain","Dash","Poisoned Stab"],"relics":["Ring of the Snake","Matryoshka","Dodecahedron","Ancient Tea Set","Toxic Egg 2","Philosopher\u0027s Stone","MealTicket","WarpedTongs","Letter Opener","Vajra"],"potions_floor_usage":[16,33,33,33],"damage_taken":[{"damage":0,"enemies":"2 Louse","floor":1,"turns":3},{"damage":1,"enemies":"Cultist","floor":4,"turns":4},{"damage":9,"enemies":"Jaw Worm","floor":5,"turns":5},{"damage":29,"enemies":"Gremlin Nob","floor":6,"turns":5},{"damage":18,"enemies":"Gremlin Gang","floor":7,"turns":4},{"damage":4,"enemies":"3 Louse","floor":11,"turns":5},{"damage":0,"enemies":"Exordium Wildlife","floor":12,"turns":4},{"damage":0,"enemies":"2 Fungi Beasts","floor":13,"turns":2},{"damage":37,"enemies":"Slime Boss","floor":16,"turns":15},{"damage":23,"enemies":"Chosen","floor":18,"turns":5},{"damage":12,"enemies":"2 Thieves","floor":19,"turns":3},{"damage":31,"enemies":"Snecko","floor":20,"turns":6},{"damage":12,"enemies":"Cultist and Chosen","floor":27,"turns":2},{"damage":12,"enemies":"Snake Plant","floor":29,"turns":3},{"damage":55,"enemies":"Collector","floor":33,"turns":6}],"seed_played":"2132847660762985838","potions_obtained":[{"floor":12,"key":"FearPotion"},{"floor":13,"key":"Ancient Potion"},{"floor":18,"key":"LiquidBronze"},{"floor":27,"key":"Fire Potion"}],"is_trial":false,"path_per_floor":["?","?","M","$","?","M","?","$","?","M","?","M","T"],"character_chosen":"THE_SILENT","items_purchased":["Bane","MealTicket","Acrobatics+1"],"campfire_rested":5,"item_purchase_floors":[10,21,23],"current_hp_per_floor":[70,63,63,62,53,24,6,27,27,27,23,23,23,23,44,7,70,47,35,4,4,4,4,25,25,25,13,13,1,22,22,43,0],"gold":96,"neow_bonus":"THREE_RARE_CARDS","is_prod":false,"is_daily":false,"chose_seed":false,"campfire_upgraded":0,"win_rate":0,"timestamp":1550278760,"path_taken":["M","?","?","M","?","E","M","R","T","?","M","M","M","?","R","BOSS","M","M","?","$","?","?","R","?","T","?","?","?","R","?","R","BOSS"],"build_version":"2019-01-23","purchased_purges":1,"victory":false,"max_hp_per_floor":[70,70,70,70,70,70,70,70,70,70,70,70,70,70,70,70,70,70,70,70,70,70,70,70,70,70,70,70,70,70,70,70,70],"card_choices":[{"not_picked":["Unload","Glass Knife"],"picked":"Corpse Explosion","floor":0},{"not_picked":["PiercingWail","Dodge and Roll"],"picked":"Poisoned Stab","floor":1},{"not_picked":["Underhanded Strike","Blade Dance"],"picked":"Flying Knee","floor":4},{"not_picked":["PiercingWail","Sucker Punch"],"picked":"Flying Knee","floor":5},{"not_picked":["Choke","Escape Plan"],"picked":"Dodge and Roll","floor":6},{"not_picked":["After Image","Quick Slash"],"picked":"Blur","floor":7},{"not_picked":["Finisher","Sucker Punch"],"picked":"Bane","floor":11},{"not_picked":["Unload","Accuracy"],"picked":"Setup+1","floor":12},{"not_picked":["Predator","Setup+1"],"picked":"Backflip+1","floor":13},{"not_picked":["Venomology+1","Glass Knife"],"picked":"Night Terror+1","floor":16},{"not_picked":["Riddle With Holes+1","Concentrate+1"],"picked":"Catalyst+1","floor":18},{"not_picked":["Dagger Throw","Bane"],"picked":"Outmaneuver+1","floor":19},{"not_picked":["Reflex+1","Sucker Punch","Cloak And Dagger+1"],"picked":"SKIP","floor":20},{"not_picked":["Sucker Punch","Calculated Gamble+1"],"picked":"Dash","floor":27},{"not_picked":["Escape Plan+1","Calculated Gamble+1"],"picked":"Poisoned Stab","floor":29}],"player_experience":189750,"relics_obtained":[{"floor":3,"key":"Matryoshka"},{"floor":6,"key":"Dodecahedron"},{"floor":9,"key":"Ancient Tea Set"},{"floor":9,"key":"Toxic Egg 2"},{"floor":26,"key":"Letter Opener"},{"floor":31,"key":"Vajra"}],"event_choices":[{"damage_healed":0,"gold_gain":0,"player_choice":"Fled","damage_taken":7,"max_hp_gain":0,"max_hp_loss":0,"event_name":"Scrap Ooze","floor":2,"gold_loss":0},{"damage_healed":0,"gold_gain":0,"player_choice":"Relic","damage_taken":0,"max_hp_gain":0,"max_hp_loss":0,"event_name":"Wheel of Change","floor":3,"gold_loss":0},{"damage_healed":0,"gold_gain":0,"player_choice":"Upgraded","damage_taken":0,"max_hp_gain":0,"max_hp_loss":0,"event_name":"Upgrade Shrine","floor":14,"gold_loss":0,"cards_upgraded":["Corpse Explosion"]},{"damage_healed":0,"gold_gain":0,"player_choice":"Ignored","damage_taken":0,"max_hp_gain":0,"max_hp_loss":0,"event_name":"Cursed Tome","floor":22,"gold_loss":0},{"damage_healed":0,"gold_gain":0,"player_choice":"Rummage","damage_taken":0,"relics_obtained":["WarpedTongs"],"max_hp_gain":0,"max_hp_loss":0,"event_name":"Accursed Blacksmith","floor":25,"gold_loss":0,"cards_obtained":["Pain"]},{"damage_healed":0,"gold_gain":0,"player_choice":"Upgraded","damage_taken":0,"max_hp_gain":0,"max_hp_loss":0,"event_name":"Upgrade Shrine","floor":28,"gold_loss":0,"cards_upgraded":["Neutralize"]}],"is_beta":false,"boss_relics":[{"not_picked":["Busted Crown","Fusion Hammer"],"picked":"Philosopher\u0027s Stone"}],"items_purged_floors":[10],"is_endless":false,"potions_floor_spawned":[12,13,18,27],"killed_by":"Collector","ascension_level":0}