{"gold_per_floor":[110,130,57,74,74,74,74,88,88,163,173,184,199,3,3],"floor_reached":15,"playtime":331,"items_purged":[],"score":89,"play_id":"ad6cf02c-db20-4bed-b033-7638a135e667","local_time":"20180805232048","is_ascension_mode":false,"campfire_choices":[{"data":"Flex","floor":6.0,"key":"SMITH"}],"neow_cost":"","seed_source_timestamp":0,"circlet_count":0,"master_deck":["Strike_R","Strike_R","Strike_R","Strike_R","Strike_R","Defend_R","Defend_R","Defend_R","Bash","Armaments","Flex+1","Battle Trance","Thunderclap","Bash","Spot Weakness"],"special_seed":0,"relics":["Burning Blood","Letter Opener","Lee\u0027s Waffle"],"potions_floor_usage":[],"damage_taken":[{"damage":11.0,"enemies":"Jaw Worm","floor":1.0,"turns":2.0},{"damage":6.0,"enemies":"Cultist","floor":2.0,"turns":3.0},{"damage":7.0,"enemies":"2 Louse","floor":4.0,"turns":3.0},{"damage":12.0,"enemies":"Blue Slaver","floor":8.0,"turns":2.0},{"damage":36.0,"enemies":"Gremlin Gang","floor":11.0,"turns":5.0},{"damage":3.0,"enemies":"Red Slaver","floor":12.0,"turns":2.0},{"damage":8.0,"enemies":"Exordium Wildlife","floor":13.0,"turns":3.0}],"seed_played":"-2540453183170749931","potions_obtained":[{"floor":2.0,"key":"Energy Potion"},{"floor":8.0,"key":"SpeedPotion"},{"floor":11.0,"key":"Dexterity Potion"},{"floor":13.0,"key":"AttackPotion"}],"is_trial":false,"path_per_floor":["M","M","$","M","?","R","?","M","T","?","M","M","M","$"],"character_chosen":"IRONCLAD","items_purchased":["Battle Trance","Lee\u0027s Waffle"],"campfire_rested":0,"item_purchase_floors":[3,14],"current_hp_per_floor":[75,75,75,74,74,74,74,68,68,57,27,30,28,87,87],"gold":3,"neow_bonus":"","is_prod":false,"is_daily":false,"chose_seed":false,"campfire_upgraded":1,"win_rate":0,"timestamp":1533525648,"path_taken":["M","M","$","M","?","R","?","M","T","?","M","M","?","?","R"],"build_version":"2018-08-02","purchased_purges":0,"victory":false,"max_hp_per_floor":[80,80,80,80,80,80,80,80,80,80,80,80,80,87,87],"card_choices":[{"not_picked":["Warcry","Headbutt"],"picked":"Armaments","floor":1.0},{"not_picked":["Shrug It Off","Twin Strike"],"picked":"Flex","floor":2.0},{"not_picked":["Armaments","Infernal Blade"],"picked":"Thunderclap","floor":4.0},{"not_picked":["Battle Trance","Warcry"],"picked":"Spot Weakness","floor":8.0},{"not_picked":["True Grit","Sever Soul","Flex"],"picked":"SKIP","floor":11.0},{"not_picked":["Havoc","Warcry","Fire Breathing"],"picked":"SKIP","floor":12.0},{"not_picked":["Havoc","Reckless Charge","Flame Barrier"],"picked":"SKIP","floor":13.0}],"player_experience":339076,"relics_obtained":[{"floor":9.0,"key":"Letter Opener"}],"event_choices":[{"event_name":"Match and Keep!","player_choice":"1 cards matched","floor":5.0,"damage_taken":0.0},{"event_name":"Bonfire Elementals","player_choice":"BASIC","floor":7.0,"damage_taken":0.0},{"event_name":"World of Goop","player_choice":"Gather Gold","floor":10.0,"damage_taken":0.0}],"is_beta":false,"boss_relics":[],"items_purged_floors":[],"is_endless":false,"potions_floor_spawned":[2,8,11,13],"ascension_level":0}