{"gold_per_floor":[10,10,10,10,30,30,30,40,40,40,55,55,73,91,91,196,196,209,209,224,149,168,168,168,168,168,181,200,211,224,242,242,242],"floor_reached":33,"playtime":1831,"items_purged":["Defend_B"],"score":243,"play_id":"b6410659-9063-43f4-80a5-d82ec30478d5","local_time":"20180706121847","is_ascension_mode":false,"campfire_choices":[{"floor":6,"key":"DIG"},{"floor":12,"key":"DIG"},{"floor":15,"key":"REST"},{"floor":23,"key":"REST"},{"floor":25,"key":"REST"},{"floor":32,"key":"REST"}],"neow_cost":"NO_GOLD","seed_source_timestamp":1332195422108695,"circlet_count":0,"master_deck":["Strike_B","Strike_B","Strike_B+1","Strike_B","Defend_B+1","Zap","Hologram","Streamline","Go for the Eyes","Rebound+1"],"relics":["Cracked Core","Shovel","Anchor","Question Card","Meat on the Bone","Vajra","Empty Cage","Mummified Hand"],"potions_floor_usage":[8,16,16,27,27,31,31,31],"damage_taken":[{"damage":6,"enemies":"2 Louse","floor":1,"turns":2},{"damage":1,"enemies":"Jaw Worm","floor":5,"turns":3},{"damage":3,"enemies":"Cultist","floor":8,"turns":3},{"damage":7,"enemies":"3 Louse","floor":11,"turns":3},{"damage":3,"enemies":"Lots of Slimes","floor":13,"turns":3},{"damage":2,"enemies":"Looter","floor":14,"turns":3},{"damage":52,"enemies":"Hexaghost","floor":16,"turns":9},{"damage":28,"enemies":"Spheric Guardian","floor":18,"turns":4},{"damage":26,"enemies":"3 Byrds","floor":20,"turns":5},{"damage":28,"enemies":"Sentry and Sphere","floor":22,"turns":4},{"damage":12,"enemies":"Centurion and Healer","floor":27,"turns":5},{"damage":31,"enemies":"Cultist and Chosen","floor":28,"turns":5},{"damage":19,"enemies":"Chosen and Byrds","floor":29,"turns":5},{"damage":21,"enemies":"Snecko","floor":30,"turns":4},{"damage":2,"enemies":"Cultist and Chosen","floor":31,"turns":4},{"damage":77,"enemies":"Collector","floor":33,"turns":5}],"seed_played":"-1291045777586356799","potions_obtained":[{"floor":1,"key":"Energy Potion"},{"floor":7,"key":"Fruit Juice"},{"floor":7,"key":"GamblersBrew"},{"floor":8,"key":"Block Potion"},{"floor":16,"key":"Energy Potion"},{"floor":18,"key":"Weak Potion"},{"floor":22,"key":"FearPotion"},{"floor":29,"key":"SkillPotion"},{"floor":30,"key":"EssenceOfSteel"}],"is_trial":false,"path_per_floor":["M","?","?","?","M","R","?","M","T","$","M","R","M","M","R","B",null,"M","?","M","$","M","R","?","R","T","M","M","M","M","M","R"],"character_chosen":"DEFECT","items_purchased":[],"campfire_rested":4,"item_purchase_floors":[],"current_hp_per_floor":[69,69,69,54,53,53,53,55,55,55,48,48,45,43,67,27,80,52,52,38,38,22,46,46,70,70,58,39,32,23,33,57,0],"gold":242,"neow_bonus":"ONE_RARE_RELIC","is_prod":false,"is_daily":false,"chose_seed":false,"campfire_upgraded":0,"win_rate":0.0,"timestamp":1530893927,"path_taken":["M","?","?","?","M","R","?","M","T","$","?","R","M","?","R","BOSS","M","?","M","$","M","R","?","R","T","M","M","M","M","M","R","BOSS"],"build_version":"2018-07-05","purchased_purges":1,"victory":false,"max_hp_per_floor":[75,75,75,75,75,75,75,80,80,80,80,80,80,80,80,80,80,80,80,80,80,80,80,80,80,80,80,80,80,80,80,80,80],"card_choices":[{"not_picked":["Self Repair","Barrage"],"picked":"Hologram","floor":1},{"not_picked":["Ball Lightning","Rip and Tear"],"picked":"Streamline","floor":5},{"not_picked":["Hologram","Conserve Battery","Doom and Gloom","Chill"],"picked":"SKIP","floor":8},{"not_picked":["Aggregate","Glacier","Stack","Rip and Tear"],"picked":"SKIP","floor":11},{"not_picked":["Redo","Gash","Electrodynamics","Streamline"],"picked":"SKIP","floor":13},{"not_picked":["Compile Driver","Steam","Redo","Turbo"],"picked":"SKIP","floor":14},{"not_picked":["Ball Lightning","Sweeping Beam+1","Stack","Redo"],"picked":"SKIP","floor":18},{"not_picked":["Steam","Self Repair","Thunder Strike","White Noise"],"picked":"SKIP","floor":20},{"not_picked":["Sweeping Beam+1","Self Repair","Compile Driver+1","Sunder+1"],"picked":"SKIP","floor":22},{"not_picked":["Tempest","Redo","Chaos","Stack"],"picked":"SKIP","floor":27},{"not_picked":["Sweeping Beam","Darkness","Stack+1","Gash"],"picked":"SKIP","floor":28},{"not_picked":["Force Field","Hologram","Auto Shields","Conserve Battery+1"],"picked":"SKIP","floor":29},{"not_picked":["Tempest","Coolheaded+1","Ball Lightning"],"picked":"Rebound+1","floor":30},{"not_picked":["Storm","Defragment+1","Capacitor","Loop"],"picked":"SKIP","floor":31}],"player_experience":86758,"relics_obtained":[{"floor":6,"key":"Question Card"},{"floor":9,"key":"Meat on the Bone"},{"floor":12,"key":"Vajra"},{"floor":26,"key":"Mummified Hand"}],"event_choices":[{"event_name":"The Cleric","player_choice":"Leave","floor":2,"damage_taken":0},{"event_name":"Wheel of Change","player_choice":"Relic","floor":3,"damage_taken":0},{"event_name":"Shining Light","player_choice":"Entered Light","floor":4,"damage_taken":0},{"event_name":"The Lab","player_choice":"Got Potions","floor":7,"damage_taken":0},{"event_name":"Ghosts","player_choice":"Ignored","floor":19,"damage_taken":0},{"event_name":"Transmorgrifier","player_choice":"Transform","floor":24,"damage_taken":0}],"boss_relics":[{"not_picked":["Coffee Dripper","Inserter"],"picked":"Empty Cage"}],"items_purged_floors":[21],"is_endless":false,"potions_floor_spawned":[1,8,11,16,18,22,29,30],"killed_by":"Collector","ascension_level":0}