{"gold_per_floor":[116,132,144,156,156,156,156,156,156,176,196,119,131,164,164,262,262,281,299,299,389,409,409,425,436,436,436,465,475,165,177,177,274,274,293,293,303,314,314,314,123,140,140,160,160,160,35,50,50,50],"floor_reached":50,"playtime":3979,"items_purged":[],"score":495,"play_id":"ca981fe7-ea46-4ae8-b5f5-8a326445d6d1","local_time":"20190308060043","is_ascension_mode":false,"campfire_choices":[{"data":"Double Tap","floor":6,"key":"SMITH"},{"floor":15,"key":"REST"},{"data":"Whirlwind","floor":23,"key":"SMITH"},{"floor":27,"key":"REST"},{"data":"Shockwave","floor":32,"key":"SMITH"},{"floor":40,"key":"RECALL"},{"data":"Trip","floor":45,"key":"SMITH"},{"data":"Rampage","floor":49,"key":"SMITH"}],"neow_cost":"NONE","seed_source_timestamp":538579808143425,"circlet_count":0,"master_deck":["Strike_R","Strike_R","Strike_R","Strike_R","Defend_R","Defend_R","Defend_R","Defend_R","Bash","Double Tap+1","Anger","Anger","Armaments","Pommel Strike","Ghostly Armor","Whirlwind+1","Rampage+1","Warcry","Pommel Strike+1","Carnage+1","Clothesline","Shockwave+1","Flex+1","Flex+1","Iron Wave+1","Double Tap+1","Trip+1","Shrug It Off","Shrug It Off","Iron Wave+1"],"relics":["Burning Blood","Gremlin Horn","Cursed Key","MutagenicStrength","Singing Bowl","Membership Card","Pantograph","Coffee Dripper","Paper Frog","Shuriken"],"potions_floor_usage":[14,16,25,31,33,33,38,50],"damage_taken":[{"damage":1,"enemies":"Cultist","floor":1,"turns":3},{"damage":4,"enemies":"2 Louse","floor":2,"turns":3},{"damage":7,"enemies":"Small Slimes","floor":3,"turns":3},{"damage":0,"enemies":"3 Louse","floor":4,"turns":3},{"damage":18,"enemies":"Exordium Thugs","floor":10,"turns":5},{"damage":7,"enemies":"Blue Slaver","floor":11,"turns":2},{"damage":0,"enemies":"2 Fungi Beasts","floor":13,"turns":4},{"damage":29,"enemies":"Lagavulin","floor":14,"turns":7},{"damage":63,"enemies":"Hexaghost","floor":16,"turns":8},{"damage":31,"enemies":"2 Thieves","floor":18,"turns":4},{"damage":0,"enemies":"Spheric Guardian","floor":19,"turns":3},{"damage":5,"enemies":"Cultist and Chosen","floor":22,"turns":4},{"damage":34,"enemies":"Shelled Parasite and Fungi","floor":24,"turns":5},{"damage":19,"enemies":"Snecko","floor":25,"turns":6},{"damage":0,"enemies":"Slavers","floor":28,"turns":1},{"damage":0,"enemies":"Chosen and Byrds","floor":29,"turns":3},{"damage":2,"enemies":"Cultist and Chosen","floor":31,"turns":4},{"damage":16,"enemies":"Collector","floor":33,"turns":6},{"damage":0,"enemies":"3 Darklings","floor":35,"turns":2},{"damage":16,"enemies":"Orb Walker","floor":37,"turns":4},{"damage":7,"enemies":"Transient","floor":38,"turns":5},{"damage":12,"enemies":"4 Shapes","floor":42,"turns":2},{"damage":27,"enemies":"Sphere and 2 Shapes","floor":44,"turns":4},{"damage":38,"enemies":"Maw","floor":48,"turns":7},{"damage":58,"enemies":"Time Eater","floor":50,"turns":4}],"seed_played":"-8888302629328304486","potions_obtained":[{"floor":3,"key":"LiquidBronze"},{"floor":10,"key":"AttackPotion"},{"floor":13,"key":"GamblersBrew"},{"floor":14,"key":"Dexterity Potion"},{"floor":19,"key":"Strength Potion"},{"floor":31,"key":"Ancient Potion"},{"floor":37,"key":"GamblersBrew"},{"floor":44,"key":"SkillPotion"}],"is_trial":false,"path_per_floor":["?","?","?","?","M","?","?","M","T"],"character_chosen":"IRONCLAD","items_purchased":["Whirlwind","Membership Card","Pantograph","Trip","Paper Frog","Shrug It Off","Shuriken"],"campfire_rested":2,"item_purchase_floors":[12,30,30,41,41,41,47],"current_hp_per_floor":[80,80,79,80,80,80,80,85,85,73,72,72,78,55,80,23,85,60,66,66,50,51,51,23,10,10,35,43,49,49,55,55,72,91,91,91,81,80,80,80,80,76,76,55,55,55,55,23,23,0],"gold":50,"neow_bonus":"ONE_RANDOM_RARE_CARD","is_prod":false,"is_daily":false,"chose_seed":false,"campfire_upgraded":5,"win_rate":0,"timestamp":1552035643,"path_taken":["M","M","M","M","?","R","$","?","T","M","M","$","M","E","R","BOSS","M","M","?","?","M","R","M","?","T","R","E","M","$","M","R","BOSS","M","?","M","M","?","R","$","?","T","M","R","?","$","M","R","BOSS"],"build_version":"2019-01-23","purchased_purges":0,"victory":false,"max_hp_per_floor":[80,80,80,80,80,80,80,85,85,85,85,85,85,85,85,85,85,85,85,85,85,85,85,85,85,85,85,87,87,87,89,89,91,91,91,91,91,91,91,91,91,93,93,93,93,93,93,93,93,93],"card_choices":[{"not_picked":["Warcry","Flex"],"picked":"Anger","floor":1},{"not_picked":["Sever Soul","Heavy Blade"],"picked":"Anger","floor":2},{"not_picked":["Bloodletting","Havoc"],"picked":"Armaments","floor":3},{"not_picked":["Whirlwind","Reaper"],"picked":"Pommel Strike","floor":4},{"not_picked":["Perfected Strike","Second Wind","Warcry"],"picked":"SKIP","floor":10},{"not_picked":["Corruption","Sever Soul"],"picked":"Ghostly Armor","floor":11},{"not_picked":["Body Slam","Battle Trance"],"picked":"Rampage","floor":13},{"not_picked":["Body Slam","Clothesline"],"picked":"Warcry","floor":14},{"not_picked":["Metallicize","Cleave"],"picked":"Pommel Strike+1","floor":18},{"not_picked":["Flex+1","Warcry"],"picked":"Carnage+1","floor":19},{"not_picked":["Fire Breathing","Sentinel","True Grit"],"picked":"SKIP","floor":22},{"not_picked":["Clash","Heavy Blade","True Grit+1"],"picked":"SKIP","floor":24},{"not_picked":["Hemokinesis","Second Wind"],"picked":"Clothesline","floor":25},{"not_picked":["Bloodletting","Whirlwind","Thunderclap"],"picked":"Singing Bowl","floor":28},{"not_picked":["Feel No Pain","Power Through"],"picked":"Shockwave","floor":29},{"not_picked":["Spot Weakness","Second Wind","Blood for Blood"],"picked":"Singing Bowl","floor":31},{"not_picked":["Reaper","Fiend Fire","Impervious"],"picked":"Singing Bowl","floor":33},{"not_picked":["Havoc","Warcry"],"picked":"Flex+1","floor":35},{"not_picked":["Feel No Pain+1","True Grit"],"picked":"Flex+1","floor":37},{"not_picked":["Havoc+1","Warcry+1"],"picked":"Iron Wave+1","floor":38},{"not_picked":["Sentinel+1","Spot Weakness","Sword Boomerang"],"picked":"Singing Bowl","floor":42},{"not_picked":["Reckless Charge+1","Armaments+1"],"picked":"Shrug It Off","floor":44},{"not_picked":["Hemokinesis","True Grit"],"picked":"Iron Wave+1","floor":48}],"player_experience":277727,"relics_obtained":[{"floor":14,"key":"Gremlin Horn"},{"floor":28,"key":"Singing Bowl"}],"event_choices":[{"damage_healed":0,"gold_gain":0,"player_choice":"Leave","damage_taken":0,"max_hp_gain":0,"max_hp_loss":0,"event_name":"The Cleric","floor":5,"gold_loss":0},{"damage_healed":0,"gold_gain":0,"player_choice":"Donut","damage_taken":0,"max_hp_gain":5,"max_hp_loss":0,"event_name":"Big Fish","floor":8,"gold_loss":0},{"damage_healed":0,"gold_gain":0,"player_choice":"Inject Mutagens","damage_taken":0,"relics_obtained":["MutagenicStrength"],"max_hp_gain":0,"max_hp_loss":0,"event_name":"Drug Dealer","floor":20,"gold_loss":0},{"damage_healed":0,"gold_gain":90,"player_choice":"GOLD ","damage_taken":16,"max_hp_gain":0,"max_hp_loss":0,"event_name":"Knowing Skull","floor":21,"potions_obtained":[],"gold_loss":0,"cards_obtained":[]},{"cards_removed":["Strike_R"],"damage_healed":0,"gold_gain":0,"player_choice":"Removed Attack","damage_taken":0,"max_hp_gain":0,"max_hp_loss":0,"event_name":"Falling","floor":36,"gold_loss":0},{"damage_healed":0,"gold_gain":0,"player_choice":"Copied","damage_taken":0,"max_hp_gain":0,"max_hp_loss":0,"event_name":"Duplicator","floor":39,"gold_loss":0,"cards_obtained":["Double Tap"]}],"is_beta":false,"boss_relics":[{"not_picked":["Tiny House","Black Blood"],"picked":"Cursed Key"},{"not_picked":["Calling Bell","Runic Pyramid"],"picked":"Coffee Dripper"}],"items_purged_floors":[],"is_endless":false,"potions_floor_spawned":[3,10,13,14,19,22,31,37,44],"killed_by":"Time Eater","ascension_level":0}