{"gold_per_floor":[112,130,205,205,216,245,260,270,270,270,270,235,267,70,70,170,170,157,2,2,2,15,15,45,45,69,88,88,143,143,155,155,155],"floor_reached":33,"playtime":3858,"items_purged":[],"score":273,"play_id":"e6c4b671-cd9a-4fb8-b56e-0d2000bca5a4","local_time":"20190315194152","is_ascension_mode":false,"campfire_choices":[{"floor":10,"key":"REST"},{"data":"Cleave","floor":15,"key":"SMITH"},{"data":"Metallicize","floor":23,"key":"SMITH"},{"floor":25,"key":"REST"},{"data":"Metallicize","floor":28,"key":"SMITH"},{"floor":32,"key":"REST"}],"neow_cost":"NONE","seed_source_timestamp":194029410986730,"circlet_count":0,"master_deck":["Strike_R","Strike_R","Strike_R","Strike_R","Strike_R","Defend_R","Defend_R","Defend_R","Defend_R","Bash","Reaper","Thunderclap","Cleave+1","Armaments","Burning Pact","Metallicize+1","Headbutt","Limit Break","Intimidate","Anger","Metallicize+1","Writhe"],"relics":["Burning Blood","Matryoshka","Bag of Marbles","Oddly Smooth Stone","Bottled Flame","ClockworkSouvenir","Lizard Tail","Bronze Scales","PreservedInsect","Orichalcum","Pen Nib","Potion Belt","Sundial"],"potions_floor_usage":[8,8,24,24,27,33],"damage_taken":[{"damage":3,"enemies":"Small Slimes","floor":1,"turns":3},{"damage":15,"enemies":"Jaw Worm","floor":2,"turns":4},{"damage":1,"enemies":"Cultist","floor":5,"turns":3},{"damage":55,"enemies":"Gremlin Nob","floor":6,"turns":6},{"damage":24,"enemies":"Exordium Wildlife","floor":7,"turns":8},{"damage":0,"enemies":"2 Fungi Beasts","floor":8,"turns":2},{"damage":16,"enemies":"3 Sentries","floor":13,"turns":11},{"damage":45,"enemies":"Slime Boss","floor":16,"turns":13},{"damage":30,"enemies":"2 Thieves","floor":18,"turns":4},{"damage":13,"enemies":"3 Byrds","floor":22,"turns":3},{"damage":37,"enemies":"Gremlin Leader","floor":24,"turns":6},{"damage":6,"enemies":"Snake Plant","floor":27,"turns":5},{"damage":5,"enemies":"Cultist and Chosen","floor":31,"turns":6},{"damage":131,"enemies":"Collector","floor":33,"turns":16}],"seed_played":"8928225365445123457","potions_obtained":[{"floor":2,"key":"Swift Potion"},{"floor":6,"key":"LiquidBronze"},{"floor":7,"key":"Block Potion"},{"floor":21,"key":"GamblersBrew"},{"floor":21,"key":"Fire Potion"},{"floor":21,"key":"LiquidBronze"},{"floor":27,"key":"EssenceOfSteel"}],"is_trial":false,"path_per_floor":["?","?","M","?","?","?","?","M","T","?"],"character_chosen":"IRONCLAD","items_purchased":["ClockworkSouvenir","Bronze Scales"],"campfire_rested":3,"item_purchase_floors":[14,19],"current_hp_per_floor":[80,75,64,64,69,26,14,32,32,56,56,76,70,70,70,39,80,60,60,45,45,47,47,16,41,41,41,41,41,41,42,67,0],"gold":155,"neow_bonus":"ONE_RANDOM_RARE_CARD","is_prod":false,"is_daily":false,"chose_seed":false,"campfire_upgraded":3,"win_rate":0,"timestamp":1552689712,"path_taken":["M","M","?","?","?","E","M","M","T","R","?","?","E","$","R","BOSS","M","$","?","?","?","R","E","R","T","M","R","?","?","M","R","BOSS"],"build_version":"2019-01-23","purchased_purges":0,"victory":false,"max_hp_per_floor":[80,80,80,80,80,80,80,80,80,80,80,80,80,80,80,80,80,80,80,85,85,85,85,85,85,85,85,85,85,85,85,85,85],"card_choices":[{"not_picked":["Pommel Strike","Sword Boomerang"],"picked":"Thunderclap","floor":1},{"not_picked":["Pummel","Body Slam"],"picked":"Cleave","floor":2},{"not_picked":["Blood for Blood","Warcry"],"picked":"Armaments","floor":5},{"not_picked":["Barricade","True Grit"],"picked":"Burning Pact","floor":6},{"not_picked":["Uppercut","Armaments"],"picked":"Metallicize","floor":7},{"not_picked":["Thunderclap","Pommel Strike","Evolve"],"picked":"SKIP","floor":8},{"not_picked":["Uppercut","Evolve","Headbutt"],"picked":"SKIP","floor":13},{"not_picked":["Uppercut","Evolve"],"picked":"Headbutt","floor":13},{"not_picked":["Brutality","Impervious"],"picked":"Limit Break","floor":16},{"not_picked":["Pommel Strike","Flex"],"picked":"Intimidate","floor":18},{"not_picked":["Body Slam","Havoc"],"picked":"Anger","floor":22},{"not_picked":["Twin Strike","Armaments+1"],"picked":"Metallicize","floor":24},{"not_picked":["Cleave","Heavy Blade","Whirlwind+1"],"picked":"SKIP","floor":27},{"not_picked":["Impervious","Sword Boomerang","Pommel Strike"],"picked":"SKIP","floor":31}],"player_experience":314139,"relics_obtained":[{"floor":6,"key":"Bag of Marbles"},{"floor":9,"key":"Oddly Smooth Stone"},{"floor":13,"key":"Bottled Flame"},{"floor":24,"key":"PreservedInsect"},{"floor":26,"key":"Orichalcum"},{"floor":26,"key":"Pen Nib"},{"floor":29,"key":"Potion Belt"}],"event_choices":[{"damage_healed":0,"gold_gain":75,"player_choice":"Gather Gold","damage_taken":11,"max_hp_gain":0,"max_hp_loss":0,"event_name":"World of Goop","floor":3,"gold_loss":0},{"damage_healed":0,"gold_gain":0,"player_choice":"Gave Potion","damage_taken":0,"relics_obtained":["Matryoshka"],"max_hp_gain":0,"max_hp_loss":0,"event_name":"WeMeetAgain","floor":4,"gold_loss":0},{"damage_healed":0,"gold_gain":0,"player_choice":"Ignored","damage_taken":0,"max_hp_gain":0,"max_hp_loss":0,"event_name":"Shining Light","floor":11,"gold_loss":0},{"damage_healed":20,"gold_gain":0,"player_choice":"Healed","damage_taken":0,"max_hp_gain":0,"max_hp_loss":0,"event_name":"The Cleric","floor":12,"gold_loss":35},{"damage_healed":0,"gold_gain":0,"player_choice":"Shed Blood","damage_taken":20,"max_hp_gain":5,"max_hp_loss":0,"event_name":"Forgotten Altar","floor":20,"gold_loss":0},{"damage_healed":0,"gold_gain":0,"player_choice":"Got Potions","damage_taken":0,"max_hp_gain":0,"max_hp_loss":0,"event_name":"Lab","floor":21,"gold_loss":0},{"damage_healed":0,"gold_gain":0,"player_choice":"Opened","damage_taken":0,"relics_obtained":["Sundial"],"max_hp_gain":0,"max_hp_loss":0,"event_name":"The Mausoleum","floor":30,"gold_loss":0,"cards_obtained":["Writhe"]}],"is_beta":false,"boss_relics":[{"not_picked":["Coffee Dripper","Runic Pyramid"],"picked":"Lizard Tail"}],"items_purged_floors":[],"is_endless":false,"potions_floor_spawned":[2,6,7,27],"killed_by":"Collector","ascension_level":0}