{"gold_per_floor":[115,128,128,148,19,45,60,60,85,85,99,174,205,6,6,105,105,115,126,225,325,337,372,391,391,414,414,445,445,445,150,150,150],"floor_reached":33,"playtime":1065,"items_purged":["Strike_R","Strike_R","Strike_R+1"],"score":377,"play_id":"26e92d3f-9915-4aa3-9e04-91feb44f108c","local_time":"20190330220534","is_ascension_mode":true,"campfire_choices":[{"data":"Anger","floor":8,"key":"SMITH"},{"data":"Uppercut","floor":10,"key":"SMITH"},{"data":"Thunderclap","floor":15,"key":"SMITH"},{"floor":25,"key":"REST"},{"data":"Shrug It Off","floor":27,"key":"SMITH"},{"floor":32,"key":"REST"}],"neow_cost":"NONE","seed_source_timestamp":8377701189918403,"circlet_count":0,"master_deck":["Defend_R+1","Defend_R+1","Defend_R+1","Defend_R+1","Bash","Anger+1","Spot Weakness","Shrug It Off+1","Twin Strike","True Grit","Clothesline","Uppercut+1","Shrug It Off","Combust","Pommel Strike","Thunderclap+1","Immolate","Intimidate+1","Burning Pact","Corruption","Shrug It Off","Entrench"],"relics":["Burning Blood","Strawberry","Bag of Marbles","Juzu Bracelet","Philosopher\u0027s Stone","Calipers","Pear","Potion Belt","Lantern","Bottled Flame","Singing Bowl"],"potions_floor_usage":[6,16,16,21,23,28],"damage_taken":[{"damage":5,"enemies":"Cultist","floor":1,"turns":4},{"damage":10,"enemies":"Small Slimes","floor":2,"turns":3},{"damage":0,"enemies":"Jaw Worm","floor":4,"turns":3},{"damage":46,"enemies":"Gremlin Nob","floor":6,"turns":5},{"damage":10,"enemies":"Exordium Wildlife","floor":7,"turns":4},{"damage":1,"enemies":"Blue Slaver","floor":11,"turns":3},{"damage":7,"enemies":"Lagavulin","floor":13,"turns":5},{"damage":33,"enemies":"The Guardian","floor":16,"turns":10},{"damage":24,"enemies":"2 Thieves","floor":18,"turns":2},{"damage":19,"enemies":"Spheric Guardian","floor":19,"turns":4},{"damage":11,"enemies":"Colosseum Slavers","floor":21,"turns":2},{"damage":16,"enemies":"Colosseum Nobs","floor":21,"turns":3},{"damage":0,"enemies":"3 Cultists","floor":22,"turns":3},{"damage":36,"enemies":"Book of Stabbing","floor":23,"turns":4},{"damage":26,"enemies":"Centurion and Healer","floor":24,"turns":3},{"damage":15,"enemies":"Slavers","floor":28,"turns":2},{"damage":33,"enemies":"Collector","floor":33,"turns":6}],"seed_played":"9015238012545254046","potions_obtained":[{"floor":2,"key":"Weak Potion"},{"floor":4,"key":"Weak Potion"},{"floor":6,"key":"Weak Potion"},{"floor":19,"key":"PowerPotion"},{"floor":21,"key":"GamblersBrew"},{"floor":22,"key":"AttackPotion"},{"floor":24,"key":"PowerPotion"},{"floor":28,"key":"Ancient Potion"}],"is_trial":false,"path_per_floor":["M","M","?","M","$","E","M","R","T","R","M","?","E","$","R","B",null,"M","M","?","?","M","E","M","R","T","R","E","?","?","$","R","B"],"character_chosen":"IRONCLAD","items_purchased":["True Grit","Pommel Strike","Thunderclap","Corruption","Shrug It Off","Entrench"],"campfire_rested":2,"item_purchase_floors":[5,14,14,31,31,31],"current_hp_per_floor":[80,76,76,80,80,47,43,43,43,43,48,37,36,36,36,9,87,69,56,56,51,57,27,7,36,36,36,27,27,27,27,56,23],"gold":150,"neow_bonus":"TRANSFORM_CARD","is_prod":false,"is_daily":false,"chose_seed":false,"campfire_upgraded":4,"win_rate":0,"timestamp":1553997934,"path_taken":["M","M","?","M","$","E","?","R","T","R","M","?","E","$","R","BOSS","M","M","?","?","M","E","M","R","T","R","E","?","?","$","R","BOSS"],"build_version":"2019-01-23","purchased_purges":3,"victory":false,"max_hp_per_floor":[80,80,80,80,80,87,87,87,87,87,87,87,87,87,87,87,87,87,87,87,97,97,97,97,97,97,97,97,97,97,97,97,97],"card_choices":[{"not_picked":["Body Slam","Armaments"],"picked":"Spot Weakness","floor":1},{"not_picked":["Flex","True Grit"],"picked":"Shrug It Off","floor":2},{"not_picked":["Clash","Perfected Strike"],"picked":"Twin Strike","floor":4},{"not_picked":["Wild Strike","Double Tap"],"picked":"Clothesline","floor":6},{"not_picked":["Sword Boomerang","Cleave"],"picked":"Uppercut","floor":7},{"not_picked":["Sever Soul","Cleave"],"picked":"Shrug It Off","floor":11},{"not_picked":["Twin Strike","Armaments"],"picked":"Combust","floor":13},{"not_picked":["Exhume","Dark Embrace"],"picked":"Immolate","floor":16},{"not_picked":["Clash+1","Feel No Pain+1"],"picked":"Intimidate+1","floor":18},{"not_picked":["Intimidate","Rampage","Havoc"],"picked":"SKIP","floor":19},{"not_picked":["Anger+1","Heavy Blade","Armaments"],"picked":"SKIP","floor":22},{"not_picked":["Pummel+1","Rage+1"],"picked":"Burning Pact","floor":23},{"not_picked":["Perfected Strike+1","Twin Strike","Searing Blow+1"],"picked":"SKIP","floor":24},{"not_picked":["Warcry","Armaments","Disarm"],"picked":"SKIP","floor":28}],"player_experience":644196,"relics_obtained":[{"floor":6,"key":"Strawberry"},{"floor":9,"key":"Bag of Marbles"},{"floor":13,"key":"Juzu Bracelet"},{"floor":21,"key":"Calipers"},{"floor":21,"key":"Pear"},{"floor":23,"key":"Potion Belt"},{"floor":26,"key":"Lantern"},{"floor":28,"key":"Bottled Flame"}],"event_choices":[{"cards_removed":["Strike_R"],"damage_healed":0,"gold_gain":0,"player_choice":"Purged","damage_taken":0,"max_hp_gain":0,"max_hp_loss":0,"event_name":"Purifier","floor":3,"gold_loss":0},{"damage_healed":0,"gold_gain":75,"player_choice":"Gather Gold","damage_taken":11,"max_hp_gain":0,"max_hp_loss":0,"event_name":"World of Goop","floor":12,"gold_loss":0},{"damage_healed":0,"gold_gain":99,"player_choice":"Stole From Cult","damage_taken":0,"max_hp_gain":0,"max_hp_loss":0,"event_name":"Nest","floor":20,"gold_loss":0},{"damage_healed":0,"gold_gain":0,"player_choice":"Fight","damage_taken":0,"max_hp_gain":0,"max_hp_loss":0,"event_name":"Colosseum","floor":21,"gold_loss":0},{"damage_healed":0,"gold_gain":0,"player_choice":"Fought Nobs","damage_taken":0,"max_hp_gain":0,"max_hp_loss":0,"event_name":"Colosseum","floor":21,"gold_loss":0},{"damage_healed":0,"gold_gain":0,"player_choice":"Opened","damage_taken":0,"relics_obtained":["Singing Bowl"],"max_hp_gain":0,"max_hp_loss":0,"event_name":"The Mausoleum","floor":29,"gold_loss":0},{"damage_healed":0,"gold_gain":0,"player_choice":"Simplicity","damage_taken":0,"max_hp_gain":0,"max_hp_loss":0,"event_name":"Back to Basics","floor":30,"gold_loss":0,"cards_upgraded":["Strike_R","Defend_R","Defend_R","Defend_R","Defend_R"]}],"is_beta":false,"boss_relics":[{"not_picked":["Busted Crown","Runic Dome"],"picked":"Philosopher\u0027s Stone"}],"items_purged_floors":[5,14,31],"is_endless":false,"potions_floor_spawned":[2,4,6,19,21,21,22,24,28],"killed_by":"Collector","ascension_level":4}