{"gold_per_floor":[111,125,125,125,137,166,166,166,193,193,221,221,234,259,259,338,338,351,383,293,311,328,328,362,372,372,372,372,401,77,93,93,166,166,177,177,177,191,206,206,206,223,223,75,75,95,110,130,130,130],"floor_reached":51,"playtime":6295,"items_purged":["Strike_R","Strike_R"],"score":1109,"play_id":"1d6e71dd-3b22-4d87-a3de-66b898220cb0","local_time":"20190330205243","is_ascension_mode":true,"campfire_choices":[{"floor":7,"key":"REST"},{"data":"Bash","floor":10,"key":"SMITH"},{"floor":12,"key":"REST"},{"data":"True Grit","floor":15,"key":"SMITH"},{"floor":23,"key":"REST"},{"floor":27,"key":"REST"},{"data":"Demon Form","floor":32,"key":"SMITH"},{"data":"Ghostly","floor":40,"key":"SMITH"},{"data":"Ghostly","floor":45,"key":"SMITH"},{"floor":49,"key":"REST"}],"neow_cost":"NONE","seed_source_timestamp":28196047932400,"circlet_count":0,"master_deck":["AscendersBane","Strike_R+1","Defend_R+1","Defend_R+1","Defend_R+1","Defend_R","Bash+1","True Grit+1","Sword Boomerang","Clothesline","Anger","Hemokinesis","Uppercut","Demon Form+1","Sword Boomerang+1","Shrug It Off","Spot Weakness","Disarm","Ghostly+1","Ghostly+1","Ghostly","Ghostly","Ghostly","Demon Form","Offering","Dark Shackles","Ghostly","Sever Soul+1"],"relics":["Burning Blood","War Paint","Bag of Preparation","Oddly Smooth Stone","Dream Catcher","Red Skull","Art of War","Mark of Pain","Red Mask","Question Card","Ornamental Fan","Unceasing Top","Membership Card","Runic Pyramid","Shuriken","Strawberry","Bronze Scales"],"potions_floor_usage":[11,16,18,19,38,50,50],"damage_taken":[{"damage":7,"enemies":"Jaw Worm","floor":1,"turns":5},{"damage":7,"enemies":"2 Louse","floor":2,"turns":3},{"damage":0,"enemies":"Small Slimes","floor":5,"turns":3},{"damage":32,"enemies":"3 Sentries","floor":6,"turns":14},{"damage":12,"enemies":"Gremlin Nob","floor":11,"turns":4},{"damage":0,"enemies":"3 Louse","floor":13,"turns":4},{"damage":25,"enemies":"3 Sentries","floor":14,"turns":8},{"damage":25,"enemies":"The Guardian","floor":16,"turns":12},{"damage":13,"enemies":"Spheric Guardian","floor":18,"turns":4},{"damage":52,"enemies":"Masked Bandits","floor":19,"turns":5},{"damage":0,"enemies":"3 Byrds","floor":21,"turns":4},{"damage":3,"enemies":"Snake Plant","floor":22,"turns":3},{"damage":44,"enemies":"Slavers","floor":24,"turns":7},{"damage":3,"enemies":"Chosen and Byrds","floor":25,"turns":4},{"damage":3,"enemies":"Gremlin Leader","floor":29,"turns":7},{"damage":5,"enemies":"Centurion and Healer","floor":31,"turns":6},{"damage":27,"enemies":"Collector","floor":33,"turns":8},{"damage":6,"enemies":"Orb Walker","floor":35,"turns":3},{"damage":6,"enemies":"3 Darklings","floor":38,"turns":6},{"damage":7,"enemies":"Maw","floor":39,"turns":8},{"damage":4,"enemies":"Spire Growth","floor":42,"turns":5},{"damage":3,"enemies":"3 Darklings","floor":46,"turns":6},{"damage":21,"enemies":"Writhing Mass","floor":47,"turns":6},{"damage":4,"enemies":"Sphere and 2 Shapes","floor":48,"turns":10},{"damage":23,"enemies":"Time Eater","floor":50,"turns":6}],"seed_played":"-609689300270647511","potions_obtained":[{"floor":6,"key":"Poison Potion"},{"floor":11,"key":"SteroidPotion"},{"floor":14,"key":"Regen Potion"},{"floor":16,"key":"Weak Potion"},{"floor":19,"key":"EssenceOfSteel"},{"floor":21,"key":"PowerPotion"},{"floor":25,"key":"Fire Potion"},{"floor":39,"key":"AttackPotion"}],"is_trial":false,"path_per_floor":["?","?","?","?","?","M","?","?","?","M","T","M"],"character_chosen":"IRONCLAD","items_purchased":["Membership Card","Demon Form","Bronze Scales","Dexterity Potion"],"campfire_rested":5,"item_purchase_floors":[30,30,44,44],"current_hp_per_floor":[71,70,63,47,53,27,51,44,44,44,38,62,68,49,49,30,68,73,27,27,33,36,60,22,25,25,49,40,40,40,40,40,19,35,35,35,35,35,34,34,34,36,43,43,43,46,31,33,47,30],"gold":130,"neow_bonus":"RANDOM_COMMON_RELIC","is_prod":false,"is_daily":false,"chose_seed":false,"campfire_upgraded":5,"win_rate":0,"timestamp":1553993563,"path_taken":["M","M","?","?","M","E","R","?","T","R","E","R","M","E","R","BOSS","M","?","?","M","M","R","E","?","T","R","?","E","$","M","R","BOSS","M","?","?","?","M","R","?","M","T","$","R","?","M","M","R","BOSS"],"build_version":"2019-01-23","purchased_purges":2,"victory":true,"max_hp_per_floor":[80,80,80,80,80,80,80,80,80,80,80,80,80,80,80,80,80,80,80,80,80,80,80,80,80,80,80,40,40,40,40,40,40,40,40,40,40,40,40,40,40,40,47,47,47,47,47,47,47,47],"card_choices":[{"not_picked":["Flex","Rage"],"picked":"True Grit","floor":1},{"not_picked":["Iron Wave","Heavy Blade","True Grit"],"picked":"SKIP","floor":2},{"not_picked":["Entrench","Bloodletting"],"picked":"Sword Boomerang","floor":5},{"not_picked":["Juggernaut","Combust"],"picked":"Clothesline","floor":6},{"not_picked":["Clothesline","Perfected Strike"],"picked":"Anger","floor":11},{"not_picked":["Perfected Strike","Sword Boomerang"],"picked":"Hemokinesis","floor":12},{"not_picked":["Anger","Perfected Strike"],"picked":"Uppercut","floor":13},{"not_picked":["Corruption","Searing Blow","Clash"],"picked":"SKIP","floor":14},{"not_picked":["Impervious","Juggernaut"],"picked":"Demon Form","floor":16},{"not_picked":["Havoc","Dual Wield"],"picked":"Sword Boomerang","floor":18},{"not_picked":["Entrench+1","Armaments"],"picked":"Shrug It Off","floor":19},{"not_picked":["Body Slam","Reckless Charge+1","Clothesline"],"picked":"SKIP","floor":21},{"not_picked":["Feel No Pain","Iron Wave"],"picked":"Spot Weakness","floor":22},{"not_picked":["Clash","Anger"],"picked":"Disarm","floor":24},{"not_picked":["Burning Pact","Body Slam","Infernal Blade","Sword Boomerang"],"picked":"SKIP","floor":25},{"not_picked":["Thunderclap","Headbutt","Armaments","Pommel Strike"],"picked":"SKIP","floor":29},{"not_picked":["Immolate","Flex+1","Pommel Strike","Heavy Blade+1"],"picked":"SKIP","floor":31},{"not_picked":["Immolate","Bludgeon","Juggernaut"],"picked":"Offering","floor":33},{"not_picked":["Wild Strike","Spot Weakness+1","Evolve","Anger+1"],"picked":"SKIP","floor":35},{"not_picked":["Enlightenment","Flash of Steel","Madness"],"picked":"Dark Shackles","floor":36},{"not_picked":["Sword Boomerang","Dual Wield","Blood for Blood","Wild Strike+1"],"picked":"SKIP","floor":38},{"not_picked":["Havoc","Clothesline","Anger","Perfected Strike"],"picked":"SKIP","floor":39},{"not_picked":["Brutality","Dual Wield+1","Cleave","Shrug It Off"],"picked":"SKIP","floor":42},{"not_picked":["Heavy Blade","Flex+1","Warcry+1","Second Wind"],"picked":"SKIP","floor":46},{"not_picked":["Anger","Havoc","True Grit"],"picked":"Sever Soul+1","floor":47},{"not_picked":["Ghostly Armor","Rupture","Body Slam+1","Flex+1"],"picked":"SKIP","floor":48}],"player_experience":353250,"relics_obtained":[{"floor":6,"key":"Bag of Preparation"},{"floor":9,"key":"Dream Catcher"},{"floor":11,"key":"Red Skull"},{"floor":14,"key":"Art of War"},{"floor":19,"key":"Red Mask"},{"floor":24,"key":"Question Card"},{"floor":26,"key":"Ornamental Fan"},{"floor":29,"key":"Unceasing Top"},{"floor":41,"key":"Shuriken"},{"floor":43,"key":"Strawberry"}],"event_choices":[{"cards_removed":["Strike_R"],"damage_healed":0,"gold_gain":0,"player_choice":"Card Removal","damage_taken":7,"max_hp_gain":0,"max_hp_loss":0,"event_name":"Golden Wing","floor":3,"gold_loss":0},{"damage_healed":0,"gold_gain":0,"player_choice":"Entered Light","damage_taken":16,"max_hp_gain":0,"max_hp_loss":0,"event_name":"Shining Light","floor":4,"gold_loss":0,"cards_upgraded":["Defend_R","Strike_R"]},{"damage_healed":0,"gold_gain":0,"player_choice":"Success","damage_taken":7,"relics_obtained":["Oddly Smooth Stone"],"max_hp_gain":0,"max_hp_loss":0,"event_name":"Scrap Ooze","floor":8,"gold_loss":0},{"damage_healed":0,"gold_gain":0,"player_choice":"Fought Bandits","damage_taken":0,"max_hp_gain":0,"max_hp_loss":0,"event_name":"Masked Bandits","floor":19,"gold_loss":0},{"cards_removed":["Strike_R"],"damage_healed":0,"gold_gain":0,"player_choice":"Upgrade and Remove","damage_taken":0,"max_hp_gain":0,"max_hp_loss":0,"event_name":"Designer","floor":20,"gold_loss":90,"cards_upgraded":["Sword Boomerang"]},{"damage_healed":0,"gold_gain":0,"player_choice":"Became a Ghost","damage_taken":0,"max_hp_gain":0,"max_hp_loss":40,"event_name":"Ghosts","floor":28,"gold_loss":0,"cards_obtained":["Ghostly","Ghostly","Ghostly","Ghostly","Ghostly"]},{"damage_healed":0,"gold_gain":0,"player_choice":"Memory 1","damage_taken":0,"max_hp_gain":0,"max_hp_loss":0,"event_name":"SensoryStone","floor":36,"gold_loss":0},{"damage_healed":0,"gold_gain":0,"player_choice":"Copied","damage_taken":0,"max_hp_gain":0,"max_hp_loss":0,"event_name":"Duplicator","floor":37,"gold_loss":0,"cards_obtained":["Ghostly"]}],"is_beta":false,"boss_relics":[{"not_picked":["Pandora\u0027s Box","Runic Dome"],"picked":"Mark of Pain"},{"not_picked":["Lizard Tail","Tiny House"],"picked":"Runic Pyramid"}],"items_purged_floors":[30,44],"is_endless":false,"potions_floor_spawned":[6,11,14,16,19,21,25,29,39,42,47],"ascension_level":13}