{"gold_per_floor":[113,113,38,38,38,38,58,72,121,132,158,158,171,191,191,191],"floor_reached":16,"playtime":1948,"items_purged":["Regret"],"score":102,"play_id":"a459b94c-e7ea-4dda-b9b7-6a472f523a23","local_time":"20190213131855","is_ascension_mode":false,"campfire_choices":[{"data":"Bash","floor":6,"key":"SMITH"},{"data":"1","floor":12,"key":"LIFT"},{"floor":15,"key":"REST"}],"neow_cost":"NONE","seed_source_timestamp":184817118714704,"circlet_count":0,"master_deck":["Strike_R","Strike_R","Strike_R","Strike_R","Strike_R","Defend_R","Defend_R","Defend_R+1","Defend_R","Bash+1","Entrench+1","Pommel Strike","Metallicize","Dual Wield","Seeing Red"],"relics":["Burning Blood","Potion Belt","Girya"],"potions_floor_usage":[16,16],"damage_taken":[{"damage":5,"enemies":"Cultist","floor":1,"turns":4},{"damage":0,"enemies":"2 Louse","floor":7,"turns":2},{"damage":0,"enemies":"Small Slimes","floor":8,"turns":4},{"damage":2,"enemies":"Looter","floor":10,"turns":4},{"damage":39,"enemies":"Lagavulin","floor":11,"turns":11},{"damage":7,"enemies":"Blue Slaver","floor":13,"turns":4},{"damage":16,"enemies":"Exordium Thugs","floor":14,"turns":8},{"damage":69,"enemies":"Hexaghost","floor":16,"turns":12}],"seed_played":"-8196752765588603285","potions_obtained":[{"floor":7,"key":"SpeedPotion"},{"floor":14,"key":"Fire Potion"}],"is_trial":false,"path_per_floor":["?","?","?"],"character_chosen":"IRONCLAD","items_purchased":[],"campfire_rested":1,"item_purchase_floors":[],"current_hp_per_floor":[88,88,88,70,70,70,76,82,82,86,53,53,52,42,68,0],"gold":191,"neow_bonus":"TEN_PERCENT_HP_BONUS","is_prod":false,"is_daily":false,"chose_seed":false,"campfire_upgraded":1,"win_rate":0,"timestamp":1550074735,"path_taken":["M","?","$","?","?","R","M","M","T","M","E","R","M","M","R","BOSS"],"build_version":"2019-01-23","purchased_purges":1,"victory":false,"max_hp_per_floor":[88,88,88,88,88,88,88,88,88,88,88,88,88,88,88,88],"card_choices":[{"not_picked":["Havoc","Dual Wield"],"picked":"Entrench","floor":1},{"not_picked":["Armaments","Warcry"],"picked":"Pommel Strike","floor":7},{"not_picked":["Inflame","Reckless Charge"],"picked":"Metallicize","floor":8},{"not_picked":["Heavy Blade","Feel No Pain","Armaments"],"picked":"SKIP","floor":10},{"not_picked":["Immolate","Heavy Blade"],"picked":"Dual Wield","floor":11},{"not_picked":["Uppercut","Wild Strike"],"picked":"Seeing Red","floor":13},{"not_picked":["Hemokinesis","Heavy Blade","Second Wind"],"picked":"SKIP","floor":14}],"player_experience":171786,"relics_obtained":[{"floor":11,"key":"Girya"}],"event_choices":[{"damage_healed":0,"gold_gain":0,"player_choice":"Box","damage_taken":0,"relics_obtained":["Potion Belt"],"max_hp_gain":0,"max_hp_loss":0,"event_name":"Big Fish","floor":2,"gold_loss":0,"cards_obtained":["Regret"]},{"damage_healed":0,"gold_gain":0,"player_choice":"Entered Light","damage_taken":18,"max_hp_gain":0,"max_hp_loss":0,"event_name":"Shining Light","floor":4,"gold_loss":0,"cards_upgraded":["Defend_R","Entrench"]},{"damage_healed":0,"gold_gain":0,"player_choice":"Ignored","damage_taken":0,"max_hp_gain":0,"max_hp_loss":0,"event_name":"WeMeetAgain","floor":5,"gold_loss":0}],"is_beta":false,"boss_relics":[],"items_purged_floors":[3],"is_endless":false,"potions_floor_spawned":[7,13,14],"killed_by":"Hexaghost","ascension_level":0}