{"gold_per_floor":[218,236,252,50,65,91,39,69,93,93,118,193,210,221,221,317,317,334,334,259,159,177,177,210,245,268,268,296,96,110,144,144,248,248,267,282,106,106,206,237,237,270,270,287,303,303,78,78,78,78],"floor_reached":51,"playtime":3163,"items_purged":["Strike_R","Strike_R","Strike_R","Pain","Evolve"],"score":1300,"play_id":"717560c2-c901-40d0-8a40-d2c46c2b9249","local_time":"20190328133359","is_ascension_mode":true,"campfire_choices":[{"data":"Uppercut","floor":10,"key":"SMITH"},{"data":"Whirlwind","floor":15,"key":"SMITH"},{"data":"J.A.X.","floor":23,"key":"SMITH"},{"floor":27,"key":"REST"},{"data":"Bludgeon","floor":32,"key":"SMITH"},{"data":"Armaments","floor":46,"key":"SMITH"},{"floor":49,"key":"REST"}],"neow_cost":"NONE","seed_source_timestamp":2396425882400,"circlet_count":0,"master_deck":["AscendersBane","Defend_R","Defend_R","Defend_R","Defend_R+1","Bash","Rampage+1","Clothesline","Sword Boomerang","Uppercut+1","Headbutt","Impervious","Whirlwind+1","Shrug It Off","Shrug It Off+1","Reaper","J.A.X.+1","Shockwave","Body Slam+1","Bludgeon+1","Demon Form","Headbutt","Clothesline+1","Armaments+1","Wild Strike"],"relics":["Burning Blood","Bag of Preparation","Ancient Tea Set","Strawberry","Happy Flower","Cursed Key","Red Mask","Prayer Wheel","Whetstone","War Paint","Red Skull","Snecko Eye","Thread and Needle","Bottled Flame","Centennial Puzzle"],"potions_floor_usage":[6,8,13,16,30,31,45,50,50],"damage_taken":[{"damage":6,"enemies":"Cultist","floor":1,"turns":4},{"damage":5,"enemies":"Small Slimes","floor":2,"turns":3},{"damage":8,"enemies":"2 Louse","floor":3,"turns":3},{"damage":0,"enemies":"Large Slime","floor":5,"turns":5},{"damage":25,"enemies":"3 Sentries","floor":6,"turns":7},{"damage":15,"enemies":"Lagavulin","floor":8,"turns":7},{"damage":6,"enemies":"Gremlin Nob","floor":11,"turns":3},{"damage":8,"enemies":"Exordium Wildlife","floor":13,"turns":3},{"damage":6,"enemies":"Looter","floor":14,"turns":4},{"damage":18,"enemies":"Slime Boss","floor":16,"turns":11},{"damage":11,"enemies":"Shell Parasite","floor":18,"turns":6},{"damage":1,"enemies":"3 Byrds","floor":22,"turns":3},{"damage":16,"enemies":"Masked Bandits","floor":24,"turns":4},{"damage":48,"enemies":"Slavers","floor":25,"turns":5},{"damage":25,"enemies":"Book of Stabbing","floor":28,"turns":5},{"damage":20,"enemies":"Snake Plant","floor":30,"turns":3},{"damage":6,"enemies":"Gremlin Leader","floor":31,"turns":5},{"damage":21,"enemies":"Collector","floor":33,"turns":6},{"damage":14,"enemies":"3 Darklings","floor":35,"turns":5},{"damage":9,"enemies":"3 Shapes","floor":36,"turns":3},{"damage":0,"enemies":"Mind Bloom Boss Battle","floor":39,"turns":4},{"damage":5,"enemies":"Giant Head","floor":40,"turns":6},{"damage":46,"enemies":"Nemesis","floor":42,"turns":5},{"damage":3,"enemies":"Sphere and 2 Shapes","floor":44,"turns":2},{"damage":14,"enemies":"Transient","floor":45,"turns":5},{"damage":9,"enemies":"Donu and Deca","floor":50,"turns":7}],"seed_played":"-6760106183263250830","potions_obtained":[{"floor":2,"key":"AttackPotion"},{"floor":3,"key":"Energy Potion"},{"floor":5,"key":"Block Potion"},{"floor":13,"key":"Regen Potion"},{"floor":16,"key":"BloodPotion"},{"floor":24,"key":"Explosive Potion"},{"floor":30,"key":"Explosive Potion"},{"floor":31,"key":"Dexterity Potion"},{"floor":45,"key":"EssenceOfSteel"}],"is_trial":false,"path_per_floor":["M","?","?","?","?","M","?","?","T","M","?"],"character_chosen":"IRONCLAD","items_purchased":["Uppercut","Headbutt","Strength Potion","Shockwave","Armaments","Dexterity Potion"],"campfire_rested":2,"item_purchase_floors":[4,4,7,29,37,47],"current_hp_per_floor":[72,73,71,71,77,58,58,49,56,56,56,48,46,46,46,49,78,77,77,77,77,82,82,72,44,44,70,61,61,59,83,83,68,82,74,83,83,83,87,87,87,60,60,63,68,68,68,68,87,84],"gold":78,"neow_bonus":"HUNDRED_GOLD","is_prod":false,"is_daily":false,"chose_seed":false,"campfire_upgraded":5,"win_rate":0,"timestamp":1553794439,"path_taken":["M","M","M","$","?","E","$","E","T","R","E","?","M","M","R","BOSS","M","?","?","$","M","R","?","E","T","R","E","$","?","E","R","BOSS","M","M","$","?","?","E","?","E","T","M","?","R","$","?","R","BOSS"],"build_version":"2019-01-23","purchased_purges":5,"victory":true,"max_hp_per_floor":[80,80,80,80,80,80,80,80,87,87,87,87,87,87,87,87,87,87,87,87,87,87,87,87,87,87,87,87,87,87,87,87,87,87,87,87,87,87,87,87,87,87,87,87,87,87,87,87,87,87],"card_choices":[{"not_picked":["Havoc","Iron Wave"],"picked":"Rampage","floor":1},{"not_picked":["Evolve","Armaments"],"picked":"Clothesline","floor":2},{"not_picked":["Carnage","Corruption"],"picked":"Sword Boomerang","floor":3},{"not_picked":["Clash","Searing Blow"],"picked":"Evolve","floor":5},{"not_picked":["Sever Soul","Havoc","Burning Pact"],"picked":"SKIP","floor":6},{"not_picked":["Cleave","Dual Wield"],"picked":"Impervious","floor":8},{"not_picked":["Clash","Flex"],"picked":"Whirlwind","floor":11},{"not_picked":["Sword Boomerang","Pommel Strike"],"picked":"Shrug It Off","floor":13},{"not_picked":["Iron Wave","Corruption"],"picked":"Shrug It Off","floor":14},{"not_picked":["Offering","Bludgeon"],"picked":"Reaper","floor":16},{"not_picked":["Feel No Pain","Iron Wave","Clash+1"],"picked":"SKIP","floor":18},{"not_picked":["Havoc","Sever Soul","Dropkick"],"picked":"SKIP","floor":22},{"not_picked":["Thunderclap","Sword Boomerang","Reckless Charge+1"],"picked":"SKIP","floor":25},{"not_picked":["Pommel Strike","Clash","Metallicize"],"picked":"SKIP","floor":28},{"not_picked":["Twin Strike","Iron Wave"],"picked":"Body Slam+1","floor":30},{"not_picked":["Blood for Blood","Sword Boomerang","Clothesline"],"picked":"SKIP","floor":30},{"not_picked":["Anger","True Grit"],"picked":"Bludgeon","floor":31},{"not_picked":["Double Tap","Dark Embrace"],"picked":"Demon Form","floor":33},{"not_picked":["Corruption","Carnage"],"picked":"Headbutt","floor":35},{"not_picked":["Cleave+1","Headbutt"],"picked":"Clothesline+1","floor":35},{"not_picked":["Body Slam","Evolve","Flex"],"picked":"SKIP","floor":36},{"not_picked":["Thunderclap","Body Slam","Wild Strike"],"picked":"SKIP","floor":36},{"not_picked":["Clash+1","Offering","Sentinel+1"],"picked":"SKIP","floor":40},{"not_picked":["Warcry+1","Seeing Red+1","Metallicize+1"],"picked":"SKIP","floor":42},{"not_picked":["Sword Boomerang","Heavy Blade+1","Perfected Strike"],"picked":"SKIP","floor":44},{"not_picked":["Perfected Strike+1","Hemokinesis","Ghostly Armor"],"picked":"SKIP","floor":44},{"not_picked":["Heavy Blade","Cleave+1","Thunderclap"],"picked":"SKIP","floor":45},{"not_picked":["Clash","Sword Boomerang","Feel No Pain"],"picked":"SKIP","floor":45}],"player_experience":337881,"relics_obtained":[{"floor":6,"key":"Bag of Preparation"},{"floor":8,"key":"Ancient Tea Set"},{"floor":9,"key":"Strawberry"},{"floor":11,"key":"Happy Flower"},{"floor":24,"key":"Red Mask"},{"floor":25,"key":"Prayer Wheel"},{"floor":26,"key":"Whetstone"},{"floor":28,"key":"War Paint"},{"floor":31,"key":"Red Skull"},{"floor":39,"key":"Thread and Needle"},{"floor":40,"key":"Bottled Flame"},{"floor":42,"key":"Centennial Puzzle"}],"event_choices":[{"damage_healed":0,"gold_gain":75,"player_choice":"Touch","damage_taken":8,"max_hp_gain":0,"max_hp_loss":0,"event_name":"FaceTrader","floor":12,"gold_loss":0},{"damage_healed":0,"gold_gain":0,"player_choice":"Obtain J.A.X.","damage_taken":0,"max_hp_gain":0,"max_hp_loss":0,"event_name":"Drug Dealer","floor":19,"gold_loss":0,"cards_obtained":["J.A.X."]},{"cards_removed":["Strike_R"],"damage_healed":0,"gold_gain":0,"player_choice":"Gave Gold","damage_taken":0,"max_hp_gain":0,"max_hp_loss":0,"event_name":"Beggar","floor":20,"gold_loss":75},{"damage_healed":0,"gold_gain":0,"player_choice":"Fought Bandits","damage_taken":0,"max_hp_gain":0,"max_hp_loss":0,"event_name":"Masked Bandits","floor":24,"gold_loss":0},{"damage_healed":0,"gold_gain":0,"player_choice":"Memory 1","damage_taken":0,"max_hp_gain":0,"max_hp_loss":0,"event_name":"SensoryStone","floor":38,"gold_loss":0},{"damage_healed":0,"gold_gain":0,"player_choice":"Fight","damage_taken":0,"max_hp_gain":0,"max_hp_loss":0,"event_name":"MindBloom","floor":39,"gold_loss":0},{"damage_healed":0,"gold_gain":0,"cards_transformed":["Strike_R"],"player_choice":"Transformed","damage_taken":0,"max_hp_gain":0,"max_hp_loss":0,"event_name":"Transmorgrifier","floor":48,"gold_loss":0,"cards_obtained":["Wild Strike"]}],"is_beta":false,"boss_relics":[{"not_picked":["Runic Cube","Coffee Dripper"],"picked":"Cursed Key"},{"not_picked":["Philosopher\u0027s Stone","Busted Crown"],"picked":"Snecko Eye"}],"items_purged_floors":[4,21,29,37,47],"is_endless":false,"potions_floor_spawned":[2,3,5,13,16,24,28,30,31,33,39,40,44,45],"ascension_level":12}