{"gold_per_floor":[111,36,36,55,1,26,26,60,84,84,114,131,31,41,41,141,191,210,48,48,63,79,110,110,124,124,153,203,203,38,57,57,57],"floor_reached":33,"playtime":1227,"items_purged":["Strike_B","Strike_B","Defend_B"],"score":421,"play_id":"ce022c5c-d218-4285-88a9-fd26ea150297","local_time":"20190326015659","is_ascension_mode":true,"campfire_choices":[{"data":"Zap","floor":7,"key":"SMITH"},{"data":"Gash","floor":10,"key":"SMITH"},{"data":"Gash","floor":15,"key":"SMITH"},{"floor":24,"key":"REST"},{"floor":32,"key":"REST"}],"neow_cost":"NONE","seed_source_timestamp":7959407080364371,"circlet_count":0,"master_deck":["Strike_B","Strike_B","Defend_B","Defend_B","Defend_B","Zap+1","Dualcast","Scrape","Gash+1","Reboot","Sweeping Beam","Gash+1","Go for the Eyes","Hologram+1","Reboot","Coolheaded","Coolheaded","Scrape","Necronomicurse","Turbo+1","Gash","Secret Weapon","Gash"],"relics":["Cracked Core","NeowsBlessing","Anchor","Vajra","Dream Catcher","Orichalcum","Tiny House","Necronomicon","Pen Nib","Lantern","Matryoshka"],"potions_floor_usage":[8,11,14,16,23,25,29,33],"damage_taken":[{"damage":0,"enemies":"Cultist","floor":1,"turns":1},{"damage":0,"enemies":"Jaw Worm","floor":4,"turns":1},{"damage":0,"enemies":"Lagavulin","floor":6,"turns":1},{"damage":25,"enemies":"3 Sentries","floor":8,"turns":6},{"damage":22,"enemies":"Gremlin Nob","floor":11,"turns":3},{"damage":0,"enemies":"Small Slimes","floor":12,"turns":3},{"damage":0,"enemies":"Gremlin Gang","floor":14,"turns":3},{"damage":40,"enemies":"The Guardian","floor":16,"turns":9},{"damage":2,"enemies":"Shell Parasite","floor":18,"turns":3},{"damage":8,"enemies":"2 Thieves","floor":21,"turns":3},{"damage":18,"enemies":"Snake Plant","floor":22,"turns":4},{"damage":44,"enemies":"Gremlin Leader","floor":23,"turns":8},{"damage":9,"enemies":"3 Cultists","floor":25,"turns":3},{"damage":9,"enemies":"Slavers","floor":27,"turns":4},{"damage":0,"enemies":"Centurion and Healer","floor":29,"turns":1},{"damage":0,"enemies":"Cultist and Chosen","floor":31,"turns":3},{"damage":65,"enemies":"Automaton","floor":33,"turns":6}],"seed_played":"8920270872755141618","potions_obtained":[{"floor":1,"key":"Explosive Potion"},{"floor":8,"key":"Swift Potion"},{"floor":11,"key":"EssenceOfSteel"},{"floor":14,"key":"Regen Potion"},{"floor":17,"key":"Regen Potion"},{"floor":23,"key":"SkillPotion"},{"floor":25,"key":"SpeedPotion"},{"floor":27,"key":"SmokeBomb"}],"is_trial":false,"path_per_floor":["M","$","?","M","$","E","R","E","T","R","E","M","$","M","R","B",null,"M","$","?","M","M","E","R","M","T","E","?","M","$","M","R","B"],"character_chosen":"DEFECT","items_purchased":["Gash","Scrape","Secret Weapon"],"campfire_rested":2,"item_purchase_floors":[5,19,30],"current_hp_per_floor":[75,75,75,75,75,75,75,50,50,50,28,28,28,28,28,3,80,78,78,62,54,36,7,31,22,22,13,13,13,13,13,37,0],"gold":57,"neow_bonus":"THREE_ENEMY_KILL","is_prod":false,"is_daily":false,"chose_seed":false,"campfire_upgraded":3,"win_rate":0,"timestamp":1553579819,"path_taken":["M","$","?","M","$","E","R","E","T","R","E","M","?","M","R","BOSS","M","$","?","M","M","E","R","M","T","E","?","?","$","M","R","BOSS"],"build_version":"2019-01-23","purchased_purges":3,"victory":false,"max_hp_per_floor":[75,75,75,75,75,75,75,75,75,75,75,75,75,75,75,75,80,80,80,80,80,80,80,80,80,80,80,80,80,80,80,80,80],"card_choices":[{"not_picked":["Auto Shields","Ball Lightning"],"picked":"Scrape","floor":1},{"not_picked":["Compile Driver","Redo","Storm"],"picked":"SKIP","floor":4},{"not_picked":["Redo","Streamline"],"picked":"Reboot","floor":6},{"not_picked":["Machine Learning","Hologram"],"picked":"Sweeping Beam","floor":8},{"not_picked":["Stack","Cold Snap"],"picked":"Gash","floor":11},{"not_picked":["Hologram","Stack"],"picked":"Go for the Eyes","floor":12},{"not_picked":["Coolheaded","Heatsinks"],"picked":"Hologram","floor":14},{"not_picked":["Echo Form","Buffer"],"picked":"Reboot","floor":16},{"not_picked":["Turbo","Glacier"],"picked":"Coolheaded","floor":17},{"not_picked":["Rebound","Heatsinks"],"picked":"Coolheaded","floor":18},{"not_picked":["Turbo","Coolheaded","Capacitor"],"picked":"SKIP","floor":21},{"not_picked":["Redo+1","Genetic Algorithm"],"picked":"Turbo+1","floor":22},{"not_picked":["Sweeping Beam","Redo"],"picked":"Gash","floor":23},{"not_picked":["Sweeping Beam+1","Reprogram","Beam Cell"],"picked":"SKIP","floor":25},{"not_picked":["Force Field","Hologram","Consume"],"picked":"SKIP","floor":27},{"not_picked":["Defragment+1","Capacitor"],"picked":"Gash","floor":31}],"player_experience":520995,"relics_obtained":[{"floor":6,"key":"Anchor"},{"floor":8,"key":"Vajra"},{"floor":9,"key":"Dream Catcher"},{"floor":11,"key":"Orichalcum"},{"floor":20,"key":"Necronomicon"},{"floor":23,"key":"Pen Nib"},{"floor":26,"key":"Lantern"},{"floor":27,"key":"Matryoshka"}],"event_choices":[{"damage_healed":0,"gold_gain":0,"player_choice":"0 cards matched","damage_taken":0,"max_hp_gain":0,"max_hp_loss":0,"event_name":"Match and Keep!","floor":3,"gold_loss":0,"cards_obtained":[]},{"damage_healed":0,"gold_gain":0,"player_choice":"Obtained Book","damage_taken":16,"max_hp_gain":0,"max_hp_loss":0,"event_name":"Cursed Tome","floor":20,"gold_loss":0},{"damage_healed":0,"gold_gain":100,"player_choice":"Bet on Murderer","damage_taken":0,"max_hp_gain":0,"max_hp_loss":0,"event_name":"The Joust","floor":28,"gold_loss":50}],"is_beta":false,"boss_relics":[{"not_picked":["Runic Dome","Velvet Choker"],"picked":"Tiny House"}],"items_purged_floors":[2,13,19],"is_endless":false,"potions_floor_spawned":[1,8,11,14,23,25,27],"killed_by":"Automaton","ascension_level":4}