{"gold_per_floor":[217,167,40,60,70,104,118,118,118,129,29,104,134,151,151,151],"floor_reached":16,"playtime":303,"items_purged":["Defend_R","Defend_R"],"score":137,"play_id":"53c8d35b-889b-4679-a10e-66b1bb027042","local_time":"20180803010929","is_ascension_mode":false,"campfire_choices":[{"data":"Flex","floor":8,"key":"SMITH"},{"data":"Thunderclap","floor":15,"key":"SMITH"}],"neow_cost":"NONE","seed_source_timestamp":1962510612838293,"circlet_count":0,"master_deck":["Strike_R","Strike_R","Strike_R","Strike_R","Strike_R","Defend_R","Bash","Flex","Flex+1","Pommel Strike","Shrug It Off","Thunderclap+1"],"relics":["Burning Blood","Boot","Oddly Smooth Stone","Shuriken"],"potions_floor_usage":[7,10,13,14],"damage_taken":[{"damage":11,"enemies":"Jaw Worm","floor":1,"turns":2},{"damage":3,"enemies":"Small Slimes","floor":4,"turns":3},{"damage":0,"enemies":"2 Louse","floor":5,"turns":2},{"damage":30,"enemies":"3 Sentries","floor":6,"turns":8},{"damage":9,"enemies":"Red Slaver","floor":7,"turns":2},{"damage":0,"enemies":"Large Slime","floor":10,"turns":3},{"damage":0,"enemies":"Gremlin Nob","floor":13,"turns":2},{"damage":9,"enemies":"2 Fungi Beasts","floor":14,"turns":2},{"damage":63,"enemies":"The Guardian","floor":16,"turns":5}],"seed_played":"-3613862425473346879","potions_obtained":[{"floor":5,"key":"Weak Potion"},{"floor":6,"key":"FearPotion"},{"floor":7,"key":"Regen Potion"},{"floor":13,"key":"Fire Potion"}],"is_trial":false,"path_per_floor":["M","?","$","M","M","E","M","R","T","M","$","?","E","M","R"],"character_chosen":"IRONCLAD","items_purchased":["Flex"],"campfire_rested":0,"item_purchase_floors":[3],"current_hp_per_floor":[75,75,75,78,80,56,53,53,53,68,68,57,63,60,60,0],"gold":151,"neow_bonus":"HUNDRED_GOLD","is_prod":false,"is_daily":false,"chose_seed":false,"campfire_upgraded":2,"win_rate":0,"timestamp":1533272969,"path_taken":["M","?","$","?","M","E","M","R","T","M","$","?","E","M","R","BOSS"],"build_version":"2018-08-02","purchased_purges":2,"victory":false,"max_hp_per_floor":[80,80,80,80,80,80,80,80,80,80,80,80,80,80,80,80],"card_choices":[{"not_picked":["Iron Wave","Warcry","Second Wind"],"picked":"SKIP","floor":1},{"not_picked":["Anger","Clash"],"picked":"Flex","floor":4},{"not_picked":["Searing Blow","Wild Strike","Body Slam"],"picked":"SKIP","floor":5},{"not_picked":["Juggernaut","Heavy Blade","Shrug It Off"],"picked":"SKIP","floor":6},{"not_picked":["Clash","Headbutt"],"picked":"Pommel Strike","floor":7},{"not_picked":["Perfected Strike","Clothesline","Shockwave"],"picked":"SKIP","floor":10},{"not_picked":["Body Slam","Carnage"],"picked":"Shrug It Off","floor":13},{"not_picked":["Shockwave","Warcry"],"picked":"Thunderclap","floor":14}],"player_experience":335742,"relics_obtained":[{"floor":6,"key":"Boot"},{"floor":9,"key":"Oddly Smooth Stone"},{"floor":13,"key":"Shuriken"}],"event_choices":[{"event_name":"The Cleric","player_choice":"Card Removal","floor":2,"damage_taken":0},{"event_name":"World of Goop","player_choice":"Gather Gold","floor":12,"damage_taken":0}],"is_beta":false,"boss_relics":[],"items_purged_floors":[3,11],"is_endless":false,"potions_floor_spawned":[5,6,7,13],"killed_by":"The Guardian","ascension_level":0}