{"gold_per_floor":[110,124,53,63,63,90,90,124,151,185,199,7,17,29,29,130,130,140,160,174,200,210,239,239,299,299,332,343,343,343,353,353,457,457,476,476,576,176,196,196],"floor_reached":40,"playtime":4273,"items_purged":["Strike_R"],"score":542,"play_id":"b0789d65-1b25-468c-9be8-f9ee5785709b","local_time":"20190328094559","is_ascension_mode":true,"campfire_choices":[{"data":"Disarm","floor":15,"key":"SMITH"},{"data":"Combust","floor":24,"key":"SMITH"},{"floor":30,"key":"REST"},{"floor":32,"key":"REST"}],"neow_cost":"NONE","seed_source_timestamp":200310232438957,"circlet_count":0,"master_deck":["Strike_R","Defend_R","Defend_R","Defend_R","Defend_R","Bash+1","Combust+1","Clothesline","Headbutt","Armaments","Disarm+1","Twin Strike","Cleave","Rupture","Heavy Blade","Iron Wave","Dark Embrace","Uppercut+1","Armaments","Carnage+1","Hemokinesis","Iron Wave","Shrug It Off","Disarm","Metallicize","Exhume","Seeing Red","Feel No Pain","True Grit","Warcry+1"],"relics":["Black Blood","Letter Opener","Orichalcum","Blood Vial","Strawberry","Dream Catcher","Centennial Puzzle","Snecko Eye","Lantern","Red Skull","Tiny Chest","Mercury Hourglass","Mummified Hand","Bird Faced Urn","Bag of Marbles"],"potions_floor_usage":[2,8,16,19,20,23,25,25,27,33,39,40,40],"damage_taken":[{"damage":6,"enemies":"Cultist","floor":1,"turns":4},{"damage":12,"enemies":"Jaw Worm","floor":2,"turns":3},{"damage":0,"enemies":"Small Slimes","floor":4,"turns":3},{"damage":21,"enemies":"Gremlin Nob","floor":6,"turns":5},{"damage":16,"enemies":"Lagavulin","floor":8,"turns":5},{"damage":11,"enemies":"3 Sentries","floor":10,"turns":6},{"damage":7,"enemies":"Exordium Thugs","floor":11,"turns":4},{"damage":3,"enemies":"Blue Slaver","floor":13,"turns":3},{"damage":4,"enemies":"Looter","floor":14,"turns":3},{"damage":12,"enemies":"Slime Boss","floor":16,"turns":8},{"damage":14,"enemies":"Shell Parasite","floor":18,"turns":3},{"damage":18,"enemies":"2 Thieves","floor":19,"turns":4},{"damage":6,"enemies":"3 Cultists","floor":20,"turns":5},{"damage":18,"enemies":"Snake Plant","floor":22,"turns":4},{"damage":30,"enemies":"Gremlin Leader","floor":23,"turns":6},{"damage":32,"enemies":"Slavers","floor":25,"turns":4},{"damage":5,"enemies":"Gremlin Leader","floor":27,"turns":3},{"damage":13,"enemies":"Chosen and Byrds","floor":28,"turns":3},{"damage":7,"enemies":"Cultist and Chosen","floor":31,"turns":5},{"damage":30,"enemies":"Collector","floor":33,"turns":6},{"damage":11,"enemies":"3 Shapes","floor":35,"turns":4},{"damage":10,"enemies":"Mind Bloom Boss Battle","floor":37,"turns":6},{"damage":12,"enemies":"3 Darklings","floor":39,"turns":4},{"damage":110,"enemies":"Giant Head","floor":40,"turns":10}],"seed_played":"-2567127439031661864","potions_obtained":[{"floor":1,"key":"Fire Potion"},{"floor":2,"key":"FearPotion"},{"floor":8,"key":"Strength Potion"},{"floor":11,"key":"Dexterity Potion"},{"floor":16,"key":"Explosive Potion"},{"floor":18,"key":"Fruit Juice"},{"floor":19,"key":"Block Potion"},{"floor":23,"key":"Ancient Potion"},{"floor":25,"key":"Explosive Potion"},{"floor":31,"key":"PowerPotion"},{"floor":35,"key":"Energy Potion"},{"floor":37,"key":"BloodPotion"}],"is_trial":false,"path_per_floor":["M","T","?","M","T","?","M","?","?"],"character_chosen":"IRONCLAD","items_purchased":["Headbutt","Armaments","Centennial Puzzle","Heavy Blade","Feel No Pain","True Grit","Bag of Marbles","EssenceOfSteel"],"campfire_rested":2,"item_purchase_floors":[3,3,12,12,38,38,38,38],"current_hp_per_floor":[80,74,74,80,80,65,65,55,62,59,60,60,65,69,69,65,87,79,74,76,76,66,44,44,20,20,23,18,18,45,46,73,51,92,91,91,92,92,92,0],"gold":196,"neow_bonus":"UPGRADE_CARD","is_prod":false,"is_daily":false,"chose_seed":false,"campfire_upgraded":2,"win_rate":0,"timestamp":1553777159,"path_taken":["M","M","$","?","?","E","?","E","T","E","M","$","M","M","R","BOSS","M","M","?","?","M","E","R","E","T","E","M","?","R","?","R","BOSS","M","?","?","$","M","E"],"build_version":"2019-01-23","purchased_purges":1,"victory":false,"max_hp_per_floor":[80,80,80,80,80,80,80,80,87,87,87,87,87,87,87,87,87,87,92,92,92,92,92,92,92,92,92,92,92,92,92,92,92,92,92,92,92,92,92,92],"card_choices":[{"not_picked":["Perfected Strike","Flex"],"picked":"Combust","floor":1},{"not_picked":["Headbutt","Thunderclap"],"picked":"Clothesline","floor":2},{"not_picked":["Rampage","Flex"],"picked":"Disarm","floor":4},{"not_picked":["Reaper","Anger","Rage"],"picked":"SKIP","floor":6},{"not_picked":["Clothesline","True Grit"],"picked":"Twin Strike","floor":8},{"not_picked":["Offering","Clash"],"picked":"Cleave","floor":10},{"not_picked":["Cleave","Reckless Charge"],"picked":"Rupture","floor":11},{"not_picked":["Anger","Rupture"],"picked":"Iron Wave","floor":13},{"not_picked":["True Grit","Heavy Blade","Cleave"],"picked":"SKIP","floor":14},{"not_picked":["Berserk","Double Tap"],"picked":"Dark Embrace","floor":16},{"not_picked":["Headbutt+1","Combust"],"picked":"Uppercut+1","floor":18},{"not_picked":["Power Through","Clash","Flex"],"picked":"SKIP","floor":19},{"not_picked":["Thunderclap","Clothesline","Cleave"],"picked":"SKIP","floor":20},{"not_picked":["Headbutt","Sentinel"],"picked":"Armaments","floor":22},{"not_picked":["Warcry+1","Anger"],"picked":"Carnage+1","floor":23},{"not_picked":["Clash+1","Immolate"],"picked":"Hemokinesis","floor":25},{"not_picked":["Sword Boomerang","Blood for Blood"],"picked":"Iron Wave","floor":27},{"not_picked":["Twin Strike","Pommel Strike"],"picked":"Shrug It Off","floor":28},{"not_picked":["Blood for Blood","Flex"],"picked":"Disarm","floor":31},{"not_picked":["Spot Weakness+1","Clothesline"],"picked":"Metallicize","floor":32},{"not_picked":["Juggernaut","Impervious"],"picked":"Exhume","floor":33},{"not_picked":["Clothesline","Pommel Strike","Carnage"],"picked":"SKIP","floor":35},{"not_picked":["Body Slam+1","Armaments+1"],"picked":"Seeing Red","floor":37},{"not_picked":["Intimidate+1","Pummel"],"picked":"Warcry+1","floor":39}],"player_experience":476133,"relics_obtained":[{"floor":5,"key":"Letter Opener"},{"floor":6,"key":"Orichalcum"},{"floor":8,"key":"Blood Vial"},{"floor":9,"key":"Strawberry"},{"floor":10,"key":"Dream Catcher"},{"floor":21,"key":"Lantern"},{"floor":23,"key":"Red Skull"},{"floor":25,"key":"Tiny Chest"},{"floor":26,"key":"Mercury Hourglass"},{"floor":27,"key":"Mummified Hand"},{"floor":37,"key":"Bird Faced Urn"}],"event_choices":[{"cards_removed":["Strike_R"],"damage_healed":0,"gold_gain":0,"player_choice":"Card Removal","damage_taken":0,"max_hp_gain":0,"max_hp_loss":0,"event_name":"Wheel of Change","floor":7,"gold_loss":0},{"cards_removed":["Strike_R"],"damage_healed":0,"gold_gain":0,"player_choice":"Purged","damage_taken":0,"max_hp_gain":0,"max_hp_loss":0,"event_name":"Purifier","floor":29,"gold_loss":0},{"cards_removed":["Strike_R"],"damage_healed":0,"gold_gain":0,"player_choice":"Removed Attack","damage_taken":0,"max_hp_gain":0,"max_hp_loss":0,"event_name":"Falling","floor":36,"gold_loss":0},{"damage_healed":0,"gold_gain":0,"player_choice":"Fight","damage_taken":0,"max_hp_gain":0,"max_hp_loss":0,"event_name":"MindBloom","floor":37,"gold_loss":0}],"is_beta":false,"boss_relics":[{"not_picked":["Mark of Pain","Runic Pyramid"],"picked":"Snecko Eye"},{"not_picked":["Calling Bell","White Beast Statue"],"picked":"Black Blood"}],"items_purged_floors":[38],"is_endless":false,"potions_floor_spawned":[1,2,8,11,16,18,19,23,25,31,35,37],"killed_by":"Giant Head","ascension_level":2}