{"gold_per_floor":[412,337,337,237,237,263,263,298,298,298,315,331,347,347,347,347],"floor_reached":16,"playtime":760,"items_purged":["Defend_G","Defend_G"],"score":110,"play_id":"3a96099b-2f92-485f-9760-58c0affff4ec","local_time":"20180711114948","is_ascension_mode":false,"campfire_choices":[{"data":"Bouncing Flask","floor":7,"key":"SMITH"},{"floor":10,"key":"REST"},{"floor":15,"key":"REST"}],"neow_cost":"CURSE","seed_source_timestamp":13240639507232,"circlet_count":0,"master_deck":["Defend_G","Defend_G","Defend_G","Strike_G","Strike_G","Strike_G","Strike_G","Strike_G","Survivor+1","Neutralize","Clumsy","Bouncing Flask+1"],"relics":["Ring of the Snake","Old Coin","Regal Pillow","Bottled Lightning","Toxic Egg 2"],"potions_floor_usage":[6,6,6,14,16],"damage_taken":[{"damage":5,"enemies":"2 Louse","floor":1,"turns":4},{"damage":38,"enemies":"Lagavulin","floor":6,"turns":10},{"damage":17,"enemies":"Gremlin Nob","floor":8,"turns":4},{"damage":6,"enemies":"Cultist","floor":11,"turns":3},{"damage":3,"enemies":"Jaw Worm","floor":12,"turns":3},{"damage":3,"enemies":"3 Louse","floor":13,"turns":3},{"damage":3,"enemies":"Gremlin Gang","floor":14,"turns":3},{"damage":71,"enemies":"Slime Boss","floor":16,"turns":11}],"seed_played":"7206519443691321445","potions_obtained":[{"floor":3,"key":"Regen Potion"},{"floor":3,"key":"SkillPotion"},{"floor":3,"key":"EssenceOfSteel"},{"floor":11,"key":"SkillPotion"},{"floor":13,"key":"SmokeBomb"}],"is_trial":false,"path_per_floor":["M","$","?","$","?","E","R","E","T","R","M","M","M","M","R"],"character_chosen":"THE_SILENT","items_purchased":[],"campfire_rested":2,"item_purchase_floors":[],"current_hp_per_floor":[65,65,65,65,65,35,35,18,18,54,48,45,42,39,70,0],"gold":347,"neow_bonus":"ONE_RARE_RELIC","is_prod":false,"is_daily":false,"chose_seed":false,"campfire_upgraded":1,"win_rate":0,"timestamp":1531324188,"path_taken":["M","$","?","?","?","E","R","E","T","R","M","M","M","?","R","BOSS"],"build_version":"2018-07-05","purchased_purges":2,"victory":false,"max_hp_per_floor":[70,70,70,70,70,70,70,70,70,70,70,70,70,70,70,70],"card_choices":[{"not_picked":["Caltrops","Sucker Punch","Deadly Poison"],"picked":"SKIP","floor":1},{"not_picked":["Caltrops","Outmaneuver"],"picked":"Bouncing Flask","floor":6},{"not_picked":["Footwork","Cloak And Dagger","Underhanded Strike"],"picked":"SKIP","floor":8},{"not_picked":["Eviscerate","Dodge and Roll+1","Expertise+1"],"picked":"SKIP","floor":11},{"not_picked":["Underhanded Strike","Well Laid Plans","Quick Slash"],"picked":"SKIP","floor":12},{"not_picked":["Underhanded Strike","Infinite Blades","Deflect+1"],"picked":"SKIP","floor":13}],"player_experience":213607,"relics_obtained":[{"floor":6,"key":"Regal Pillow"},{"floor":8,"key":"Bottled Lightning"},{"floor":9,"key":"Toxic Egg 2"}],"event_choices":[{"event_name":"The Lab","player_choice":"Got Potions","floor":3,"damage_taken":0},{"event_name":"Accursed Blacksmith","player_choice":"Forge","floor":5,"damage_taken":0}],"boss_relics":[],"items_purged_floors":[2,4],"is_endless":false,"potions_floor_spawned":[11,13,14],"killed_by":"Slime Boss","ascension_level":0}