{"gold_per_floor":[115,115,132,232,39,39,72,86,86,99,114,75,75,95,95,95],"floor_reached":16,"playtime":1021,"items_purged":[],"score":127,"play_id":"086d7c93-ff8e-49d4-aff2-86351b0fed6b","local_time":"20190313113233","is_ascension_mode":false,"campfire_choices":[{"data":"Shockwave","floor":6,"key":"SMITH"},{"data":"Barricade","floor":13,"key":"SMITH"},{"data":"Metallicize","floor":15,"key":"SMITH"}],"neow_cost":"NONE","seed_source_timestamp":993493359441125,"circlet_count":0,"master_deck":["Strike_R","Strike_R","Strike_R","Strike_R","Strike_R","Defend_R","Defend_R","Defend_R","Defend_R","Bash","Shockwave+1","Barricade+1","Metallicize+1","Sentinel","Flame Barrier","Clothesline"],"relics":["Burning Blood","NeowsBlessing","HandDrill","Paper Frog","Oddly Smooth Stone"],"potions_floor_usage":[14,16,16],"damage_taken":[{"damage":0,"enemies":"2 Louse","floor":1,"turns":1},{"damage":0,"enemies":"Cultist","floor":3,"turns":1},{"damage":0,"enemies":"3 Sentries","floor":7,"turns":1},{"damage":3,"enemies":"Jaw Worm","floor":8,"turns":3},{"damage":12,"enemies":"2 Fungi Beasts","floor":10,"turns":5},{"damage":8,"enemies":"Looter","floor":11,"turns":3},{"damage":9,"enemies":"Lots of Slimes","floor":14,"turns":6},{"damage":84,"enemies":"Slime Boss","floor":16,"turns":19}],"seed_played":"-9088729742014901492","potions_obtained":[{"floor":1,"key":"PowerPotion"},{"floor":3,"key":"BloodPotion"},{"floor":11,"key":"Energy Potion"}],"is_trial":false,"path_per_floor":["?"],"character_chosen":"IRONCLAD","items_purchased":["HandDrill","Flame Barrier"],"campfire_rested":0,"item_purchase_floors":[5,12],"current_hp_per_floor":[80,80,80,80,80,80,80,80,80,74,72,72,72,69,69,0],"gold":95,"neow_bonus":"THREE_ENEMY_KILL","is_prod":false,"is_daily":false,"chose_seed":false,"campfire_upgraded":3,"win_rate":0,"timestamp":1552487553,"path_taken":["M","$","M","?","$","R","E","M","T","M","M","$","R","M","R","BOSS"],"build_version":"2019-01-23","purchased_purges":0,"victory":false,"max_hp_per_floor":[80,80,80,80,80,80,80,80,80,80,80,80,80,80,80,80],"card_choices":[{"not_picked":["Reckless Charge","Heavy Blade","Battle Trance"],"picked":"SKIP","floor":1},{"not_picked":["Thunderclap","Clothesline"],"picked":"Shockwave","floor":3},{"not_picked":["Intimidate","Flex"],"picked":"Barricade","floor":7},{"not_picked":["Shrug It Off","Burning Pact"],"picked":"Metallicize","floor":8},{"not_picked":["Searing Blow","Feel No Pain","Second Wind"],"picked":"SKIP","floor":10},{"not_picked":["Perfected Strike","Flex"],"picked":"Sentinel","floor":11},{"not_picked":["Searing Blow","Flex"],"picked":"Clothesline","floor":14}],"player_experience":304958,"relics_obtained":[{"floor":7,"key":"Paper Frog"},{"floor":9,"key":"Oddly Smooth Stone"}],"event_choices":[{"damage_healed":0,"gold_gain":100,"player_choice":"Gold","damage_taken":0,"max_hp_gain":0,"max_hp_loss":0,"event_name":"Wheel of Change","floor":4,"gold_loss":0}],"is_beta":false,"boss_relics":[],"items_purged_floors":[],"is_endless":false,"potions_floor_spawned":[1,3,11],"killed_by":"Slime Boss","ascension_level":0}