{"gold_per_floor":[110,35,55,67,80,80,94,94,143,169,186,186,86,86,86,209,209,225,325,340,340,340,340,215,228,228,228,228],"floor_reached":28,"playtime":747,"items_purged":["Strike_R","Strike_R","Defend_R"],"score":208,"play_id":"dede0b25-d0ea-4820-be6f-cc54a86b67b8","local_time":"20180801160822","is_ascension_mode":false,"campfire_choices":[{"data":"Demon Form","floor":6,"key":"SMITH"},{"data":"Sword Boomerang","floor":8,"key":"SMITH"},{"floor":12,"key":"REST"},{"data":"Thunderclap","floor":15,"key":"SMITH"},{"data":"Battle Trance","floor":23,"key":"SMITH"},{"floor":27,"key":"REST"}],"neow_cost":"NONE","seed_source_timestamp":1843199295544313,"circlet_count":0,"master_deck":["Strike_R","Strike_R+1","Strike_R","Defend_R","Defend_R","Defend_R","Bash+1","Demon Form+1","Shrug It Off","Thunderclap+1","Battle Trance+1","Sword Boomerang+1","Offering","Shrug It Off+1"],"relics":["Burning Blood","Ancient Tea Set","Whetstone","Golden Idol","Black Star","Mummified Hand"],"potions_floor_usage":[16,18],"damage_taken":[{"damage":5,"enemies":"Cultist","floor":1,"turns":4},{"damage":18,"enemies":"Jaw Worm","floor":3,"turns":3},{"damage":6,"enemies":"2 Louse","floor":4,"turns":2},{"damage":0,"enemies":"Large Slime","floor":5,"turns":4},{"damage":19,"enemies":"Exordium Wildlife","floor":7,"turns":4},{"damage":21,"enemies":"Gremlin Gang","floor":11,"turns":3},{"damage":44,"enemies":"Hexaghost","floor":16,"turns":6},{"damage":30,"enemies":"2 Thieves","floor":18,"turns":3},{"damage":18,"enemies":"Shell Parasite","floor":20,"turns":3},{"damage":28,"enemies":"Cultist and Chosen","floor":25,"turns":6},{"damage":39,"enemies":"Snake Plant","floor":28,"turns":4}],"seed_played":"-3412502469578136751","potions_obtained":[{"floor":1,"key":"Regen Potion"},{"floor":3,"key":"Fire Potion"},{"floor":7,"key":"SpeedPotion"},{"floor":25,"key":"SpeedPotion"}],"is_trial":false,"path_per_floor":["M","$","M","M","M","R","M","R","T","T","M","R","$","?","R","B",null,"M","?","M","?","?","R","$","M","T","R"],"character_chosen":"IRONCLAD","items_purchased":[],"campfire_rested":2,"item_purchase_floors":[],"current_hp_per_floor":[80,80,68,68,74,74,61,61,61,61,46,70,70,70,70,42,74,50,50,38,62,46,46,46,24,24,46,7],"gold":228,"neow_bonus":"ONE_RANDOM_RARE_CARD","is_prod":false,"is_daily":false,"chose_seed":false,"campfire_upgraded":4,"win_rate":0,"timestamp":1533154102,"path_taken":["M","$","M","M","M","R","M","R","T","?","M","R","$","?","R","BOSS","M","?","M","?","?","R","$","M","T","R","M"],"build_version":"2018-07-26","purchased_purges":3,"victory":false,"max_hp_per_floor":[80,80,80,80,80,80,80,80,80,80,80,80,80,74,74,74,74,74,74,74,74,74,74,74,74,74,74,74],"card_choices":[{"not_picked":["Uppercut","Searing Blow"],"picked":"Shrug It Off","floor":1},{"not_picked":["Sword Boomerang","Warcry"],"picked":"Thunderclap","floor":3},{"not_picked":["Seeing Red","Heavy Blade"],"picked":"Battle Trance","floor":4},{"not_picked":["Armaments","Pommel Strike","Demon Form"],"picked":"SKIP","floor":5},{"not_picked":["Thunderclap","Clothesline"],"picked":"Sword Boomerang","floor":7},{"not_picked":["True Grit","Sword Boomerang","Cleave"],"picked":"SKIP","floor":11},{"not_picked":["Fiend Fire","Reaper"],"picked":"Offering","floor":16},{"not_picked":["Shockwave+1","Carnage"],"picked":"Shrug It Off+1","floor":18},{"not_picked":["Cleave","Wild Strike","Clothesline+1"],"picked":"SKIP","floor":20},{"not_picked":["Double Tap","Feel No Pain+1","Perfected Strike"],"picked":"SKIP","floor":25}],"player_experience":321513,"relics_obtained":[{"floor":9,"key":"Ancient Tea Set"},{"floor":10,"key":"Whetstone"},{"floor":26,"key":"Mummified Hand"}],"event_choices":[{"event_name":"Golden Idol","player_choice":"Lose Max HP","floor":14,"damage_taken":0},{"event_name":"Golden Shrine","player_choice":"Pray","floor":19,"damage_taken":0},{"event_name":"The Library","player_choice":"Heal","floor":21,"damage_taken":0},{"event_name":"Cursed Tome","player_choice":"Obtained Book","floor":22,"damage_taken":0}],"is_beta":false,"boss_relics":[{"not_picked":["Pandora\u0027s Box","White Beast Statue"],"picked":"Black Star"}],"items_purged_floors":[2,13,24],"is_endless":false,"potions_floor_spawned":[1,3,7,25],"killed_by":"Snake Plant","ascension_level":0}