{"gold_per_floor":[213,55,55,75,92,117,117,131,131,131,146,146,146,55,55,157,157,173,173,173,173,173,173,132,146,146,17,17,17,32,47,47,149,149,160,160,260,133,143,143,143,143,143,155,155,155,169,23,23,23,23,23,23,23],"floor_reached":54,"playtime":4578,"items_purged":["Injury"],"score":708,"play_id":"8b0571f6-dce3-4af7-b8e6-3deac0a01117","local_time":"20190302060706","is_ascension_mode":false,"campfire_choices":[{"floor":7,"key":"REST"},{"data":"Heavy Blade","floor":10,"key":"SMITH"},{"floor":15,"key":"REST"},{"floor":23,"key":"RECALL"},{"data":"Entrench","floor":28,"key":"SMITH"},{"data":"Barricade","floor":32,"key":"SMITH"},{"floor":40,"key":"REST"},{"data":"Body Slam","floor":42,"key":"SMITH"},{"data":"Rage","floor":46,"key":"SMITH"},{"floor":49,"key":"REST"},{"data":"Rage","floor":52,"key":"SMITH"}],"neow_cost":"NONE","seed_source_timestamp":19926065346116,"circlet_count":0,"master_deck":["Strike_R","Strike_R","Strike_R","Strike_R","Defend_R","Defend_R","Defend_R","Defend_R","Bash","Rage+1","Limit Break+1","Heavy Blade+1","Cleave","Rampage","Shrug It Off","Barricade+1","Necronomicurse","Entrench+1","Flex","Metallicize+1","Shrug It Off","Rage+1","Barricade+1","Body Slam+1","Metallicize+1","Metallicize+1","Good Instincts","Headbutt+1","Metallicize+1"],"relics":["Burning Blood","Mummified Hand","Shuriken","StoneCalendar","WingedGreaves","Cursed Key","Darkstone Periapt","Necronomicon","Frozen Egg 2","Empty Cage","Charon\u0027s Ashes"],"potions_floor_usage":[6,8,37,41,44,47,50],"damage_taken":[{"damage":6,"enemies":"Small Slimes","floor":1,"turns":4},{"damage":0,"enemies":"Cultist","floor":4,"turns":3},{"damage":2,"enemies":"Jaw Worm","floor":5,"turns":4},{"damage":49,"enemies":"Lagavulin","floor":6,"turns":6},{"damage":32,"enemies":"Large Slime","floor":8,"turns":6},{"damage":21,"enemies":"Looter","floor":11,"turns":4},{"damage":37,"enemies":"Slime Boss","floor":16,"turns":7},{"damage":16,"enemies":"Chosen","floor":18,"turns":5},{"damage":24,"enemies":"Spheric Guardian","floor":25,"turns":7},{"damage":1,"enemies":"Centurion and Healer","floor":30,"turns":7},{"damage":8,"enemies":"Chosen and Byrds","floor":31,"turns":7},{"damage":33,"enemies":"Automaton","floor":33,"turns":10},{"damage":26,"enemies":"Orb Walker","floor":35,"turns":5},{"damage":12,"enemies":"Mind Bloom Boss Battle","floor":37,"turns":7},{"damage":8,"enemies":"3 Shapes","floor":39,"turns":6},{"damage":0,"enemies":"Writhing Mass","floor":41,"turns":1},{"damage":27,"enemies":"Transient","floor":44,"turns":5},{"damage":35,"enemies":"Jaw Worm Horde","floor":47,"turns":6},{"damage":34,"enemies":"Time Eater","floor":50,"turns":14},{"damage":107,"enemies":"Shield and Spear","floor":54,"turns":8}],"seed_played":"8707017871937048609","potions_obtained":[{"floor":1,"key":"Regen Potion"},{"floor":4,"key":"SmokeBomb"},{"floor":5,"key":"Poison Potion"},{"floor":31,"key":"Energy Potion"},{"floor":35,"key":"Explosive Potion"},{"floor":39,"key":"AttackPotion"}],"is_trial":false,"path_per_floor":["?","M","T","?","?","?","?","?","$","M","$","?","?","$","M","?"],"character_chosen":"IRONCLAD","items_purchased":["Limit Break","Rampage","Shrug It Off","Entrench","Metallicize+1","Shrug It Off","Metallicize+1","Good Instincts","EssenceOfSteel"],"campfire_rested":4,"item_purchase_floors":[2,14,14,24,27,27,38,38,48],"current_hp_per_floor":[80,80,80,80,80,37,61,50,50,50,35,35,32,32,56,25,80,70,70,60,66,92,92,92,74,74,74,74,74,79,77,77,50,92,72,72,66,66,64,91,92,92,98,77,77,77,48,48,77,49,98,98,98,0],"gold":23,"neow_bonus":"HUNDRED_GOLD","is_prod":false,"is_daily":false,"chose_seed":false,"campfire_upgraded":6,"win_rate":0,"timestamp":1551517626,"path_taken":["M","$","?","M","M","E","R","M","T","R","?","?","?","$","R","BOSS","M","?","?","?","?","R","?","?","T","$","R","?","M","M","R","BOSS","M","?","?","?","?","R","M","R","T","M","?","R","M","$","R","BOSS","R","$","E"],"build_version":"2019-01-23","purchased_purges":1,"victory":false,"max_hp_per_floor":[80,80,80,80,80,80,80,80,80,80,80,80,80,80,80,80,80,80,80,86,92,92,92,92,92,92,92,92,92,92,92,92,92,92,92,92,92,92,92,92,92,92,98,98,98,98,98,98,98,98,98,98,98,98],"card_choices":[{"not_picked":["Intimidate","Clothesline"],"picked":"Rage","floor":1},{"not_picked":["Wild Strike","Sentinel","Pummel"],"picked":"SKIP","floor":4},{"not_picked":["Burning Pact","Infernal Blade"],"picked":"Heavy Blade","floor":5},{"not_picked":["Perfected Strike","Sever Soul"],"picked":"Cleave","floor":6},{"not_picked":["Twin Strike","Wild Strike","Havoc"],"picked":"SKIP","floor":8},{"not_picked":["Armaments","Seeing Red","Burning Pact"],"picked":"SKIP","floor":11},{"not_picked":["Demon Form","Exhume"],"picked":"Barricade","floor":16},{"not_picked":["Twin Strike+1","Clothesline+1"],"picked":"Anger","floor":18},{"not_picked":["Sword Boomerang","Armaments"],"picked":"Flex","floor":25},{"not_picked":["Sword Boomerang","Burning Pact"],"picked":"Rage","floor":30},{"not_picked":["Corruption+1","Clothesline","Rupture+1"],"picked":"SKIP","floor":31},{"not_picked":["Feed","Fiend Fire"],"picked":"Barricade+1","floor":33},{"not_picked":["True Grit+1","Flex"],"picked":"Body Slam","floor":35},{"not_picked":["Sentinel","Corruption+1"],"picked":"Metallicize+1","floor":37},{"not_picked":["Twin Strike+1","Burning Pact+1","Perfected Strike"],"picked":"SKIP","floor":39},{"not_picked":["Iron Wave+1","Flex+1"],"picked":"Headbutt+1","floor":44},{"not_picked":["Perfected Strike+1","Reckless Charge","Battle Trance"],"picked":"SKIP","floor":47}],"player_experience":245301,"relics_obtained":[{"floor":6,"key":"Mummified Hand"},{"floor":9,"key":"Shuriken"},{"floor":12,"key":"StoneCalendar"},{"floor":20,"key":"Necronomicon"},{"floor":37,"key":"Charon\u0027s Ashes"}],"event_choices":[{"damage_healed":0,"gold_gain":0,"player_choice":"Upgraded","damage_taken":0,"max_hp_gain":0,"max_hp_loss":0,"event_name":"Upgrade Shrine","floor":3,"gold_loss":0,"cards_upgraded":["Limit Break"]},{"damage_healed":0,"gold_gain":0,"player_choice":"Success","damage_taken":3,"relics_obtained":["WingedGreaves"],"max_hp_gain":0,"max_hp_loss":0,"event_name":"Scrap Ooze","floor":13,"gold_loss":0},{"damage_healed":0,"gold_gain":0,"player_choice":"Opened","damage_taken":0,"relics_obtained":["Darkstone Periapt"],"max_hp_gain":0,"max_hp_loss":0,"event_name":"The Mausoleum","floor":19,"gold_loss":0},{"damage_healed":0,"gold_gain":0,"player_choice":"Obtained Book","damage_taken":16,"max_hp_gain":0,"max_hp_loss":0,"event_name":"Cursed Tome","floor":20,"gold_loss":0},{"damage_healed":0,"gold_gain":0,"player_choice":"Stole Relic","damage_taken":0,"relics_obtained":["Frozen Egg 2"],"max_hp_gain":0,"max_hp_loss":0,"event_name":"Addict","floor":21,"gold_loss":0,"cards_obtained":["Shame"]},{"damage_healed":30,"gold_gain":0,"player_choice":"Heal","damage_taken":0,"max_hp_gain":0,"max_hp_loss":0,"event_name":"The Library","floor":22,"gold_loss":0},{"cards_removed":["Anger"],"damage_healed":0,"gold_gain":0,"player_choice":"Removed Attack","damage_taken":0,"max_hp_gain":0,"max_hp_loss":0,"event_name":"Falling","floor":36,"gold_loss":0},{"damage_healed":0,"gold_gain":0,"player_choice":"Fight","damage_taken":0,"max_hp_gain":0,"max_hp_loss":0,"event_name":"MindBloom","floor":37,"gold_loss":0},{"damage_healed":0,"gold_gain":0,"player_choice":"Copied","damage_taken":0,"max_hp_gain":0,"max_hp_loss":0,"event_name":"Duplicator","floor":45,"gold_loss":0,"cards_obtained":["Metallicize"]}],"is_beta":false,"boss_relics":[{"not_picked":["Astrolabe","Black Blood"],"picked":"Cursed Key"},{"not_picked":["Tiny House","Eternal Feather"],"picked":"Empty Cage"}],"items_purged_floors":[48],"is_endless":false,"potions_floor_spawned":[1,4,5,31,35,39,41],"killed_by":"Shield and Spear","ascension_level":0}