{"gold_per_floor":[110,121,121,134,148,181,181,215,242,260,185,196,196,196,196,325,325,339,239,253,128,144,144,183,208,208,208],"floor_reached":27,"playtime":4767,"items_purged":["Defend_G","Strike_G","Defend_G"],"score":245,"play_id":"719f2c6a-a835-49d1-bd7e-f8f34347f83b","local_time":"20180711130923","is_ascension_mode":false,"campfire_choices":[{"floor":7,"key":"REST"},{"floor":15,"key":"REST"},{"data":"Bouncing Flask","floor":23,"key":"SMITH"}],"neow_cost":"NONE","seed_source_timestamp":14012580377634,"circlet_count":0,"master_deck":["Defend_G+1","Defend_G","Strike_G","Strike_G","Strike_G+1","Strike_G","Survivor","Neutralize","Burst","Deadly Poison","Backflip","Adrenaline","Bouncing Flask+1","Footwork"],"relics":["Ring of the Snake","Art of War","Dream Catcher","Orichalcum","Golden Idol","Busted Crown","Singing Bowl","Girya"],"potions_floor_usage":[8,8,8,10,16,24,25],"damage_taken":[{"damage":0,"enemies":"Small Slimes","floor":1,"turns":4},{"damage":1,"enemies":"2 Louse","floor":2,"turns":3},{"damage":0,"enemies":"Cultist","floor":4,"turns":3},{"damage":2,"enemies":"Looter","floor":5,"turns":3},{"damage":28,"enemies":"3 Sentries","floor":6,"turns":11},{"damage":15,"enemies":"Lagavulin","floor":8,"turns":7},{"damage":6,"enemies":"2 Fungi Beasts","floor":10,"turns":4},{"damage":14,"enemies":"Large Slime","floor":12,"turns":7},{"damage":5,"enemies":"The Guardian","floor":16,"turns":7},{"damage":1,"enemies":"Chosen","floor":18,"turns":4},{"damage":0,"enemies":"Spheric Guardian","floor":20,"turns":3},{"damage":5,"enemies":"Centurion and Healer","floor":22,"turns":8},{"damage":23,"enemies":"Gremlin Leader","floor":24,"turns":8},{"damage":6,"enemies":"Snecko","floor":25,"turns":5},{"damage":36,"enemies":"3 Cultists","floor":27,"turns":4}],"seed_played":"3311136051585490607","potions_obtained":[{"floor":4,"key":"Energy Potion"},{"floor":5,"key":"Energy Potion"},{"floor":6,"key":"Dexterity Potion"},{"floor":8,"key":"Regen Potion"},{"floor":12,"key":"Swift Potion"},{"floor":22,"key":"Dexterity Potion"},{"floor":24,"key":"Energy Potion"},{"floor":25,"key":"Fire Potion"}],"is_trial":false,"path_per_floor":["M","M","?","M","M","E","R","E","T","M","$","M","?","?","R","B",null,"M","$","M","$","M","R","E","M","T"],"character_chosen":"THE_SILENT","items_purchased":[],"campfire_rested":2,"item_purchase_floors":[],"current_hp_per_floor":[70,69,62,62,60,32,53,38,38,44,44,30,16,16,35,30,65,64,64,64,64,59,59,38,34,34,0],"gold":208,"neow_bonus":"ONE_RANDOM_RARE_CARD","is_prod":false,"is_daily":false,"chose_seed":false,"campfire_upgraded":1,"win_rate":0,"timestamp":1531328963,"path_taken":["M","M","?","M","M","E","R","E","T","?","$","M","?","?","R","BOSS","M","$","M","$","M","R","E","M","T","M"],"build_version":"2018-07-05","purchased_purges":3,"victory":false,"max_hp_per_floor":[70,70,70,70,70,70,70,70,70,70,70,70,70,65,65,65,65,65,65,65,65,65,65,67,69,69,69],"card_choices":[{"not_picked":["Quick Slash","Reflex"],"picked":"Deadly Poison","floor":1},{"not_picked":["Dagger Spray","Eviscerate","All Out Attack"],"picked":"SKIP","floor":2},{"not_picked":["Dagger Throw","Cloak And Dagger"],"picked":"Backflip","floor":4},{"not_picked":["Malaise","Prepared","Dagger Spray"],"picked":"SKIP","floor":5},{"not_picked":["Calculated Gamble","Doppelganger","Slice"],"picked":"SKIP","floor":6},{"not_picked":["Sucker Punch","Finisher"],"picked":"Adrenaline","floor":8},{"not_picked":["Flying Knee","Finisher","Expertise"],"picked":"SKIP","floor":10},{"not_picked":["Poisoned Stab","Dash"],"picked":"Bouncing Flask","floor":12},{"not_picked":["Underhanded Strike","Backflip"],"picked":"Footwork","floor":15},{"not_picked":["Outmaneuver+1"],"picked":"SKIP","floor":18},{"not_picked":["Slice"],"picked":"SKIP","floor":20},{"not_picked":["Eviscerate"],"picked":"SKIP","floor":22},{"not_picked":["Underhanded Strike+1"],"picked":"Singing Bowl","floor":24},{"not_picked":["Quick Slash+1"],"picked":"Singing Bowl","floor":25}],"player_experience":214367,"relics_obtained":[{"floor":6,"key":"Art of War"},{"floor":8,"key":"Dream Catcher"},{"floor":9,"key":"Orichalcum"},{"floor":24,"key":"Singing Bowl"},{"floor":26,"key":"Girya"}],"event_choices":[{"event_name":"Golden Wing","player_choice":"Card Removal","floor":3,"damage_taken":0},{"event_name":"Shining Light","player_choice":"Entered Light","floor":13,"damage_taken":0},{"event_name":"Golden Idol","player_choice":"Lose Max HP","floor":14,"damage_taken":0}],"boss_relics":[{"not_picked":["White Beast Statue","Runic Pyramid"],"picked":"Busted Crown"}],"items_purged_floors":[11,19,21],"is_endless":false,"potions_floor_spawned":[4,5,6,8,12,22,24,25],"killed_by":"3 Cultists","ascension_level":0}