{"gold_per_floor":[115,129,129,144,219,219,258,281,307,307,332,332,356,36,36,36],"floor_reached":16,"playtime":566,"items_purged":["Defend_R"],"score":102,"play_id":"96ce1a32-8d6f-4624-91b4-95b15474e6dc","local_time":"20180801153155","is_ascension_mode":false,"campfire_choices":[{"data":"Armaments","floor":6,"key":"SMITH"},{"floor":15,"key":"REST"}],"neow_cost":"NONE","seed_source_timestamp":1841193119708151,"circlet_count":0,"master_deck":["Strike_R","Strike_R","Strike_R","Strike_R","Strike_R","Defend_R","Defend_R","Defend_R","Bash","Cleave","Armaments+1","Searing Blow","Thunderclap"],"relics":["Burning Blood","Ancient Tea Set","Golden Idol","Pen Nib","Bag of Marbles","Oddly Smooth Stone","Singing Bowl"],"potions_floor_usage":[8,16,16],"damage_taken":[{"damage":14,"enemies":"Small Slimes","floor":1,"turns":3},{"damage":1,"enemies":"Jaw Worm","floor":2,"turns":3},{"damage":7,"enemies":"2 Louse","floor":4,"turns":3},{"damage":20,"enemies":"3 Sentries","floor":7,"turns":8},{"damage":21,"enemies":"Large Slime","floor":8,"turns":5},{"damage":8,"enemies":"Gremlin Gang","floor":11,"turns":3},{"damage":10,"enemies":"Exordium Wildlife","floor":13,"turns":3},{"damage":45,"enemies":"The Guardian","floor":16,"turns":9}],"seed_played":"1507799521468617087","potions_obtained":[{"floor":2,"key":"Dexterity Potion"},{"floor":4,"key":"Weak Potion"},{"floor":7,"key":"BloodPotion"},{"floor":13,"key":"AttackPotion"}],"is_trial":false,"path_per_floor":["M","M","?","M","?","R","E","M","T","?","M","?","M","$","R"],"character_chosen":"IRONCLAD","items_purchased":["Singing Bowl"],"campfire_rested":1,"item_purchase_floors":[14],"current_hp_per_floor":[72,77,77,76,65,65,51,44,44,44,42,24,20,20,44,0],"gold":36,"neow_bonus":"RANDOM_COMMON_RELIC","is_prod":false,"is_daily":false,"chose_seed":false,"campfire_upgraded":1,"win_rate":0,"timestamp":1533151915,"path_taken":["M","M","?","M","?","R","E","?","T","?","M","?","M","$","R","BOSS"],"build_version":"2018-07-26","purchased_purges":1,"victory":false,"max_hp_per_floor":[80,80,80,80,80,80,80,80,80,80,80,80,80,80,80,80],"card_choices":[{"not_picked":["Intimidate","Sever Soul"],"picked":"Cleave","floor":1},{"not_picked":["Flame Barrier","Uppercut"],"picked":"Armaments","floor":2},{"not_picked":["Havoc","Metallicize","Rampage"],"picked":"SKIP","floor":4},{"not_picked":["Entrench","Pommel Strike"],"picked":"Searing Blow","floor":7},{"not_picked":["Body Slam","Wild Strike","True Grit"],"picked":"SKIP","floor":8},{"not_picked":["Feed","Wild Strike"],"picked":"Thunderclap","floor":11},{"not_picked":["Wild Strike","Anger","Iron Wave"],"picked":"SKIP","floor":13}],"player_experience":319595,"relics_obtained":[{"floor":7,"key":"Pen Nib"},{"floor":9,"key":"Bag of Marbles"}],"event_choices":[{"event_name":"Golden Idol","player_choice":"Take Wound","floor":3,"damage_taken":0},{"event_name":"World of Goop","player_choice":"Gather Gold","floor":5,"damage_taken":0},{"event_name":"Living Wall","player_choice":"Forget","floor":10,"damage_taken":0},{"event_name":"Scrap Ooze","player_choice":"success","floor":12,"damage_taken":18}],"is_beta":false,"boss_relics":[],"items_purged_floors":[14],"is_endless":false,"potions_floor_spawned":[2,4,7,13],"killed_by":"The Guardian","ascension_level":0}