{"gold_per_floor":[116,35,46,61,61,95,395,414,414,414,414,449,468,478,478,576,576,596,25,25,36,36,36,68,87,87,98,123,123,135,153,153,258,258,270,270,288,341,60,60,90,108,160,187,187,221,235,30,30,30],"floor_reached":50,"playtime":1973,"items_purged":["Strike_G","Strike_G"],"score":816,"play_id":"96554ccf-d42f-4edb-98bb-698e13ca1512","local_time":"20190327235708","is_ascension_mode":true,"campfire_choices":[{"floor":7,"key":"DIG"},{"floor":10,"key":"DIG"},{"data":"Catalyst","floor":15,"key":"SMITH"},{"floor":23,"key":"RECALL"},{"floor":32,"key":"DIG"},{"floor":40,"key":"DIG"},{"floor":49,"key":"DIG"}],"neow_cost":"TEN_PERCENT_HP_LOSS","seed_source_timestamp":8124276427418806,"circlet_count":0,"master_deck":["Defend_G+1","Defend_G","Defend_G","Defend_G","Strike_G","Strike_G","Strike_G","Survivor","Neutralize+1","Dash+1","Noxious Fumes","Quick Slash+1","Catalyst+1","Die Die Die","Deadly Poison","Noxious Fumes","Bouncing Flask","Adrenaline+1","Footwork","Secret Technique","Backflip","PiercingWail","Catalyst","Writhe","Catalyst+1","Catalyst","Writhe","Burst","Poisoned Stab+1","Tools of the Trade","Acrobatics","Skewer+1","Pain","Corpse Explosion"],"relics":["Ring of the Snake","Shovel","Boot","Old Coin","Pear","Bag of Preparation","Bronze Scales","The Courier","Cursed Key","Mummified Hand","War Paint","Molten Egg 2","Mercury Hourglass","Bottled Lightning","Happy Flower","Strawberry","Sozu","Gambling Chip","Du-Vu Doll","Chemical X","Paper Crane","Ice Cream","Vajra","Bag of Marbles","Meat on the Bone","Whetstone","Anchor"],"potions_floor_usage":[16,16,18,28,30,33],"damage_taken":[{"damage":0,"enemies":"Jaw Worm","floor":1,"turns":5},{"damage":0,"enemies":"Cultist","floor":3,"turns":4},{"damage":0,"enemies":"Small Slimes","floor":4,"turns":4},{"damage":25,"enemies":"Gremlin Nob","floor":6,"turns":5},{"damage":2,"enemies":"Looter","floor":8,"turns":3},{"damage":6,"enemies":"Lagavulin","floor":12,"turns":5},{"damage":1,"enemies":"Red Slaver","floor":13,"turns":3},{"damage":6,"enemies":"Blue Slaver","floor":14,"turns":3},{"damage":12,"enemies":"Hexaghost","floor":16,"turns":6},{"damage":0,"enemies":"2 Thieves","floor":18,"turns":3},{"damage":1,"enemies":"3 Byrds","floor":21,"turns":3},{"damage":26,"enemies":"Book of Stabbing","floor":24,"turns":5},{"damage":0,"enemies":"Shelled Parasite and Fungi","floor":25,"turns":2},{"damage":8,"enemies":"Snecko","floor":27,"turns":4},{"damage":0,"enemies":"Gremlin Leader","floor":28,"turns":4},{"damage":2,"enemies":"Snake Plant","floor":30,"turns":1},{"damage":18,"enemies":"Cultist and Chosen","floor":31,"turns":5},{"damage":13,"enemies":"Automaton","floor":33,"turns":6},{"damage":13,"enemies":"3 Darklings","floor":35,"turns":3},{"damage":0,"enemies":"3 Shapes","floor":37,"turns":3},{"damage":5,"enemies":"2 Orb Walkers","floor":38,"turns":4},{"damage":0,"enemies":"Giant Head","floor":41,"turns":4},{"damage":8,"enemies":"Sphere and 2 Shapes","floor":42,"turns":4},{"damage":0,"enemies":"Nemesis","floor":44,"turns":1},{"damage":7,"enemies":"Giant Head","floor":46,"turns":3},{"damage":17,"enemies":"Spire Growth","floor":47,"turns":3},{"damage":45,"enemies":"Time Eater","floor":50,"turns":2}],"seed_played":"4275159017559359220","potions_obtained":[{"floor":1,"key":"Strength Potion"},{"floor":6,"key":"Swift Potion"},{"floor":13,"key":"GamblersBrew"},{"floor":16,"key":"Block Potion"},{"floor":25,"key":"SteroidPotion"},{"floor":28,"key":"Block Potion"},{"floor":30,"key":"FearPotion"},{"floor":31,"key":"Swift Potion"}],"is_trial":false,"path_per_floor":["M","$","M","M","?","E","R","M","T","R","?","E","M","M","R","B",null,"M","$","?","M","?","R","E","M","T","M","E","?","M","M","R","B",null,"M","?","M","?","$","R","E","M","T","E","?","E","M","$","R","B"],"character_chosen":"THE_SILENT","items_purchased":["Noxious Fumes","Quick Slash","Mummified Hand","War Paint","Secret Technique","Backflip","PiercingWail","Catalyst","Skewer+1","Chemical X","Whetstone"],"campfire_rested":0,"item_purchase_floors":[2,2,19,19,19,19,19,19,39,39,48],"current_hp_per_floor":[63,63,63,63,63,38,38,36,46,46,43,37,36,30,30,18,73,73,73,73,72,72,72,46,46,46,38,38,38,36,18,25,12,80,67,67,67,62,62,62,62,54,54,54,54,47,42,42,42,0],"gold":30,"neow_bonus":"ONE_RARE_RELIC","is_prod":false,"is_daily":false,"chose_seed":false,"campfire_upgraded":1,"win_rate":0,"timestamp":1553745428,"path_taken":["M","$","M","M","?","E","R","?","T","R","?","E","M","M","R","BOSS","M","$","?","M","?","R","E","M","T","M","E","?","M","M","R","BOSS","M","?","?","?","$","R","E","M","T","E","?","E","M","$","R","BOSS"],"build_version":"2019-01-23","purchased_purges":2,"victory":false,"max_hp_per_floor":[63,63,63,63,63,63,63,63,73,73,73,73,73,73,73,73,73,73,73,73,73,73,73,73,73,73,73,73,73,73,73,80,80,80,80,80,80,80,80,80,80,80,80,80,80,80,80,80,80,80],"card_choices":[{"not_picked":["Flying Knee","PiercingWail"],"picked":"Dash","floor":1},{"not_picked":["Poisoned Stab","Acrobatics"],"picked":"Catalyst","floor":3},{"not_picked":["Concentrate","Cloak And Dagger"],"picked":"Die Die Die","floor":4},{"not_picked":["Slice","Cloak And Dagger"],"picked":"Deadly Poison","floor":6},{"not_picked":["Cloak And Dagger","Masterful Stab"],"picked":"Noxious Fumes","floor":8},{"not_picked":["Endless Agony","Finisher"],"picked":"Bouncing Flask","floor":12},{"not_picked":["Deadly Poison","Infinite Blades","All Out Attack"],"picked":"SKIP","floor":13},{"not_picked":["Expertise","Dodge and Roll","Blade Dance"],"picked":"SKIP","floor":14},{"not_picked":["After Image","Bullet Time"],"picked":"Adrenaline","floor":16},{"not_picked":["Tactician","Flying Knee+1"],"picked":"Footwork","floor":18},{"not_picked":["PiercingWail","Expertise"],"picked":"Catalyst+1","floor":21},{"not_picked":["Flechettes+1","Flying Knee+1","Blade Dance"],"picked":"SKIP","floor":24},{"not_picked":["Quick Slash+1","Slice+1","Dodge and Roll+1"],"picked":"SKIP","floor":25},{"not_picked":["Acrobatics","Bane+1","Tactician"],"picked":"SKIP","floor":27},{"not_picked":["Noxious Fumes+1","Tools of the Trade"],"picked":"Burst","floor":28},{"not_picked":["Eviscerate+1","Noxious Fumes","Sucker Punch+1"],"picked":"SKIP","floor":30},{"not_picked":["Deadly Poison","Flechettes+1"],"picked":"Poisoned Stab+1","floor":31},{"not_picked":["Envenom","Burst"],"picked":"Tools of the Trade","floor":33},{"not_picked":["Underhanded Strike+1","Quick Slash+1"],"picked":"Acrobatics","floor":35},{"not_picked":["Setup","Calculated Gamble","Blade Dance+1"],"picked":"SKIP","floor":37},{"not_picked":["Underhanded Strike+1","Endless Agony+1","Masterful Stab+1"],"picked":"SKIP","floor":41},{"not_picked":["Dodge and Roll+1","Sucker Punch+1","Wraith Form v2"],"picked":"SKIP","floor":42},{"not_picked":["PiercingWail","Terror+1","Backflip"],"picked":"SKIP","floor":44},{"not_picked":["Dodge and Roll+1","Escape Plan+1","Quick Slash+1"],"picked":"SKIP","floor":46},{"not_picked":["Leg Sweep+1","Backflip+1"],"picked":"Corpse Explosion","floor":47}],"player_experience":562593,"relics_obtained":[{"floor":6,"key":"Boot"},{"floor":7,"key":"Old Coin"},{"floor":9,"key":"Pear"},{"floor":10,"key":"Bag of Preparation"},{"floor":12,"key":"The Courier"},{"floor":24,"key":"Mercury Hourglass"},{"floor":26,"key":"Bottled Lightning"},{"floor":28,"key":"Happy Flower"},{"floor":32,"key":"Strawberry"},{"floor":38,"key":"Du-Vu Doll"},{"floor":40,"key":"Paper Crane"},{"floor":41,"key":"Ice Cream"},{"floor":43,"key":"Vajra"},{"floor":44,"key":"Bag of Marbles"},{"floor":46,"key":"Meat on the Bone"},{"floor":49,"key":"Anchor"}],"event_choices":[{"damage_healed":0,"gold_gain":0,"player_choice":"Upgraded","damage_taken":0,"max_hp_gain":0,"max_hp_loss":0,"event_name":"Upgrade Shrine","floor":5,"gold_loss":0,"cards_upgraded":["Dash"]},{"damage_healed":0,"gold_gain":0,"player_choice":"Success","damage_taken":3,"relics_obtained":["Bronze Scales"],"max_hp_gain":0,"max_hp_loss":0,"event_name":"Scrap Ooze","floor":11,"gold_loss":0},{"damage_healed":0,"gold_gain":0,"player_choice":"Opened","damage_taken":0,"relics_obtained":["Molten Egg 2"],"max_hp_gain":0,"max_hp_loss":0,"event_name":"The Mausoleum","floor":20,"gold_loss":0,"cards_obtained":["Writhe"]},{"damage_healed":0,"gold_gain":0,"player_choice":"Read","damage_taken":0,"max_hp_gain":0,"max_hp_loss":0,"event_name":"The Library","floor":22,"gold_loss":0,"cards_obtained":["Catalyst"]},{"damage_healed":0,"gold_gain":0,"player_choice":"Ignored","damage_taken":0,"max_hp_gain":0,"max_hp_loss":0,"event_name":"Vampires","floor":29,"gold_loss":0},{"damage_healed":0,"gold_gain":0,"player_choice":"Gave Potion","damage_taken":0,"relics_obtained":["Gambling Chip"],"max_hp_gain":0,"max_hp_loss":0,"event_name":"WeMeetAgain","floor":36,"gold_loss":0},{"damage_healed":0,"gold_gain":0,"player_choice":"Fight","damage_taken":0,"max_hp_gain":0,"max_hp_loss":0,"event_name":"Mysterious Sphere","floor":38,"gold_loss":0},{"cards_removed":["Defend_G"],"damage_healed":0,"gold_gain":0,"player_choice":"Removed Skill","damage_taken":0,"max_hp_gain":0,"max_hp_loss":0,"event_name":"Falling","floor":45,"gold_loss":0}],"is_beta":false,"boss_relics":[{"not_picked":["White Beast Statue","Pandora\u0027s Box"],"picked":"Cursed Key"},{"not_picked":["Velvet Choker","Orrery"],"picked":"Sozu"}],"items_purged_floors":[39,48],"is_endless":false,"potions_floor_spawned":[1,6,13,16,25,28,30,31,35,38,41,47],"killed_by":"Time Eater","ascension_level":1}