{"gold_per_floor":[364,364,13,27,44,69,69,19,46,76,90,100,128,193,193,295,295,307,294,310,310,328,328,33,65,116,132,160,174,174,189,189,292,292,310,320,200,200,215,249,300,300,300,300,319,352,352,38,38,38,38,38,38,65,65],"floor_reached":55,"playtime":10148,"items_purged":["Strike_G","Strike_G"],"score":1079,"play_id":"15293072-a939-478a-bcc0-98f9d94c9fb1","local_time":"20190330205628","is_ascension_mode":true,"campfire_choices":[{"data":"Footwork","floor":7.0,"key":"SMITH"},{"data":"Footwork","floor":15.0,"key":"SMITH"},{"data":"Well Laid Plans","floor":23.0,"key":"SMITH"},{"floor":32.0,"key":"REST"},{"floor":42.0,"key":"RECALL"},{"data":"Adrenaline","floor":47.0,"key":"SMITH"},{"floor":49.0,"key":"REST"},{"data":"Envenom","floor":52.0,"key":"SMITH"}],"neow_cost":"CURSE","seed_source_timestamp":8364235805267513,"circlet_count":0,"master_deck":["Defend_G","Defend_G","Defend_G","Defend_G","Defend_G","Strike_G","Strike_G","Survivor","Neutralize+1","Flying Knee","Backstab","Footwork+1","All Out Attack","Footwork+1","Well Laid Plans+1","Malaise","Dagger Spray+1","Adrenaline+1","Footwork","PiercingWail","Backflip","Expertise+1","Dodge and Roll","Envenom+1","Footwork","Adrenaline+1","Dodge and Roll+1"],"special_seed":0,"relics":["Ring of the Snake","Cauldron","Lantern","Bronze Scales","Smiling Mask","Bag of Preparation","Dodecahedron","Philosopher\u0027s Stone","MutagenicStrength","Blood Vial","Omamori","Singing Bowl","Busted Crown","Regal Pillow","Dead Branch","Mercury Hourglass","Frozen Egg 2","DollysMirror","Shuriken"],"potions_floor_usage":[55,55],"damage_taken":[{"damage":2.0,"enemies":"2 Louse","floor":1.0,"turns":3.0},{"damage":0.0,"enemies":"Cultist","floor":4.0,"turns":4.0},{"damage":0.0,"enemies":"Small Slimes","floor":5.0,"turns":3.0},{"damage":18.0,"enemies":"Gremlin Nob","floor":6.0,"turns":4.0},{"damage":17.0,"enemies":"Lagavulin","floor":10.0,"turns":5.0},{"damage":0.0,"enemies":"3 Louse","floor":11.0,"turns":2.0},{"damage":0.0,"enemies":"2 Fungi Beasts","floor":12.0,"turns":2.0},{"damage":6.0,"enemies":"3 Sentries","floor":13.0,"turns":8.0},{"damage":5.0,"enemies":"Gremlin Nob","floor":14.0,"turns":2.0},{"damage":0.0,"enemies":"The Guardian","floor":16.0,"turns":15.0},{"damage":0.0,"enemies":"Shell Parasite","floor":18.0,"turns":5.0},{"damage":0.0,"enemies":"2 Thieves","floor":19.0,"turns":4.0},{"damage":16.0,"enemies":"Sentry and Sphere","floor":20.0,"turns":5.0},{"damage":0.0,"enemies":"Cultist and Chosen","floor":22.0,"turns":7.0},{"damage":24.0,"enemies":"Slavers","floor":25.0,"turns":4.0},{"damage":2.0,"enemies":"Chosen and Byrds","floor":27.0,"turns":5.0},{"damage":12.0,"enemies":"Book of Stabbing","floor":28.0,"turns":6.0},{"damage":9.0,"enemies":"Snake Plant","floor":29.0,"turns":5.0},{"damage":0.0,"enemies":"Shelled Parasite and Fungi","floor":31.0,"turns":6.0},{"damage":20.0,"enemies":"Collector","floor":33.0,"turns":21.0},{"damage":5.0,"enemies":"3 Darklings","floor":35.0,"turns":6.0},{"damage":0.0,"enemies":"Orb Walker","floor":36.0,"turns":3.0},{"damage":7.0,"enemies":"Spire Growth","floor":39.0,"turns":7.0},{"damage":0.0,"enemies":"Nemesis","floor":40.0,"turns":11.0},{"damage":26.0,"enemies":"2 Orb Walkers","floor":41.0,"turns":7.0},{"damage":22.0,"enemies":"4 Shapes","floor":45.0,"turns":4.0},{"damage":0.0,"enemies":"Giant Head","floor":46.0,"turns":12.0},{"damage":43.0,"enemies":"Awakened One","floor":50.0,"turns":17.0},{"damage":36,"enemies":"Shield and Spear","floor":54,"turns":9},{"damage":52,"enemies":"The Heart","floor":55,"turns":3}],"seed_played":"7953527323613728301","potions_obtained":[{"floor":3.0,"key":"SteroidPotion"},{"floor":3.0,"key":"SkillPotion"},{"floor":3.0,"key":"LiquidBronze"},{"floor":5.0,"key":"PowerPotion"},{"floor":6.0,"key":"EssenceOfSteel"},{"floor":11.0,"key":"Poison Potion"},{"floor":13.0,"key":"Energy Potion"},{"floor":14.0,"key":"Fire Potion"},{"floor":22.0,"key":"FearPotion"},{"floor":25.0,"key":"Dexterity Potion"},{"floor":27.0,"key":"GamblersBrew"},{"floor":33.0,"key":"AttackPotion"},{"floor":45.0,"key":"EssenceOfSteel"},{"floor":46.0,"key":"Fire Potion"}],"is_trial":false,"path_per_floor":["M","?","$","M","M","E","R","?","T","E","M","M","E","?","R","B",null,"M","M","M","?","M","R","$","E","T","M","E","M","?","M","R","B",null,"M","M","$","?","M","E","?","R","T","?","M","E","R","$","R","B",null,"R","$","E","B"],"character_chosen":"THE_SILENT","items_purchased":["Backstab","Footwork","Cauldron","Adrenaline","Footwork","PiercingWail","Fire Potion","Footwork","LiquidBronze","DollysMirror"],"campfire_rested":2,"item_purchase_floors":[3,3,3,24,24,24,24,37,48,48],"current_hp_per_floor":[68,68,68,68,68,50,50,50,50,33,33,33,27,22,22,22,70,70,70,54,54,54,54,54,30,30,30,20,13,13,17,38,20,72,69,73,73,73,70,74,52,52,52,52,34,38,38,38,78,37,86,86,86,50,0],"gold":65,"neow_bonus":"TWO_FIFTY_GOLD","is_prod":false,"is_daily":false,"chose_seed":false,"campfire_upgraded":5,"win_rate":0,"timestamp":1553993788,"path_taken":["M","?","$","?","M","E","R","?","T","E","M","M","E","?","R","BOSS","M","M","M","?","M","R","$","E","T","M","E","M","?","M","R","BOSS","M","M","$","?","M","E","?","R","T","?","M","E","R","$","R","BOSS","R","$","E","BOSS"],"build_version":"2019-01-23","purchased_purges":2,"victory":false,"max_hp_per_floor":[70,70,70,70,70,70,70,70,70,70,70,70,70,70,70,70,70,70,70,70,70,70,70,70,70,70,70,70,70,70,72,72,72,72,74,76,76,76,78,80,82,82,82,82,84,86,86,86,86,86,86,86,86,86,86],"card_choices":[{"not_picked":["Leg Sweep","Masterful Stab"],"picked":"Flying Knee","floor":1.0},{"not_picked":["Prepared","Leg Sweep"],"picked":"All Out Attack","floor":4.0},{"not_picked":["Terror","Underhanded Strike","Catalyst"],"picked":"SKIP","floor":5.0},{"not_picked":["Distraction","Underhanded Strike","Tactician"],"picked":"SKIP","floor":6.0},{"not_picked":["Prepared","Flechettes","All Out Attack"],"picked":"SKIP","floor":10.0},{"not_picked":["Endless Agony","Underhanded Strike","Quick Slash"],"picked":"SKIP","floor":11.0},{"not_picked":["Dagger Spray","Flechettes"],"picked":"Footwork","floor":12.0},{"not_picked":["Acrobatics","Reflex"],"picked":"Well Laid Plans","floor":13.0},{"not_picked":["Doppelganger","Die Die Die"],"picked":"Malaise","floor":16.0},{"not_picked":["Deflect","Blade Dance","Heel Hook+1"],"picked":"SKIP","floor":18.0},{"not_picked":["PiercingWail","Prepared"],"picked":"Dagger Spray+1","floor":19.0},{"not_picked":["Slice","Unload","Dagger Spray"],"picked":"SKIP","floor":20.0},{"not_picked":["Well Laid Plans","Catalyst","Dagger Spray"],"picked":"SKIP","floor":22.0},{"not_picked":["Endless Agony","Bane"],"picked":"Backflip","floor":25.0},{"not_picked":["Noxious Fumes","Dagger Throw+1"],"picked":"Expertise+1","floor":27.0},{"not_picked":["Blade Dance","Slice"],"picked":"Dodge and Roll","floor":28.0},{"not_picked":["Choke","Slice","Dodge and Roll"],"picked":"SKIP","floor":29.0},{"not_picked":["Dagger Spray+1","Dagger Throw","Choke+1"],"picked":"Singing Bowl","floor":31.0},{"not_picked":["Phantasmal Killer","Night Terror"],"picked":"Envenom","floor":33.0},{"not_picked":["Endless Agony"],"picked":"Singing Bowl","floor":35.0},{"not_picked":["Distraction"],"picked":"Singing Bowl","floor":36.0},{"not_picked":["Underhanded Strike"],"picked":"Singing Bowl","floor":39.0},{"not_picked":["Flying Knee"],"picked":"Singing Bowl","floor":40.0},{"not_picked":["Bouncing Flask"],"picked":"Singing Bowl","floor":41.0},{"not_picked":["Dagger Spray"],"picked":"Singing Bowl","floor":45.0},{"not_picked":["Quick Slash"],"picked":"Singing Bowl","floor":46.0},{"not_picked":[],"picked":"Dodge and Roll+1","floor":54}],"player_experience":631967,"relics_obtained":[{"floor":6.0,"key":"Lantern"},{"floor":9.0,"key":"Bronze Scales"},{"floor":10.0,"key":"Smiling Mask"},{"floor":13.0,"key":"Bag of Preparation"},{"floor":14.0,"key":"Dodecahedron"},{"floor":25.0,"key":"Blood Vial"},{"floor":28.0,"key":"Omamori"},{"floor":40.0,"key":"Regal Pillow"},{"floor":41.0,"key":"Dead Branch"},{"floor":43.0,"key":"Mercury Hourglass"},{"floor":46.0,"key":"Frozen Egg 2"},{"floor":54,"key":"Shuriken"}],"event_choices":[{"damage_healed":0.0,"max_hp_gain":0.0,"max_hp_loss":0.0,"gold_gain":0.0,"event_name":"Upgrade Shrine","player_choice":"Upgraded","floor":2.0,"gold_loss":0.0,"damage_taken":0.0,"cards_upgraded":["Neutralize"]},{"cards_removed":["Injury"],"damage_healed":0.0,"max_hp_gain":0.0,"max_hp_loss":0.0,"gold_gain":0.0,"event_name":"The Cleric","player_choice":"Card Removal","floor":8.0,"gold_loss":50.0,"damage_taken":0.0},{"damage_healed":0.0,"max_hp_gain":0.0,"max_hp_loss":0.0,"gold_gain":0.0,"event_name":"Dead Adventurer","player_choice":"Searched \u00271\u0027 times","floor":14.0,"gold_loss":0.0,"damage_taken":0.0},{"damage_healed":0.0,"max_hp_gain":0.0,"max_hp_loss":0.0,"gold_gain":0.0,"event_name":"Drug Dealer","player_choice":"Inject Mutagens","floor":21.0,"gold_loss":0.0,"damage_taken":0.0,"relics_obtained":["MutagenicStrength"]},{"damage_healed":0.0,"max_hp_gain":0.0,"max_hp_loss":0.0,"gold_gain":0.0,"event_name":"The Mausoleum","player_choice":"Opened","floor":30.0,"gold_loss":0.0,"damage_taken":0.0,"relics_obtained":["Singing Bowl"],"cards_obtained":["Writhe"]},{"damage_healed":0.0,"max_hp_gain":0.0,"max_hp_loss":0.0,"gold_gain":0.0,"event_name":"Tomb of Lord Red Mask","player_choice":"Ignored","floor":38.0,"gold_loss":0.0,"damage_taken":0.0},{"damage_healed":0.0,"max_hp_gain":0.0,"max_hp_loss":0.0,"gold_gain":0.0,"event_name":"Mysterious Sphere","player_choice":"Fight","floor":41.0,"gold_loss":0.0,"damage_taken":0.0},{"cards_removed":["Strike_G"],"damage_healed":0.0,"max_hp_gain":0.0,"max_hp_loss":0.0,"gold_gain":0.0,"event_name":"Purifier","player_choice":"Purged","floor":44.0,"gold_loss":0.0,"damage_taken":0.0}],"is_beta":false,"boss_relics":[{"not_picked":["Ectoplasm","Black Star"],"picked":"Philosopher\u0027s Stone"},{"not_picked":["Pandora\u0027s Box","Astrolabe"],"picked":"Busted Crown"}],"items_purged_floors":[37,48],"is_endless":false,"potions_floor_spawned":[5,6,11,13,14,22,25,27,33,45,46],"killed_by":"The Heart","ascension_level":4}