{"gold_per_floor":[116,116,141,48,66,66,97,97,149,179,179,214,214,231,231,333,333,350,298,284,484,232,266,277,58,58,58,69,69,69],"floor_reached":30,"playtime":1722,"items_purged":[],"score":356,"play_id":"80ded4f8-08b7-46b7-b31b-0ec4787b9a78","local_time":"20190331003142","is_ascension_mode":true,"campfire_choices":[{"data":"Creative AI","floor":6.0,"key":"SMITH"},{"floor":8.0,"key":"REST"},{"data":"Discovery","floor":11.0,"key":"SMITH"},{"data":"Zap","floor":15.0,"key":"SMITH"},{"floor":29,"key":"REST"}],"neow_cost":"PERCENT_DAMAGE","seed_source_timestamp":49044171465127,"circlet_count":0,"master_deck":["Strike_B","Strike_B","Strike_B","Strike_B","Defend_B","Defend_B","Defend_B","Defend_B","Zap+1","Dualcast","Creative AI+1","Coolheaded","Discovery+1","Ball Lightning","Conserve Battery","Aggregate","Conserve Battery","Echo Form","Stack+1","Cold Snap","Ball Lightning","Defragment","Apotheosis","Beam Cell+1","Defragment","FTL","Self Repair"],"special_seed":0,"relics":["Cracked Core","Regal Pillow","Orichalcum","Blood Vial","Odd Mushroom","Symbiotic Virus","Letter Opener","Inserter","Oddly Smooth Stone","Omamori","Happy Flower"],"potions_floor_usage":[30],"damage_taken":[{"damage":1.0,"enemies":"Cultist","floor":1.0,"turns":4.0},{"damage":2.0,"enemies":"2 Louse","floor":5.0,"turns":4.0},{"damage":21.0,"enemies":"3 Sentries","floor":7.0,"turns":9.0},{"damage":1.0,"enemies":"The Mushroom Lair","floor":10.0,"turns":4.0},{"damage":18.0,"enemies":"Gremlin Nob","floor":12.0,"turns":4.0},{"damage":1.0,"enemies":"Small Slimes","floor":14.0,"turns":2.0},{"damage":18.0,"enemies":"Slime Boss","floor":16.0,"turns":10.0},{"damage":9.0,"enemies":"Spheric Guardian","floor":18.0,"turns":5.0},{"damage":12.0,"enemies":"2 Thieves","floor":20.0,"turns":4.0},{"damage":28.0,"enemies":"Gremlin Leader","floor":23.0,"turns":8.0},{"damage":8.0,"enemies":"Shelled Parasite and Fungi","floor":24.0,"turns":5.0},{"damage":8,"enemies":"Snecko","floor":28,"turns":5},{"damage":49,"enemies":"Slavers","floor":30,"turns":4}],"seed_played":"4318846024692989867","potions_obtained":[{"floor":1.0,"key":"Block Potion"},{"floor":10.0,"key":"Energy Potion"},{"floor":12.0,"key":"Poison Potion"},{"floor":14.0,"key":"Fire Potion"},{"floor":28,"key":"Poison Potion"}],"is_trial":false,"path_per_floor":["M","$","T","$","M","R","E","R","T","?","R","E","T","M","R","B",null,"M","$","M","?","$","E","M","$","T","$","M","R","E"],"character_chosen":"DEFECT","items_purchased":["Discovery","Cold Snap","Defragment","Apotheosis","FTL","Omamori"],"campfire_rested":2,"item_purchase_floors":[4,19,22,22,25,25],"current_hp_per_floor":[49,49,49,49,47,47,26,63,63,64,64,48,48,49,49,33,65,58,58,48,48,48,22,16,16,16,16,10,47,0],"gold":69,"neow_bonus":"THREE_RARE_CARDS","is_prod":false,"is_daily":false,"chose_seed":false,"campfire_upgraded":3,"win_rate":0,"timestamp":1554010302,"path_taken":["M","$","?","?","M","R","E","R","T","?","R","E","?","M","R","BOSS","M","$","?","?","$","E","?","$","T","?","M","R","E"],"build_version":"2019-01-23","purchased_purges":0,"victory":false,"max_hp_per_floor":[75,75,75,75,75,75,75,75,75,75,75,75,75,75,75,75,75,75,75,75,75,75,75,75,75,75,75,75,75,75],"card_choices":[{"not_picked":["Rainbow","Reboot"],"picked":"Creative AI","floor":0.0},{"not_picked":["Loop","Static Discharge"],"picked":"Coolheaded","floor":1.0},{"not_picked":["Leap","Aggregate"],"picked":"Ball Lightning","floor":5.0},{"not_picked":["Beam Cell","Sunder"],"picked":"Conserve Battery","floor":7.0},{"not_picked":["Loop","Tempest"],"picked":"Aggregate","floor":10.0},{"not_picked":["Hologram","Machine Learning"],"picked":"Conserve Battery","floor":12.0},{"not_picked":["Scrape","Steam","Sweeping Beam"],"picked":"SKIP","floor":14.0},{"not_picked":["Multi-Cast","Buffer"],"picked":"Echo Form","floor":16.0},{"not_picked":["Redo","Steam+1"],"picked":"Stack+1","floor":18.0},{"not_picked":["Stack","Turbo"],"picked":"Ball Lightning","floor":20.0},{"not_picked":["Meteor Strike","Sweeping Beam"],"picked":"Beam Cell+1","floor":23.0},{"not_picked":["Gash","Hologram+1"],"picked":"Defragment","floor":24.0},{"not_picked":["Hologram+1","Streamline"],"picked":"Self Repair","floor":28}],"player_experience":587058,"relics_obtained":[{"floor":3.0,"key":"Regal Pillow"},{"floor":7.0,"key":"Orichalcum"},{"floor":9.0,"key":"Blood Vial"},{"floor":10.0,"key":"Odd Mushroom"},{"floor":12.0,"key":"Symbiotic Virus"},{"floor":13.0,"key":"Letter Opener"},{"floor":23.0,"key":"Oddly Smooth Stone"},{"floor":26.0,"key":"Happy Flower"}],"event_choices":[{"damage_healed":0.0,"max_hp_gain":0.0,"max_hp_loss":0.0,"gold_gain":0.0,"event_name":"Mushrooms","player_choice":"Fought Mushrooms","floor":10.0,"gold_loss":0.0,"damage_taken":0.0},{"damage_healed":0.0,"max_hp_gain":0.0,"max_hp_loss":0.0,"gold_gain":250.0,"event_name":"The Joust","player_choice":"Bet on Owner","floor":21.0,"gold_loss":50.0,"damage_taken":0.0}],"is_beta":false,"boss_relics":[{"not_picked":["Ectoplasm","White Beast Statue"],"picked":"Inserter"}],"items_purged_floors":[],"is_endless":false,"potions_floor_spawned":[1,10,12,14,28],"killed_by":"Slavers","ascension_level":8}