{"gold_per_floor":[20,30,42,42,117,117,146,71,71,0,0,0,28,41,41,145,145,159,177,191,191,202,202,214,241,289,299,315,315,325,18,18,18],"floor_reached":33,"playtime":2361,"items_purged":["Defend_G"],"score":329,"play_id":"99a17dae-cc10-43f7-af4f-58574f0f06a8","local_time":"20180705225509","is_ascension_mode":false,"campfire_choices":[{"floor":6,"key":"REST"},{"floor":11,"key":"REST"},{"data":"Envenom","floor":15,"key":"SMITH"},{"data":"Backstab","floor":23,"key":"SMITH"},{"data":"Backstab","floor":32,"key":"SMITH"}],"neow_cost":"NO_GOLD","seed_source_timestamp":1283444049199951,"circlet_count":0,"master_deck":["Defend_G+1","Strike_G","Strike_G","Strike_G","Strike_G","Strike_G","Survivor","Neutralize+1","Envenom+1","Deflect","Bane","Bane","Bane","Bane","Noxious Fumes","Deadly Poison","Catalyst","Unload","Backstab+1","Calculated Gamble","Backstab+1","Backstab+1","Deadly Poison","All Out Attack","Ghostly","Ghostly","Ghostly","Ghostly","Ghostly","Poisoned Stab"],"relics":["Ring of the Snake","Tough Bandages","Anchor","Meat on the Bone","Velvet Choker","Bronze Scales","Bag of Preparation","Pantograph"],"potions_floor_usage":[16,16,24,30,33,33],"damage_taken":[{"damage":10,"enemies":"2 Louse","floor":1,"turns":2},{"damage":0,"enemies":"Cultist","floor":2,"turns":4},{"damage":5,"enemies":"Jaw Worm","floor":3,"turns":4},{"damage":27,"enemies":"3 Sentries","floor":7,"turns":7},{"damage":8,"enemies":"Gremlin Nob","floor":13,"turns":3},{"damage":0,"enemies":"Looter","floor":14,"turns":2},{"damage":24,"enemies":"Slime Boss","floor":16,"turns":7},{"damage":20,"enemies":"Chosen","floor":18,"turns":4},{"damage":20,"enemies":"Spheric Guardian","floor":19,"turns":4},{"damage":12,"enemies":"Snake Plant","floor":20,"turns":3},{"damage":14,"enemies":"Centurion and Healer","floor":22,"turns":5},{"damage":12,"enemies":"Snecko","floor":24,"turns":4},{"damage":33,"enemies":"Slavers","floor":25,"turns":5},{"damage":0,"enemies":"Snake Plant","floor":27,"turns":3},{"damage":17,"enemies":"Sentry and Sphere","floor":28,"turns":4},{"damage":2,"enemies":"Centurion and Healer","floor":30,"turns":4},{"damage":42,"enemies":"Champ","floor":33,"turns":7}],"seed_played":"8527984745437401656","potions_obtained":[{"floor":7,"key":"Block Potion"},{"floor":13,"key":"FearPotion"},{"floor":16,"key":"LiquidBronze"},{"floor":19,"key":"Fire Potion"},{"floor":20,"key":"Fire Potion"},{"floor":25,"key":"Ancient Potion"}],"is_trial":false,"path_per_floor":["M","M","M","?","?","R","E","$","T","$","R","?","E","M","R","B",null,"M","M","M","?","M","R","M","E","T","M","M","?","M","$","R"],"character_chosen":"THE_SILENT","items_purchased":["Noxious Fumes","Poisoned Stab","Pantograph"],"campfire_rested":2,"item_purchase_floors":[10,31,31],"current_hp_per_floor":[60,60,55,55,44,65,38,38,38,38,59,45,37,37,37,25,70,50,42,42,42,40,40,40,19,19,31,26,26,24,24,24,0],"gold":18,"neow_bonus":"TRANSFORM_TWO_CARDS","is_prod":false,"is_daily":false,"chose_seed":false,"campfire_upgraded":3,"win_rate":0.0,"timestamp":1530845709,"path_taken":["M","M","M","?","?","R","E","$","T","$","R","?","E","M","R","BOSS","M","M","?","?","?","R","M","E","T","M","M","?","M","$","R","BOSS"],"build_version":"2018-06-28","purchased_purges":1,"victory":false,"max_hp_per_floor":[70,70,70,70,70,70,70,70,70,70,70,70,70,70,70,70,70,70,70,70,70,70,70,70,70,70,70,70,35,35,35,35,35],"card_choices":[{"not_picked":["Dodge and Roll","Acrobatics"],"picked":"Bane","floor":1},{"not_picked":["Burst","Prepared"],"picked":"Bane","floor":2},{"not_picked":["Dash","Slice"],"picked":"Bane","floor":3},{"not_picked":["Slice","Masterful Stab"],"picked":"Bane","floor":7},{"not_picked":["Expertise","Slice"],"picked":"Deadly Poison","floor":13},{"not_picked":["Dagger Throw","Blade Dance"],"picked":"Catalyst","floor":14},{"not_picked":["Corpse Explosion","Bullet Time"],"picked":"Unload","floor":16},{"not_picked":["Choke","Flechettes+1"],"picked":"Backstab+1","floor":18},{"not_picked":["Predator","Heel Hook"],"picked":"Calculated Gamble","floor":19},{"not_picked":["Deflect","Sucker Punch"],"picked":"Backstab","floor":20},{"not_picked":["Blur","Acrobatics"],"picked":"Deadly Poison","floor":22},{"not_picked":["Leg Sweep+1","Flechettes"],"picked":"All Out Attack","floor":24},{"not_picked":["Sucker Punch","After Image","PiercingWail+1"],"picked":"SKIP","floor":25},{"not_picked":["Blur+1","Prepared","Finisher"],"picked":"SKIP","floor":27},{"not_picked":["Deadly Poison","Dagger Spray","Acrobatics"],"picked":"SKIP","floor":28},{"not_picked":["Dodge and Roll+1","Dash+1","Calculated Gamble"],"picked":"SKIP","floor":30}],"player_experience":64586,"relics_obtained":[{"floor":7,"key":"Tough Bandages"},{"floor":9,"key":"Anchor"},{"floor":13,"key":"Meat on the Bone"},{"floor":25,"key":"Bronze Scales"},{"floor":26,"key":"Bag of Preparation"}],"event_choices":[{"event_name":"Living Wall","player_choice":"Forget","floor":4,"damage_taken":0},{"event_name":"World of Goop","player_choice":"Gather Gold","floor":5,"damage_taken":0},{"event_name":"Shining Light","player_choice":"Entered Light","floor":12,"damage_taken":0},{"event_name":"The Library","player_choice":"Read","floor":21,"damage_taken":0},{"event_name":"Ghosts","player_choice":"Became a Ghost","floor":29,"damage_taken":0}],"boss_relics":[{"not_picked":["Fusion Hammer","Empty Cage"],"picked":"Velvet Choker"}],"items_purged_floors":[8],"is_endless":false,"potions_floor_spawned":[7,13,16,19,20,25,28],"killed_by":"Champ","ascension_level":0}