{"gold_per_floor":[119,133,147,2,18,52,52,107,158,221,241,258,288,317,317,414,414,430,420,420,430,49,77,77,77,100,0,13,13,31,48,48,48],"floor_reached":33,"playtime":3440,"items_purged":["Normality","Normality"],"score":289,"play_id":"929b8ae4-231d-478d-9b5c-c5e01a4c9696","local_time":"20190314203813","is_ascension_mode":false,"campfire_choices":[{"data":"Rage","floor":7,"key":"SMITH"},{"data":"Bash","floor":15,"key":"SMITH"},{"floor":25,"key":"REST"},{"floor":29,"key":"DIG"},{"floor":32,"key":"REST"}],"neow_cost":"NONE","seed_source_timestamp":111424147817371,"circlet_count":0,"master_deck":["Strike_R","Strike_R","Strike_R","Strike_R","Strike_R","Defend_R","Defend_R","Defend_R","Defend_R","Bash+1","Finesse+1","Disarm+1","Carnage","Rage+1","True Grit","Headbutt","Shrug It Off","Bludgeon","Whirlwind","Double Tap","Injury","Anger","Iron Wave","Sentinel","True Grit+1","Intimidate+1","Pummel"],"relics":["Burning Blood","Pen Nib","Self Forming Clay","War Paint","Tiny Chest","Calling Bell","Centennial Puzzle","Shuriken","Turnip","Nloth\u0027s Gift","Shovel","Ice Cream","Omamori","PreservedInsect"],"potions_floor_usage":[6,14,14,16,23,23,33],"damage_taken":[{"damage":14,"enemies":"Jaw Worm","floor":1,"turns":4},{"damage":1,"enemies":"Small Slimes","floor":2,"turns":4},{"damage":2,"enemies":"Cultist","floor":3,"turns":4},{"damage":9,"enemies":"Looter","floor":5,"turns":3},{"damage":28,"enemies":"3 Sentries","floor":6,"turns":11},{"damage":25,"enemies":"Gremlin Nob","floor":10,"turns":4},{"damage":0,"enemies":"Exordium Wildlife","floor":11,"turns":6},{"damage":0,"enemies":"3 Louse","floor":12,"turns":3},{"damage":5,"enemies":"Lagavulin","floor":14,"turns":6},{"damage":19,"enemies":"Hexaghost","floor":16,"turns":10},{"damage":5,"enemies":"Chosen","floor":18,"turns":6},{"damage":19,"enemies":"2 Thieves","floor":19,"turns":4},{"damage":7,"enemies":"Snecko","floor":21,"turns":3},{"damage":42,"enemies":"Slavers","floor":23,"turns":8},{"damage":16,"enemies":"Cultist and Chosen","floor":28,"turns":6},{"damage":22,"enemies":"3 Cultists","floor":30,"turns":6},{"damage":24,"enemies":"Shelled Parasite and Fungi","floor":31,"turns":6},{"damage":52,"enemies":"Champ","floor":33,"turns":15}],"seed_played":"-7457349866685843284","potions_obtained":[{"floor":5,"key":"SkillPotion"},{"floor":10,"key":"FearPotion"},{"floor":11,"key":"Energy Potion"},{"floor":14,"key":"Weak Potion"},{"floor":16,"key":"SkillPotion"},{"floor":21,"key":"Swift Potion"},{"floor":30,"key":"FearPotion"},{"floor":31,"key":"GamblersBrew"}],"is_trial":false,"path_per_floor":["?","?","?","M","?","$"],"character_chosen":"IRONCLAD","items_purchased":["Pen Nib","Shovel"],"campfire_rested":2,"item_purchase_floors":[4,22],"current_hp_per_floor":[72,77,80,80,77,55,55,55,55,36,42,48,48,49,49,36,80,80,67,67,66,66,30,30,54,54,54,44,44,28,10,34,0],"gold":48,"neow_bonus":"RANDOM_COLORLESS","is_prod":false,"is_daily":false,"chose_seed":false,"campfire_upgraded":2,"win_rate":0,"timestamp":1552606693,"path_taken":["M","M","M","$","M","E","R","?","T","E","M","M","?","E","R","BOSS","M","M","?","?","$","E","?","R","T","?","M","R","M","M","R","BOSS"],"build_version":"2019-01-23","purchased_purges":2,"victory":false,"max_hp_per_floor":[80,80,80,80,80,80,80,80,80,80,80,80,80,80,80,80,80,80,80,80,80,80,80,80,80,80,80,80,80,80,80,80,80],"card_choices":[{"not_picked":["Body Slam","Searing Blow","Clash"],"picked":"SKIP","floor":1},{"not_picked":["Reckless Charge","Sever Soul"],"picked":"Disarm","floor":2},{"not_picked":["Headbutt","Havoc"],"picked":"Carnage","floor":3},{"not_picked":["Entrench","True Grit"],"picked":"Rage","floor":5},{"not_picked":["Dropkick","Flex"],"picked":"True Grit","floor":6},{"not_picked":["Pommel Strike","Ghostly Armor"],"picked":"Headbutt","floor":10},{"not_picked":["Heavy Blade","Clothesline"],"picked":"Shrug It Off","floor":11},{"not_picked":["Flex","Carnage"],"picked":"Bludgeon","floor":12},{"not_picked":["Perfected Strike","Sever Soul"],"picked":"Whirlwind","floor":14},{"not_picked":["Berserk","Dark Embrace"],"picked":"Double Tap","floor":16},{"not_picked":["Warcry","Sword Boomerang"],"picked":"Anger","floor":18},{"not_picked":["Headbutt","Whirlwind"],"picked":"Iron Wave","floor":19},{"not_picked":["Anger","Headbutt"],"picked":"Sentinel","floor":21},{"not_picked":["Flex","Dark Embrace","Double Tap"],"picked":"SKIP","floor":23},{"not_picked":["Thunderclap","Sword Boomerang+1"],"picked":"True Grit+1","floor":28},{"not_picked":["Headbutt","Armaments"],"picked":"Intimidate+1","floor":30},{"not_picked":["Pommel Strike+1","Warcry+1"],"picked":"Pummel","floor":31}],"player_experience":305979,"relics_obtained":[{"floor":6,"key":"Self Forming Clay"},{"floor":9,"key":"War Paint"},{"floor":10,"key":"Tiny Chest"},{"floor":14,"key":"Ancient Tea Set"},{"floor":17,"key":"Centennial Puzzle"},{"floor":17,"key":"Shuriken"},{"floor":17,"key":"Turnip"},{"floor":23,"key":"Ice Cream"},{"floor":26,"key":"Omamori"},{"floor":29,"key":"PreservedInsect"}],"event_choices":[{"damage_healed":0,"gold_gain":55,"player_choice":"Gained Gold","damage_taken":0,"max_hp_gain":0,"max_hp_loss":0,"event_name":"Golden Wing","floor":8,"gold_loss":0},{"damage_healed":0,"gold_gain":30,"player_choice":"Searched \u00271\u0027 times","damage_taken":0,"max_hp_gain":0,"max_hp_loss":0,"event_name":"Dead Adventurer","floor":13,"gold_loss":0},{"damage_healed":0,"gold_gain":0,"player_choice":"Traded Relic","damage_taken":0,"relics_obtained":["Nloth\u0027s Gift"],"max_hp_gain":0,"max_hp_loss":0,"event_name":"N\u0027loth","floor":20,"relics_lost":["Ancient Tea Set"],"gold_loss":0}],"is_beta":false,"boss_relics":[{"not_picked":["Cursed Key","Pandora\u0027s Box"],"picked":"Calling Bell"}],"items_purged_floors":[22,27],"is_endless":false,"potions_floor_spawned":[5,10,11,14,16,21,30,31],"killed_by":"Champ","ascension_level":0}