{"gold_per_floor":[110,285,303,180,180,215,215,231,313,332,344,299,309,328,328,328],"floor_reached":16,"playtime":1536,"items_purged":["Doubt"],"score":154,"play_id":"73a1aea4-7b0a-43cd-a33f-15d92f131db0","local_time":"20190228091519","is_ascension_mode":false,"campfire_choices":[{"floor":7,"key":"REST"},{"data":"Rage","floor":15,"key":"SMITH"}],"neow_cost":"NONE","seed_source_timestamp":35360953048397,"circlet_count":0,"master_deck":["Strike_R","Strike_R","Strike_R","Strike_R","Strike_R","Defend_R","Defend_R","Defend_R","Defend_R","Bash","Feed+1","Iron Wave","Shrug It Off","Shrug It Off","Exhume","Shrug It Off","Rage+1"],"relics":["Burning Blood","Dream Catcher","Sundial"],"potions_floor_usage":[6,16,16],"damage_taken":[{"damage":1,"enemies":"2 Louse","floor":1,"turns":2},{"damage":10,"enemies":"Jaw Worm","floor":3,"turns":5},{"damage":77,"enemies":"Gremlin Nob","floor":6,"turns":8},{"damage":0,"enemies":"Small Slimes","floor":8,"turns":3},{"damage":1,"enemies":"2 Fungi Beasts","floor":10,"turns":5},{"damage":18,"enemies":"Gremlin Gang","floor":11,"turns":7},{"damage":2,"enemies":"Looter","floor":13,"turns":4},{"damage":2,"enemies":"Large Slime","floor":14,"turns":7},{"damage":79,"enemies":"The Guardian","floor":16,"turns":15}],"seed_played":"1085283480417080284","potions_obtained":[{"floor":1,"key":"BloodPotion"},{"floor":10,"key":"EssenceOfSteel"},{"floor":13,"key":"GamblersBrew"}],"is_trial":false,"path_per_floor":["?","?","?","M"],"character_chosen":"IRONCLAD","items_purchased":["Shrug It Off"],"campfire_rested":1,"item_purchase_floors":[4],"current_hp_per_floor":[83,83,82,82,82,23,50,60,60,69,65,65,69,77,77,0],"gold":328,"neow_bonus":"ONE_RANDOM_RARE_CARD","is_prod":false,"is_daily":false,"chose_seed":false,"campfire_upgraded":1,"win_rate":0,"timestamp":1551356119,"path_taken":["M","?","M","$","?","E","R","M","T","M","M","?","?","M","R","BOSS"],"build_version":"2019-01-23","purchased_purges":1,"victory":false,"max_hp_per_floor":[83,83,86,86,86,90,90,94,94,98,106,106,106,110,110,110],"card_choices":[{"not_picked":["Dropkick","Heavy Blade"],"picked":"Iron Wave","floor":1},{"not_picked":["Twin Strike","Searing Blow"],"picked":"Shrug It Off","floor":3},{"not_picked":["Iron Wave","Thunderclap"],"picked":"Exhume","floor":6},{"not_picked":["Blood for Blood","Heavy Blade"],"picked":"Shrug It Off","floor":7},{"not_picked":["Evolve","Heavy Blade"],"picked":"Rage","floor":8},{"not_picked":["Twin Strike","Anger","Sword Boomerang"],"picked":"SKIP","floor":10},{"not_picked":["Pommel Strike","Havoc","Battle Trance"],"picked":"SKIP","floor":11},{"not_picked":["Battle Trance","Flex","Wild Strike"],"picked":"SKIP","floor":13},{"not_picked":["Disarm","Infernal Blade","Second Wind"],"picked":"SKIP","floor":14}],"player_experience":235827,"relics_obtained":[{"floor":6,"key":"Dream Catcher"},{"floor":9,"key":"Sundial"}],"event_choices":[{"damage_healed":0,"gold_gain":175,"player_choice":"AGREE","damage_taken":0,"max_hp_gain":0,"max_hp_loss":0,"event_name":"Liars Game","floor":2,"gold_loss":0,"cards_obtained":["Doubt"]},{"damage_healed":0,"gold_gain":0,"player_choice":"Grow","damage_taken":0,"max_hp_gain":0,"max_hp_loss":0,"event_name":"Living Wall","floor":5,"gold_loss":0,"cards_upgraded":["Feed"]},{"damage_healed":0,"gold_gain":0,"player_choice":"Left Gold","damage_taken":0,"max_hp_gain":0,"max_hp_loss":0,"event_name":"World of Goop","floor":12,"gold_loss":45}],"is_beta":false,"boss_relics":[],"items_purged_floors":[4],"is_endless":false,"potions_floor_spawned":[1,10,13],"killed_by":"The Guardian","ascension_level":0}