{"gold_per_floor":[112,127,127,144,157,187,187,206,206,206,306,326,340,356,356,461,461,461,461,461,461,61,61,61,61,61,61,61,61,61,61,61,61,61,61,61,61,61,61,61,61,61,61,61,61,61,61,61,61,61,61,61,61,61,61],"floor_reached":55,"playtime":2904,"items_purged":["Defend_B"],"score":753,"play_id":"9cb9e397-10a9-488b-8dee-a8728608edac","local_time":"20190316233746","is_ascension_mode":false,"campfire_choices":[{"data":"Reinforced Body","floor":7,"key":"SMITH"},{"data":"Self Repair","floor":10,"key":"SMITH"},{"data":"Loop","floor":15,"key":"SMITH"},{"data":"Static Discharge","floor":23,"key":"SMITH"},{"floor":32,"key":"DIG"},{"floor":44,"key":"RECALL"},{"floor":47,"key":"DIG"},{"floor":49,"key":"DIG"},{"floor":52,"key":"DIG"}],"neow_cost":"NONE","seed_source_timestamp":42659671267400,"circlet_count":0,"master_deck":["Defend_B","Defend_B","Defend_B","Dualcast","Ball Lightning","Static Discharge+1","Reinforced Body","Reinforced Body+1","Self Repair+1","Loop+1","Echo Form","Ghostly","Ghostly","Ghostly","Ghostly","Ghostly","Bite","Bite","Bite","Bite","Bite","BootSequence","Static Discharge+1","Lockon+1","Parasite","Machine Learning+1"],"relics":["Cracked Core","Art of War","Mango","Mercury Hourglass","Ectoplasm","Red Mask","Pear","Ancient Tea Set","Shovel","Frozen Egg 2","Du-Vu Doll","Tiny Chest","Sozu","Cables","Boot","Toxic Egg 2","StoneCalendar","Sundial","Ornamental Fan","Letter Opener"],"potions_floor_usage":[2,6,54],"damage_taken":[{"damage":3,"enemies":"2 Louse","floor":1,"turns":2},{"damage":0,"enemies":"Cultist","floor":2,"turns":3},{"damage":1,"enemies":"Jaw Worm","floor":4,"turns":3},{"damage":3,"enemies":"Red Slaver","floor":5,"turns":3},{"damage":31,"enemies":"Lagavulin","floor":6,"turns":8},{"damage":5,"enemies":"Exordium Wildlife","floor":8,"turns":5},{"damage":0,"enemies":"2 Fungi Beasts","floor":12,"turns":3},{"damage":7,"enemies":"3 Louse","floor":13,"turns":3},{"damage":2,"enemies":"Exordium Wildlife","floor":14,"turns":4},{"damage":14,"enemies":"Slime Boss","floor":16,"turns":9},{"damage":11,"enemies":"Chosen","floor":18,"turns":5},{"damage":40,"enemies":"Masked Bandits","floor":19,"turns":5},{"damage":3,"enemies":"Spheric Guardian","floor":24,"turns":4},{"damage":5,"enemies":"Slavers","floor":25,"turns":5},{"damage":9,"enemies":"3 Cultists","floor":28,"turns":5},{"damage":3,"enemies":"Chosen and Byrds","floor":31,"turns":4},{"damage":8,"enemies":"Collector","floor":33,"turns":8},{"damage":2,"enemies":"Orb Walker","floor":35,"turns":5},{"damage":34,"enemies":"3 Darklings","floor":37,"turns":7},{"damage":6,"enemies":"Spire Growth","floor":38,"turns":5},{"damage":8,"enemies":"Nemesis","floor":40,"turns":7},{"damage":2,"enemies":"Transient","floor":41,"turns":5},{"damage":3,"enemies":"Jaw Worm Horde","floor":42,"turns":5},{"damage":32,"enemies":"Reptomancer","floor":45,"turns":6},{"damage":3,"enemies":"Writhing Mass","floor":46,"turns":5},{"damage":4,"enemies":"Transient","floor":48,"turns":5},{"damage":10,"enemies":"Donu and Deca","floor":50,"turns":7},{"damage":8,"enemies":"Shield and Spear","floor":54,"turns":7},{"damage":45,"enemies":"The Heart","floor":55,"turns":2}],"seed_played":"6134817160637483921","potions_obtained":[{"floor":2,"key":"Fruit Juice"},{"floor":5,"key":"PowerPotion"},{"floor":12,"key":"FearPotion"},{"floor":14,"key":"Energy Potion"},{"floor":16,"key":"SpeedPotion"},{"floor":33,"key":"Energy Potion"}],"is_trial":false,"path_per_floor":["?","M","?","M","?","?","?","M","T","?","$","T"],"character_chosen":"DEFECT","items_purchased":["Pear","BootSequence"],"campfire_rested":0,"item_purchase_floors":[22,22],"current_hp_per_floor":[72,77,77,76,73,56,56,51,51,51,51,61,64,72,72,68,94,94,74,47,32,42,42,42,42,42,42,42,42,42,42,42,42,42,42,42,32,42,42,42,42,42,42,42,32,42,42,42,42,42,42,42,42,42,0],"gold":61,"neow_bonus":"RANDOM_COMMON_RELIC","is_prod":false,"is_daily":false,"chose_seed":false,"campfire_upgraded":4,"win_rate":0,"timestamp":1552793866,"path_taken":["M","M","?","M","?","E","R","M","T","R","?","M","?","M","R","BOSS","M","?","?","?","$","R","?","E","T","?","M","?","$","M","R","BOSS","M","?","M","M","?","E","M","M","T","R","E","M","R","M","R","BOSS","R","$","E","BOSS"],"build_version":"2019-01-23","purchased_purges":1,"victory":false,"max_hp_per_floor":[75,80,80,80,80,94,94,94,94,94,94,94,94,94,94,94,94,94,94,47,32,42,42,42,42,42,42,42,42,42,42,42,42,42,42,42,42,42,42,42,42,42,42,42,42,42,42,42,42,42,42,42,42,42,42],"card_choices":[{"not_picked":["Beam Cell","Turbo"],"picked":"Ball Lightning","floor":1},{"not_picked":["Redo","Gash","Scrape"],"picked":"SKIP","floor":2},{"not_picked":["Gash","FTL"],"picked":"Static Discharge","floor":4},{"not_picked":["Blizzard","Conserve Battery"],"picked":"Reinforced Body","floor":5},{"not_picked":["Fusion","Hologram"],"picked":"Reinforced Body","floor":6},{"not_picked":["Streamline","Stack"],"picked":"Self Repair","floor":8},{"not_picked":["Redo","Steam"],"picked":"Loop","floor":12},{"not_picked":["Redo","Stack","Barrage"],"picked":"SKIP","floor":13},{"not_picked":["Force Field","Compile Driver","Sweeping Beam"],"picked":"SKIP","floor":14},{"not_picked":["Multi-Cast","Core Surge"],"picked":"Echo Form","floor":16},{"not_picked":["Turbo+1","Gash","Go for the Eyes"],"picked":"SKIP","floor":18},{"not_picked":["Redo","Stack+1","Conserve Battery"],"picked":"SKIP","floor":24},{"not_picked":["Reinforced Body","Sweeping Beam","Darkness"],"picked":"SKIP","floor":25},{"not_picked":["Go for the Eyes","Conserve Battery","Meteor Strike"],"picked":"SKIP","floor":28},{"not_picked":["Hologram+1","Steam","Go for the Eyes+1"],"picked":"SKIP","floor":31},{"not_picked":["Sweeping Beam+1","Auto Shields","Barrage"],"picked":"SKIP","floor":35},{"not_picked":["Beam Cell+1","Cold Snap+1"],"picked":"Static Discharge+1","floor":37},{"not_picked":["Streamline+1","Chaos","White Noise+1"],"picked":"SKIP","floor":38},{"not_picked":["Gash","Chill+1","Steam"],"picked":"SKIP","floor":40},{"not_picked":["Self Repair+1","Coolheaded","Rebound+1"],"picked":"SKIP","floor":41},{"not_picked":["Gash","Compile Driver"],"picked":"Lockon+1","floor":42},{"not_picked":["Rip and Tear","BootSequence","Redo+1"],"picked":"SKIP","floor":45},{"not_picked":["Gash","Stack+1"],"picked":"Machine Learning+1","floor":46},{"not_picked":["Doom and Gloom+1","Cold Snap+1","Stack+1"],"picked":"SKIP","floor":48},{"not_picked":["Hello World+1","Darkness+1","Recycle+1"],"picked":"SKIP","floor":54}],"player_experience":192698,"relics_obtained":[{"floor":6,"key":"Mango"},{"floor":9,"key":"Mercury Hourglass"},{"floor":19,"key":"Red Mask"},{"floor":25,"key":"Ancient Tea Set"},{"floor":26,"key":"Shovel"},{"floor":27,"key":"Frozen Egg 2"},{"floor":32,"key":"Tiny Chest"},{"floor":40,"key":"Cables"},{"floor":43,"key":"Boot"},{"floor":45,"key":"Toxic Egg 2"},{"floor":47,"key":"StoneCalendar"},{"floor":49,"key":"Sundial"},{"floor":52,"key":"Ornamental Fan"},{"floor":54,"key":"Letter Opener"}],"event_choices":[{"cards_removed":["Zap"],"damage_healed":0,"gold_gain":0,"player_choice":"Purged","damage_taken":0,"max_hp_gain":0,"max_hp_loss":0,"event_name":"Purifier","floor":3,"gold_loss":0},{"damage_healed":0,"gold_gain":100,"player_choice":"Pray","damage_taken":0,"max_hp_gain":0,"max_hp_loss":0,"event_name":"Golden Shrine","floor":11,"gold_loss":0},{"damage_healed":0,"gold_gain":0,"player_choice":"Fought Bandits","damage_taken":0,"max_hp_gain":0,"max_hp_loss":0,"event_name":"Masked Bandits","floor":19,"gold_loss":0},{"damage_healed":0,"gold_gain":0,"player_choice":"Became a Ghost","damage_taken":0,"max_hp_gain":0,"max_hp_loss":47,"event_name":"Ghosts","floor":20,"gold_loss":0,"cards_obtained":["Ghostly","Ghostly","Ghostly","Ghostly","Ghostly"]},{"damage_healed":0,"gold_gain":0,"player_choice":"Became a vampire","damage_taken":0,"max_hp_gain":0,"max_hp_loss":15,"event_name":"Vampires","floor":21,"gold_loss":0,"cards_obtained":["Bite","Bite","Bite","Bite","Bite"]},{"damage_healed":0,"gold_gain":0,"player_choice":"Gave Potion","damage_taken":0,"relics_obtained":["Du-Vu Doll"],"max_hp_gain":0,"max_hp_loss":0,"event_name":"WeMeetAgain","floor":29,"gold_loss":0}],"is_beta":false,"boss_relics":[{"not_picked":["Orrery","Runic Pyramid"],"picked":"Ectoplasm"},{"not_picked":["Fusion Hammer","Cursed Key"],"picked":"Sozu"}],"items_purged_floors":[22],"is_endless":false,"potions_floor_spawned":[2,5,12,14,16,19,28,33,38,40,41,42,46],"killed_by":"The Heart","ascension_level":0}