{"gold_per_floor":[19,29,48,48,63,63,163,163,163,175,188,263,263,283,283,382,382,392,344,344,318,336,336,336],"floor_reached":24,"playtime":1813,"items_purged":[],"score":188,"play_id":"c4fc3565-f171-4ff8-83df-836efeabafe0","local_time":"20190311121037","is_ascension_mode":false,"campfire_choices":[{"data":"Iron Wave","floor":6,"key":"SMITH"},{"data":"Bash","floor":8,"key":"SMITH"},{"data":"Perfected Strike","floor":13,"key":"SMITH"},{"data":"Twin Strike","floor":15,"key":"SMITH"},{"floor":23,"key":"REST"}],"neow_cost":"NO_GOLD","seed_source_timestamp":822166381937795,"circlet_count":0,"master_deck":["Strike_R","Strike_R","Strike_R","Strike_R","Strike_R","Defend_R","Defend_R","Defend_R","Defend_R","Bash+1","Headbutt","Iron Wave+1","Shrug It Off","Shrug It Off","Perfected Strike+1","Twin Strike+1","Double Tap","Headbutt","Headbutt","Iron Wave"],"relics":["Burning Blood","Ginger","Strawberry","Letter Opener","Philosopher\u0027s Stone"],"potions_floor_usage":[],"damage_taken":[{"damage":7,"enemies":"Jaw Worm","floor":1,"turns":6},{"damage":10,"enemies":"Small Slimes","floor":2,"turns":4},{"damage":1,"enemies":"Cultist","floor":3,"turns":3},{"damage":2,"enemies":"Looter","floor":5,"turns":4},{"damage":3,"enemies":"Red Slaver","floor":10,"turns":4},{"damage":4,"enemies":"Blue Slaver","floor":11,"turns":4},{"damage":3,"enemies":"Exordium Wildlife","floor":14,"turns":4},{"damage":30,"enemies":"Slime Boss","floor":16,"turns":10},{"damage":4,"enemies":"Chosen","floor":18,"turns":3},{"damage":25,"enemies":"3 Byrds","floor":22,"turns":5},{"damage":84,"enemies":"Gremlin Leader","floor":24,"turns":6}],"seed_played":"-865970995517057320","potions_obtained":[{"floor":1,"key":"GamblersBrew"},{"floor":5,"key":"Strength Potion"},{"floor":10,"key":"Swift Potion"}],"is_trial":false,"path_per_floor":["?","?","M","?","M","?"],"character_chosen":"IRONCLAD","items_purchased":["Headbutt","Iron Wave"],"campfire_rested":1,"item_purchase_floors":[19,21],"current_hp_per_floor":[79,75,80,75,79,79,79,79,79,82,84,76,76,79,79,55,87,87,87,70,70,51,78,0],"gold":336,"neow_bonus":"ONE_RARE_RELIC","is_prod":false,"is_daily":false,"chose_seed":false,"campfire_upgraded":4,"win_rate":0,"timestamp":1552317037,"path_taken":["M","M","M","?","M","R","?","R","T","?","M","?","R","?","R","BOSS","M","$","?","$","M","R","E"],"build_version":"2019-01-23","purchased_purges":0,"victory":false,"max_hp_per_floor":[80,80,80,87,87,87,87,87,87,87,87,87,87,87,87,87,87,87,87,92,92,92,92,92],"card_choices":[{"not_picked":["Burning Pact","Thunderclap"],"picked":"Headbutt","floor":1},{"not_picked":["Thunderclap","Havoc","Shockwave"],"picked":"SKIP","floor":2},{"not_picked":["Warcry","Clothesline"],"picked":"Iron Wave","floor":3},{"not_picked":["Heavy Blade","Body Slam"],"picked":"Shrug It Off","floor":5},{"not_picked":["Wild Strike","Berserk"],"picked":"Shrug It Off","floor":10},{"not_picked":["Corruption","Power Through"],"picked":"Perfected Strike","floor":11},{"not_picked":["Dropkick","Pummel"],"picked":"Twin Strike","floor":14},{"not_picked":["Impervious","Reaper"],"picked":"Double Tap","floor":16},{"not_picked":["Armaments","Disarm"],"picked":"Headbutt","floor":18},{"not_picked":["Heavy Blade","Feel No Pain","Fire Breathing"],"picked":"SKIP","floor":22}],"player_experience":284357,"relics_obtained":[{"floor":9,"key":"Letter Opener"}],"event_choices":[{"damage_healed":0,"gold_gain":0,"player_choice":"Success","damage_taken":12,"relics_obtained":["Strawberry"],"max_hp_gain":0,"max_hp_loss":0,"event_name":"Scrap Ooze","floor":4,"gold_loss":0},{"damage_healed":0,"gold_gain":100,"player_choice":"Pray","damage_taken":0,"max_hp_gain":0,"max_hp_loss":0,"event_name":"Golden Shrine","floor":7,"gold_loss":0},{"damage_healed":0,"gold_gain":75,"player_choice":"Touch","damage_taken":8,"max_hp_gain":0,"max_hp_loss":0,"event_name":"FaceTrader","floor":12,"gold_loss":0},{"damage_healed":0,"gold_gain":0,"player_choice":"Shed Blood","damage_taken":22,"max_hp_gain":5,"max_hp_loss":0,"event_name":"Forgotten Altar","floor":20,"gold_loss":0}],"is_beta":false,"boss_relics":[{"not_picked":["Black Blood","Ectoplasm"],"picked":"Philosopher\u0027s Stone"}],"items_purged_floors":[],"is_endless":false,"potions_floor_spawned":[1,5,10,16],"killed_by":"Gremlin Leader","ascension_level":0}