{"gold_per_floor":[368,368,368,382,238,238,253,266,312,312,587,587,587,602,602,701,701,717,717,737,311,311,311,326,326,350,363,398,398,417,436,436,436],"floor_reached":33,"playtime":856,"items_purged":["Regret","Regret"],"score":282,"play_id":"ee7c8c3e-befa-46c8-a131-a8bff03a4bd9","local_time":"20180924020935","is_ascension_mode":false,"campfire_choices":[{"data":"Searing Blow","floor":6,"key":"SMITH"},{"data":"Searing Blow+1","floor":10,"key":"SMITH"},{"data":"Searing Blow+2","floor":13,"key":"SMITH"},{"data":"Searing Blow+3","floor":15,"key":"SMITH"},{"data":"Searing Blow+5","floor":23,"key":"SMITH"},{"data":"Double Tap","floor":25,"key":"SMITH"},{"floor":32,"key":"REST"}],"neow_cost":"CURSE","seed_source_timestamp":226574474120825,"circlet_count":0,"master_deck":["Strike_R+1","Strike_R","Strike_R","Strike_R","Strike_R","Defend_R+1","Defend_R","Defend_R","Defend_R","Bash","Cleave","Feed","Searing Blow+6","Spot Weakness","Flex","Double Tap+1","Inflame","Normality","Bash","Battle Trance+1"],"relics":["Burning Blood","Regal Pillow","Strawberry","Cursed Key","Sundial","Bag of Marbles","Bag of Preparation"],"potions_floor_usage":[8,24,27,33,33],"damage_taken":[{"damage":18,"enemies":"Cultist","floor":1,"turns":4},{"damage":11,"enemies":"Jaw Worm","floor":4,"turns":2},{"damage":0,"enemies":"2 Louse","floor":7,"turns":1},{"damage":10,"enemies":"Looter","floor":8,"turns":2},{"damage":13,"enemies":"Red Slaver","floor":14,"turns":2},{"damage":55,"enemies":"The Guardian","floor":16,"turns":9},{"damage":22,"enemies":"Shell Parasite","floor":18,"turns":3},{"damage":10,"enemies":"Chosen","floor":20,"turns":2},{"damage":8,"enemies":"Centurion and Healer","floor":24,"turns":4},{"damage":1,"enemies":"Snake Plant","floor":27,"turns":2},{"damage":24,"enemies":"Gremlin Leader","floor":28,"turns":5},{"damage":24,"enemies":"3 Cultists","floor":30,"turns":5},{"damage":31,"enemies":"Cultist and Chosen","floor":31,"turns":5},{"damage":84,"enemies":"Champ","floor":33,"turns":6}],"seed_played":"3731203862255900936","potions_obtained":[{"floor":4,"key":"SteroidPotion"},{"floor":7,"key":"FearPotion"},{"floor":16,"key":"Block Potion"},{"floor":20,"key":"SpeedPotion"},{"floor":27,"key":"Dexterity Potion"},{"floor":30,"key":"EssenceOfSteel"}],"is_trial":false,"path_per_floor":["M","?","?","M","$","R","M","M","T","R","?","T","R","M","R","B",null,"M","?","M","$","?","R","M","R","T","M","E","?","M","M","R"],"character_chosen":"IRONCLAD","items_purchased":["Searing Blow","Inflame","Sundial"],"campfire_rested":1,"item_purchase_floors":[5,21,21],"current_hp_per_floor":[68,52,78,73,73,73,82,81,81,81,81,88,88,84,84,35,96,80,96,92,92,92,92,90,90,90,95,77,77,59,34,77,0],"gold":436,"neow_bonus":"TWO_FIFTY_GOLD","is_prod":false,"is_daily":false,"chose_seed":false,"campfire_upgraded":6,"win_rate":0,"timestamp":1537769375,"path_taken":["M","?","?","?","$","R","M","M","T","R","?","?","R","M","R","BOSS","M","?","M","$","?","R","M","R","T","M","E","?","?","M","R","BOSS"],"build_version":"2018-09-20","purchased_purges":2,"victory":false,"max_hp_per_floor":[80,80,80,80,80,80,83,86,86,86,86,93,93,96,96,96,96,96,96,96,96,96,96,96,96,96,96,96,96,96,96,96,96],"card_choices":[{"not_picked":["Clothesline","Havoc"],"picked":"Cleave","floor":1},{"not_picked":["Power Through","Twin Strike"],"picked":"Feed","floor":4},{"not_picked":["Sever Soul","Seeing Red","Flame Barrier"],"picked":"SKIP","floor":7},{"not_picked":["Body Slam","Sword Boomerang"],"picked":"Spot Weakness","floor":8},{"not_picked":["Pommel Strike","Headbutt"],"picked":"Flex","floor":14},{"not_picked":["Bludgeon","Reaper"],"picked":"Double Tap","floor":16},{"not_picked":["Fire Breathing","Twin Strike","Disarm"],"picked":"SKIP","floor":18},{"not_picked":["Heavy Blade","Headbutt","Pommel Strike"],"picked":"SKIP","floor":20},{"not_picked":["Perfected Strike+1","Burning Pact","Pummel"],"picked":"SKIP","floor":24},{"not_picked":["Thunderclap","Anger+1","Rage"],"picked":"SKIP","floor":27},{"not_picked":["Sever Soul","Demon Form","Entrench"],"picked":"SKIP","floor":28},{"not_picked":["Pommel Strike","Dual Wield","Searing Blow"],"picked":"SKIP","floor":30},{"not_picked":["Clothesline","Pommel Strike"],"picked":"Battle Trance+1","floor":31}],"player_experience":392958,"relics_obtained":[{"floor":9,"key":"Regal Pillow"},{"floor":12,"key":"Strawberry"},{"floor":26,"key":"Bag of Marbles"},{"floor":28,"key":"Bag of Preparation"}],"event_choices":[{"event_name":"Shining Light","player_choice":"Entered Light","floor":2,"damage_taken":0},{"event_name":"Big Fish","player_choice":"Banana","floor":3,"damage_taken":0},{"event_name":"Golden Shrine","player_choice":"Desecrate","floor":11,"damage_taken":0},{"event_name":"The Library","player_choice":"Heal","floor":19,"damage_taken":0},{"event_name":"Upgrade Shrine","player_choice":"Upgraded","floor":22,"damage_taken":0},{"event_name":"Match and Keep!","player_choice":"1 cards matched","floor":29,"damage_taken":0}],"is_beta":false,"boss_relics":[{"not_picked":["White Beast Statue","Astrolabe"],"picked":"Cursed Key"}],"items_purged_floors":[5,21],"is_endless":false,"potions_floor_spawned":[4,7,16,20,27,30],"killed_by":"Champ","ascension_level":0}