{"gold_per_floor":[111,192,10,26,40,40,40,215,215,215,231,249,249,100,100,100],"floor_reached":16,"playtime":397,"items_purged":["Doubt"],"score":99,"play_id":"54b82d52-867b-4a95-b2c8-c6e264f6316e","local_time":"20180927081708","is_ascension_mode":true,"campfire_choices":[{"data":"Flex","floor":6,"key":"SMITH"},{"floor":13,"key":"REST"},{"data":"Flex","floor":15,"key":"SMITH"}],"neow_cost":"NONE","seed_source_timestamp":508291641503652,"circlet_count":0,"master_deck":["Strike_R","Strike_R","Strike_R","Strike_R","Strike_R","Defend_R","Defend_R","Defend_R","Defend_R","Bash","Flex+1","Offering","Thunderclap+1","Flex+1","Sword Boomerang+1","Flex"],"relics":["Burning Blood","Ancient Tea Set","Molten Egg 2","Matryoshka","Golden Idol"],"potions_floor_usage":[4,5,5,11,12,16,16],"damage_taken":[{"damage":1,"enemies":"Cultist","floor":1,"turns":3},{"damage":0,"enemies":"2 Louse","floor":4,"turns":1},{"damage":21,"enemies":"Small Slimes","floor":5,"turns":3},{"damage":10,"enemies":"2 Fungi Beasts","floor":11,"turns":3},{"damage":22,"enemies":"Large Slime","floor":12,"turns":3},{"damage":58,"enemies":"The Guardian","floor":16,"turns":4}],"seed_played":"-2102437865478906714","potions_obtained":[{"floor":1,"key":"EntropicBrew"},{"floor":5,"key":"PowerPotion"},{"floor":12,"key":"AttackPotion"}],"is_trial":false,"path_per_floor":["M","T","$","M","M","R","$","?","T","?","M","M","R","$","R"],"character_chosen":"IRONCLAD","items_purchased":["Flex","Offering","Explosive Potion","Sword Boomerang+1","Flex"],"campfire_rested":1,"item_purchase_floors":[3,3,3,14,14],"current_hp_per_floor":[80,80,80,80,65,65,65,65,65,45,49,33,57,57,57,0],"gold":100,"neow_bonus":"RANDOM_COMMON_RELIC","is_prod":false,"is_daily":false,"chose_seed":false,"campfire_upgraded":2,"win_rate":0,"timestamp":1538050628,"path_taken":["M","?","$","M","?","R","$","?","T","?","M","M","R","$","R","BOSS"],"build_version":"2018-09-20","purchased_purges":1,"victory":false,"max_hp_per_floor":[80,80,80,80,80,80,80,80,80,80,80,80,80,80,80,80],"card_choices":[{"not_picked":["Blood for Blood","Wild Strike","Anger"],"picked":"SKIP","floor":1},{"not_picked":["Infernal Blade","Metallicize","Headbutt+1"],"picked":"SKIP","floor":4},{"not_picked":["Searing Blow+1","Ghostly Armor"],"picked":"Thunderclap+1","floor":5},{"not_picked":["Armaments","Wild Strike+1","Fiend Fire+1"],"picked":"SKIP","floor":11},{"not_picked":["Corruption","Sword Boomerang+1"],"picked":"Flex","floor":12}],"player_experience":431528,"relics_obtained":[{"floor":2,"key":"Molten Egg 2"},{"floor":9,"key":"Matryoshka"}],"event_choices":[{"event_name":"Liars Game","player_choice":"agreed","floor":8,"damage_taken":0},{"event_name":"Golden Idol","player_choice":"Take Damage","floor":10,"damage_taken":0}],"is_beta":false,"boss_relics":[],"items_purged_floors":[14],"is_endless":false,"potions_floor_spawned":[1,5,12],"killed_by":"The Guardian","ascension_level":2}