{"gold_per_floor":[115,115,136,136,61,61,61,105,155,169,208,220,250,277,289,420,432,467,303,303,324,337,337],"floor_reached":23,"playtime":1284,"items_purged":["Defend_B","Strike_B"],"score":271,"play_id":"d90401b8-8d4f-4cfc-9b93-92480bf7df0d","local_time":"20190326141343","is_ascension_mode":true,"campfire_choices":[{"data":"Go for the Eyes","floor":7,"key":"SMITH"},{"data":"Zap","floor":12,"key":"SMITH"},{"floor":15,"key":"REST"}],"neow_cost":"NONE","seed_source_timestamp":7826305806400,"circlet_count":0,"master_deck":["Strike_B+1","Defend_B","Defend_B+1","Zap+1","Dualcast","Go for the Eyes+1","Steam","Cold Snap","Ball Lightning","Auto Shields","Glacier","Creative AI","FTL+1","Conserve Battery","Ball Lightning","Compile Driver+1","Compile Driver"],"relics":["Cracked Core","Golden Idol","Kunai","Regal Pillow","MawBank","Empty Cage"],"potions_floor_usage":[8,8,11,15,16,23],"damage_taken":[{"damage":2,"enemies":"Jaw Worm","floor":1,"turns":3},{"damage":0,"enemies":"Small Slimes","floor":3,"turns":3},{"damage":11,"enemies":"Gremlin Nob","floor":8,"turns":5},{"damage":0,"enemies":"Cultist","floor":10,"turns":3},{"damage":10,"enemies":"3 Sentries","floor":11,"turns":5},{"damage":4,"enemies":"Blue Slaver","floor":13,"turns":3},{"damage":8,"enemies":"3 Louse","floor":14,"turns":2},{"damage":24,"enemies":"Slime Boss","floor":16,"turns":14},{"damage":11,"enemies":"3 Byrds","floor":18,"turns":6},{"damage":0,"enemies":"Spheric Guardian","floor":21,"turns":3},{"damage":37,"enemies":"3 Cultists","floor":22,"turns":5},{"damage":27,"enemies":"Book of Stabbing","floor":23,"turns":5}],"seed_played":"7703476617096499402","potions_obtained":[{"floor":0,"key":"FairyPotion"},{"floor":0,"key":"Weak Potion"},{"floor":0,"key":"Poison Potion"},{"floor":3,"key":"EssenceOfSteel"},{"floor":10,"key":"Fruit Juice"},{"floor":13,"key":"FocusPotion"},{"floor":16,"key":"Swift Potion"}],"is_trial":false,"path_per_floor":["?","?","?","?"],"character_chosen":"DEFECT","items_purchased":["Conserve Battery","Ball Lightning"],"campfire_rested":1,"item_purchase_floors":[19,19],"current_hp_per_floor":[66,48,48,73,73,58,58,47,47,47,37,37,33,25,69,45,71,60,60,60,60,23,0],"gold":337,"neow_bonus":"THREE_SMALL_POTIONS","is_prod":false,"is_daily":false,"chose_seed":false,"campfire_upgraded":2,"win_rate":0,"timestamp":1553624023,"path_taken":["M","?","M","?","$","?","R","E","T","M","E","R","M","M","R","BOSS","M","$","?","M","M","E"],"build_version":"2019-01-23","purchased_purges":2,"victory":false,"max_hp_per_floor":[75,75,75,75,75,75,75,75,75,75,75,75,75,75,80,80,80,80,80,80,80,80,80],"card_choices":[{"not_picked":["Redo","Double Energy"],"picked":"Go for the Eyes","floor":1},{"not_picked":["Go for the Eyes","Gash"],"picked":"Steam","floor":3},{"not_picked":["Melter","Redo"],"picked":"Cold Snap","floor":8},{"not_picked":["Force Field","Rebound"],"picked":"Ball Lightning","floor":10},{"not_picked":["Go for the Eyes","Storm"],"picked":"Auto Shields","floor":11},{"not_picked":["Meteor Strike","Chill"],"picked":"Glacier","floor":13},{"not_picked":["Melter","Beam Cell","Coolheaded"],"picked":"SKIP","floor":14},{"not_picked":["Buffer","Multi-Cast"],"picked":"Creative AI","floor":16},{"not_picked":["Undo+1","Reprogram+1"],"picked":"FTL+1","floor":18},{"not_picked":["Rebound+1","Stack"],"picked":"Compile Driver+1","floor":21},{"not_picked":["Skim+1","Sweeping Beam"],"picked":"Compile Driver","floor":22}],"player_experience":295500,"relics_obtained":[{"floor":8,"key":"Kunai"},{"floor":9,"key":"Regal Pillow"},{"floor":11,"key":"MawBank"}],"event_choices":[{"damage_healed":0,"gold_gain":0,"player_choice":"Take Damage","damage_taken":18,"relics_obtained":["Golden Idol"],"max_hp_gain":0,"max_hp_loss":0,"event_name":"Golden Idol","floor":2,"gold_loss":0},{"damage_healed":25,"gold_gain":0,"player_choice":"Banana","damage_taken":0,"max_hp_gain":0,"max_hp_loss":0,"event_name":"Big Fish","floor":4,"gold_loss":0},{"damage_healed":0,"gold_gain":0,"player_choice":"Entered Light","damage_taken":15,"max_hp_gain":0,"max_hp_loss":0,"event_name":"Shining Light","floor":6,"gold_loss":0,"cards_upgraded":["Defend_B","Strike_B"]},{"cards_removed":["Defend_B"],"damage_healed":0,"gold_gain":0,"player_choice":"Offered Basic","damage_taken":0,"max_hp_gain":0,"max_hp_loss":0,"event_name":"Bonfire Elementals","floor":20,"gold_loss":0}],"is_beta":false,"boss_relics":[{"not_picked":["Coffee Dripper","White Beast Statue"],"picked":"Empty Cage"}],"items_purged_floors":[5,19],"is_endless":false,"potions_floor_spawned":[3,10,13,16],"killed_by":"Book of Stabbing","ascension_level":7}