{"gold_per_floor":[213,228,21,44,44,44,44,58,58,58,93,93,93,104,104,201,201,221,221,231,243,168,202,202,222,245,245,264,284,284,299,299,397,397,409,409,156,168,168],"floor_reached":39,"playtime":1315,"items_purged":["Defend_B","Defend_B"],"score":466,"play_id":"951c4de6-0f46-4d45-ac17-c9dd1e8279e4","local_time":"20190324173955","is_ascension_mode":true,"campfire_choices":[{"data":"Static Discharge","floor":6,"key":"SMITH"},{"data":"Zap","floor":10,"key":"SMITH"},{"data":"Dualcast","floor":12,"key":"SMITH"},{"data":"Defend_B","floor":15,"key":"SMITH"},{"floor":24,"key":"REST"},{"floor":27,"key":"REST"},{"floor":32,"key":"REST"}],"neow_cost":"NONE","seed_source_timestamp":7843090976864233,"circlet_count":0,"master_deck":["Defend_B","Defend_B+1","Zap+1","Dualcast+1","Ball Lightning","Compile Driver","Cold Snap","Static Discharge+1","Sweeping Beam","Seek","Thunder Strike","Bite","Bite","Bite","Bite","Bite","Consume","Heatsinks","Parasite"],"relics":["Cracked Core","Tiny Chest","Strawberry","Mango","Mummified Hand","Pear","Busted Crown","Regal Pillow","Oddly Smooth Stone","Runic Pyramid"],"potions_floor_usage":[11,14,16,18,21,23,33,39],"damage_taken":[{"damage":0,"enemies":"Cultist","floor":1,"turns":3},{"damage":7,"enemies":"Jaw Worm","floor":2,"turns":2},{"damage":5,"enemies":"Small Slimes","floor":8,"turns":3},{"damage":7,"enemies":"Gremlin Nob","floor":11,"turns":3},{"damage":14,"enemies":"3 Louse","floor":14,"turns":2},{"damage":25,"enemies":"Hexaghost","floor":16,"turns":5},{"damage":20,"enemies":"2 Thieves","floor":18,"turns":3},{"damage":7,"enemies":"Shell Parasite","floor":20,"turns":3},{"damage":37,"enemies":"Centurion and Healer","floor":21,"turns":3},{"damage":17,"enemies":"Book of Stabbing","floor":23,"turns":3},{"damage":18,"enemies":"3 Cultists","floor":25,"turns":3},{"damage":13,"enemies":"Chosen and Byrds","floor":28,"turns":4},{"damage":51,"enemies":"Shelled Parasite and Fungi","floor":29,"turns":5},{"damage":24,"enemies":"Centurion and Healer","floor":31,"turns":4},{"damage":21,"enemies":"Automaton","floor":33,"turns":5},{"damage":50,"enemies":"3 Darklings","floor":35,"turns":3},{"damage":25,"enemies":"Orb Walker","floor":38,"turns":2},{"damage":20,"enemies":"Writhing Mass","floor":39,"turns":3}],"seed_played":"5335479432975484739","potions_obtained":[{"floor":1,"key":"Ancient Potion"},{"floor":8,"key":"Poison Potion"},{"floor":11,"key":"SkillPotion"},{"floor":16,"key":"EssenceOfSteel"},{"floor":20,"key":"Poison Potion"},{"floor":21,"key":"FocusPotion"},{"floor":28,"key":"PowerPotion"},{"floor":33,"key":"Weak Potion"},{"floor":38,"key":"Explosive Potion"}],"is_trial":false,"path_per_floor":["M","M","$","T","$","R","?","M","T","R","E","R","?","M","R","B",null,"M","?","M","M","$","E","R","M","T","R","M","M","?","M","R","B",null,"M","?","$","M","M"],"character_chosen":"DEFECT","items_purchased":["Tiny Chest","Cold Snap","Static Discharge","Consume","Heatsinks"],"campfire_rested":3,"item_purchase_floors":[3,3,3,37,37],"current_hp_per_floor":[75,68,68,75,75,75,89,84,84,84,87,87,80,66,66,41,106,86,86,79,42,42,25,71,53,53,99,86,35,35,21,58,53,74,30,30,30,13,0],"gold":168,"neow_bonus":"HUNDRED_GOLD","is_prod":false,"is_daily":false,"chose_seed":false,"campfire_upgraded":4,"win_rate":0,"timestamp":1553463595,"path_taken":["M","M","$","?","$","R","?","M","T","R","E","R","?","M","R","BOSS","M","?","M","M","$","E","R","M","T","R","?","M","?","M","R","BOSS","M","?","$","M","M"],"build_version":"2019-01-23","purchased_purges":2,"victory":false,"max_hp_per_floor":[75,75,75,82,82,82,96,96,96,96,106,106,106,106,106,106,106,106,106,106,106,106,106,106,106,106,106,106,106,74,74,74,74,74,74,74,74,74,74],"card_choices":[{"not_picked":["Undo","White Noise"],"picked":"Ball Lightning","floor":1},{"not_picked":["Reinforced Body","Coolheaded"],"picked":"Compile Driver","floor":2},{"not_picked":["Redo","Rip and Tear","FTL"],"picked":"SKIP","floor":8},{"not_picked":["Scrape","Double Energy"],"picked":"Sweeping Beam","floor":11},{"not_picked":["Rebound","Darkness","Steam Power"],"picked":"SKIP","floor":14},{"not_picked":["Biased Cognition","Echo Form"],"picked":"Seek","floor":16},{"not_picked":["Darkness"],"picked":"SKIP","floor":18},{"not_picked":["Sweeping Beam"],"picked":"SKIP","floor":20},{"not_picked":["Hologram"],"picked":"SKIP","floor":21},{"not_picked":["Sunder"],"picked":"SKIP","floor":23},{"not_picked":["Rip and Tear"],"picked":"SKIP","floor":25},{"not_picked":["Gash+1"],"picked":"SKIP","floor":28},{"not_picked":["Steam"],"picked":"SKIP","floor":29},{"not_picked":["Beam Cell+1"],"picked":"SKIP","floor":31},{"not_picked":["Steam Power"],"picked":"SKIP","floor":35},{"not_picked":["Stack+1"],"picked":"SKIP","floor":38}],"player_experience":465287,"relics_obtained":[{"floor":4,"key":"Strawberry"},{"floor":9,"key":"Mummified Hand"},{"floor":11,"key":"Pear"},{"floor":23,"key":"Regal Pillow"},{"floor":26,"key":"Oddly Smooth Stone"}],"event_choices":[{"damage_healed":0,"gold_gain":0,"player_choice":"Box","damage_taken":0,"relics_obtained":["Mango"],"max_hp_gain":0,"max_hp_loss":0,"event_name":"Big Fish","floor":7,"gold_loss":0,"cards_obtained":["Regret"]},{"cards_removed":["Regret"],"damage_healed":0,"gold_gain":0,"player_choice":"Card Removal","damage_taken":7,"max_hp_gain":0,"max_hp_loss":0,"event_name":"Golden Wing","floor":13,"gold_loss":0},{"damage_healed":0,"gold_gain":0,"player_choice":"1 cards matched","damage_taken":0,"max_hp_gain":0,"max_hp_loss":0,"event_name":"Match and Keep!","floor":19,"gold_loss":0,"cards_obtained":["Thunder Strike"]},{"damage_healed":0,"gold_gain":0,"player_choice":"Became a vampire","damage_taken":0,"max_hp_gain":0,"max_hp_loss":32,"event_name":"Vampires","floor":30,"gold_loss":0,"cards_obtained":["Bite","Bite","Bite","Bite","Bite"]},{"damage_healed":0,"gold_gain":0,"player_choice":"Ignored","damage_taken":0,"max_hp_gain":0,"max_hp_loss":0,"event_name":"Tomb of Lord Red Mask","floor":36,"gold_loss":0}],"is_beta":false,"boss_relics":[{"not_picked":["Lizard Tail","Inserter"],"picked":"Busted Crown"},{"not_picked":["Empty Cage","White Beast Statue"],"picked":"Runic Pyramid"}],"items_purged_floors":[22,37],"is_endless":false,"potions_floor_spawned":[1,8,11,16,20,21,28,33,38],"killed_by":"Writhing Mass","ascension_level":2}