{"gold_per_floor":[118,134,8,83,93,127,139,154,201,201,201,220,220],"floor_reached":13,"playtime":393,"items_purged":[],"score":96,"play_id":"0c3abd0f-ed2b-4ca0-ba1a-c10752474d18","local_time":"20180926143826","is_ascension_mode":true,"campfire_choices":[],"neow_cost":"TEN_PERCENT_HP_LOSS","seed_source_timestamp":444772169578027,"circlet_count":0,"master_deck":["Strike_R","Strike_R","Strike_R","Strike_R","Strike_R","Defend_R","Defend_R","Defend_R+1","Defend_R","Bash","Berserk","Hemokinesis","Pommel Strike+1","Perfected Strike"],"relics":["Burning Blood","FossilizedHelix","Bag of Preparation"],"potions_floor_usage":[5,8,13],"damage_taken":[{"damage":14,"enemies":"Jaw Worm","floor":1,"turns":3},{"damage":10,"enemies":"2 Louse","floor":2,"turns":2},{"damage":0,"enemies":"Small Slimes","floor":5,"turns":2},{"damage":30,"enemies":"Gremlin Nob","floor":6,"turns":4},{"damage":2,"enemies":"3 Louse","floor":7,"turns":3},{"damage":9,"enemies":"2 Fungi Beasts","floor":8,"turns":2},{"damage":12,"enemies":"Red Slaver","floor":12,"turns":3},{"damage":3,"enemies":"3 Sentries","floor":13,"turns":3}],"seed_played":"-6364669187249705388","potions_obtained":[{"floor":6,"key":"Poison Potion"},{"floor":12,"key":"PowerPotion"}],"is_trial":false,"path_per_floor":["M","M","$","?","M","E","M","M","T","?","?","M"],"character_chosen":"IRONCLAD","items_purchased":["Hemokinesis","Fire Potion"],"campfire_rested":0,"item_purchase_floors":[3,3],"current_hp_per_floor":[64,60,60,49,55,31,35,32,32,18,18,12,9],"gold":220,"neow_bonus":"THREE_RARE_CARDS","is_prod":false,"is_daily":false,"chose_seed":false,"campfire_upgraded":0,"win_rate":0,"timestamp":1537987106,"path_taken":["M","M","$","?","M","E","M","M","T","?","?","M","E"],"build_version":"2018-09-20","purchased_purges":0,"victory":false,"max_hp_per_floor":[72,72,72,72,72,72,72,72,72,72,72,72,72],"card_choices":[{"not_picked":["Barricade","Double Tap"],"picked":"Berserk","floor":0},{"not_picked":["Clothesline","Heavy Blade","Shockwave"],"picked":"SKIP","floor":1},{"not_picked":["Evolve","Fire Breathing","Heavy Blade"],"picked":"SKIP","floor":2},{"not_picked":["Sentinel","Iron Wave"],"picked":"Pommel Strike","floor":5},{"not_picked":["Juggernaut","Body Slam","Ghostly Armor"],"picked":"SKIP","floor":6},{"not_picked":["Havoc","Clothesline","Anger"],"picked":"SKIP","floor":7},{"not_picked":["True Grit","Sword Boomerang"],"picked":"Perfected Strike","floor":8},{"not_picked":["Headbutt","Anger","Dual Wield"],"picked":"SKIP","floor":12}],"player_experience":422315,"relics_obtained":[{"floor":6,"key":"FossilizedHelix"},{"floor":9,"key":"Bag of Preparation"}],"event_choices":[{"event_name":"World of Goop","player_choice":"Gather Gold","floor":4,"damage_taken":0},{"event_name":"Shining Light","player_choice":"Entered Light","floor":10,"damage_taken":0},{"event_name":"Scrap Ooze","player_choice":"unsuccessful","floor":11,"damage_taken":0}],"is_beta":false,"boss_relics":[],"items_purged_floors":[],"is_endless":false,"potions_floor_spawned":[6,12],"killed_by":"3 Sentries","ascension_level":2}