{"gold_per_floor":[109,120,120,395,395,395,415,42,69,87,111,130,130,144,144,249,249,269],"floor_reached":18,"playtime":479,"items_purged":["Regret"],"score":154,"play_id":"7d9b7c58-f3b9-4faa-a73a-18be0ab917f3","local_time":"20180924023027","is_ascension_mode":false,"campfire_choices":[{"data":"Anger","floor":6,"key":"SMITH"},{"data":"Armaments","floor":13,"key":"SMITH"},{"data":"Bash","floor":15,"key":"SMITH"}],"neow_cost":"","seed_source_timestamp":228202863789533,"circlet_count":0,"master_deck":["Strike_R","Strike_R","Strike_R","Strike_R","Strike_R","Defend_R","Defend_R","Defend_R","Defend_R","Bash+1","Armaments+1","Anger+1","Shrug It Off","Demon Form"],"relics":["Black Blood","Paper Frog","Mercury Hourglass","Regal Pillow","Odd Mushroom"],"potions_floor_usage":[10,11,16,16],"damage_taken":[{"damage":14,"enemies":"2 Louse","floor":1,"turns":2},{"damage":14,"enemies":"Jaw Worm","floor":2,"turns":4},{"damage":0,"enemies":"Cultist","floor":7,"turns":2},{"damage":0,"enemies":"Exordium Wildlife","floor":10,"turns":2},{"damage":4,"enemies":"The Mushroom Lair","floor":11,"turns":3},{"damage":2,"enemies":"Blue Slaver","floor":12,"turns":3},{"damage":13,"enemies":"3 Louse","floor":14,"turns":2},{"damage":16,"enemies":"Slime Boss","floor":16,"turns":9},{"damage":22,"enemies":"3 Byrds","floor":18,"turns":6}],"seed_played":"-6946239764600237409","potions_obtained":[{"floor":2,"key":"Ancient Potion"},{"floor":7,"key":"Block Potion"},{"floor":10,"key":"Strength Potion"},{"floor":16,"key":"SteroidPotion"}],"is_trial":false,"path_per_floor":["M","M","?","?","T","R","M","$","T","M","?","M","R","M","R","B",null],"character_chosen":"IRONCLAD","items_purchased":["Fire Potion","Mercury Hourglass"],"campfire_rested":0,"item_purchase_floors":[8,8],"current_hp_per_floor":[72,64,80,80,80,80,80,80,80,80,80,80,80,73,73,63,80,68],"gold":269,"neow_bonus":"","is_prod":false,"is_daily":false,"chose_seed":false,"campfire_upgraded":3,"win_rate":0,"timestamp":1537770627,"path_taken":["M","M","?","?","?","R","M","$","T","M","?","?","R","M","R","BOSS","M"],"build_version":"2018-09-20","purchased_purges":1,"victory":false,"max_hp_per_floor":[80,80,80,80,80,80,80,80,80,80,80,80,80,80,80,80,80,80],"card_choices":[{"not_picked":["Heavy Blade","Warcry"],"picked":"Armaments","floor":1},{"not_picked":["Pommel Strike","Brutality"],"picked":"Anger","floor":2},{"not_picked":["Disarm","Anger"],"picked":"Shrug It Off","floor":7},{"not_picked":["Twin Strike","Clash","Reckless Charge"],"picked":"SKIP","floor":10},{"not_picked":["Bloodletting","Burning Pact","Clash"],"picked":"SKIP","floor":12},{"not_picked":["Warcry","Iron Wave","Headbutt"],"picked":"SKIP","floor":14},{"not_picked":["Berserk","Offering"],"picked":"Demon Form","floor":16},{"not_picked":["Wild Strike","Reckless Charge","Dropkick"],"picked":"SKIP","floor":18}],"player_experience":394512,"relics_obtained":[{"floor":5,"key":"Paper Frog"},{"floor":9,"key":"Regal Pillow"},{"floor":11,"key":"Odd Mushroom"}],"event_choices":[{"event_name":"Big Fish","player_choice":"Banana","floor":3,"damage_taken":0},{"event_name":"Golden Shrine","player_choice":"Desecrate","floor":4,"damage_taken":0},{"event_name":"Mushrooms","player_choice":"Fought Mushrooms","floor":11,"damage_taken":0}],"is_beta":false,"boss_relics":[{"not_picked":["Eternal Feather","Pandora\u0027s Box"],"picked":"Black Blood"}],"items_purged_floors":[8],"is_endless":false,"potions_floor_spawned":[2,7,10,16],"killed_by":"3 Byrds","ascension_level":0}