{"gold_per_floor":[114,30,50,68,21,38,48,81,81,81,94,115,135,135,135,237,237,237,237,197,214,230,230,246,259,259,259,279,279,290,305,305,305],"floor_reached":33,"playtime":3630,"items_purged":[],"score":255,"play_id":"8bd1d1aa-99c5-406d-b7b7-64907902895a","local_time":"20190218010856","is_ascension_mode":false,"campfire_choices":[{"floor":10,"key":"REST"},{"floor":15,"key":"REST"},{"floor":23,"key":"REST"},{"floor":27,"key":"REST"},{"floor":32,"key":"REST"}],"neow_cost":"NONE","seed_source_timestamp":200160361193469,"circlet_count":0,"master_deck":["Defend_G+1","Defend_G","Defend_G","Defend_G","Defend_G","Strike_G","Strike_G","Strike_G","Strike_G","Strike_G","Survivor","Neutralize","Deflect","Deflect","Footwork","Bouncing Flask","Noxious Fumes","Outmaneuver","Bullet Time","Backflip","Flying Knee+1","Noxious Fumes","Deadly Poison","Setup","Phantasmal Killer","Envenom","Crippling Poison","Footwork+1","Deadly Poison","Bouncing Flask"],"relics":["Ring of the Snake","Question Card","Odd Mushroom","Sozu","Gambling Chip","Nunchaku"],"potions_floor_usage":[8,8,18,25,33],"damage_taken":[{"damage":1,"enemies":"Cultist","floor":1,"turns":5},{"damage":1,"enemies":"Jaw Worm","floor":3,"turns":5},{"damage":0,"enemies":"2 Louse","floor":4,"turns":4},{"damage":0,"enemies":"Large Slime","floor":6,"turns":7},{"damage":6,"enemies":"2 Fungi Beasts","floor":7,"turns":5},{"damage":38,"enemies":"Gremlin Nob","floor":8,"turns":6},{"damage":5,"enemies":"Blue Slaver","floor":11,"turns":5},{"damage":25,"enemies":"The Mushroom Lair","floor":12,"turns":5},{"damage":1,"enemies":"Red Slaver","floor":13,"turns":4},{"damage":14,"enemies":"Hexaghost","floor":16,"turns":9},{"damage":0,"enemies":"2 Thieves","floor":18,"turns":1},{"damage":16,"enemies":"Shell Parasite","floor":21,"turns":6},{"damage":16,"enemies":"Shelled Parasite and Fungi","floor":22,"turns":8},{"damage":17,"enemies":"Snake Plant","floor":24,"turns":5},{"damage":7,"enemies":"Sentry and Sphere","floor":25,"turns":5},{"damage":9,"enemies":"Snecko","floor":28,"turns":5},{"damage":14,"enemies":"Chosen and Byrds","floor":30,"turns":8},{"damage":10,"enemies":"Centurion and Healer","floor":31,"turns":7},{"damage":46,"enemies":"Collector","floor":33,"turns":7}],"seed_played":"3288039015581278937","potions_obtained":[{"floor":3,"key":"SpeedPotion"},{"floor":4,"key":"SteroidPotion"},{"floor":8,"key":"SmokeBomb"},{"floor":12,"key":"GhostInAJar"}],"is_trial":false,"path_per_floor":["?","?","?","?","M","T"],"character_chosen":"THE_SILENT","items_purchased":["Footwork","Block Potion","Outmaneuver"],"campfire_rested":5,"item_purchase_floors":[2,2,5],"current_hp_per_floor":[69,69,68,68,68,68,62,24,24,45,40,15,14,14,35,21,70,70,70,70,54,38,59,42,35,35,56,47,47,33,23,44,0],"gold":305,"neow_bonus":"THREE_CARDS","is_prod":false,"is_daily":false,"chose_seed":false,"campfire_upgraded":0,"win_rate":0,"timestamp":1550462936,"path_taken":["M","$","M","M","$","M","M","E","T","R","M","?","M","?","R","BOSS","M","?","?","M","M","R","M","M","T","R","?","?","M","M","R","BOSS"],"build_version":"2019-01-23","purchased_purges":0,"victory":false,"max_hp_per_floor":[70,70,70,70,70,70,70,70,70,70,70,70,70,70,70,70,70,70,70,70,70,70,70,70,70,70,70,70,70,70,70,70,70],"card_choices":[{"not_picked":["Flechettes","Quick Slash"],"picked":"Deflect","floor":0},{"not_picked":["PiercingWail","Outmaneuver"],"picked":"Deflect","floor":1},{"not_picked":["PiercingWail","Well Laid Plans"],"picked":"Bouncing Flask","floor":3},{"not_picked":["Dagger Throw","Slice"],"picked":"Noxious Fumes","floor":4},{"not_picked":["Escape Plan","Masterful Stab"],"picked":"Bullet Time","floor":6},{"not_picked":["Poisoned Stab","Sucker Punch"],"picked":"Backflip","floor":7},{"not_picked":["Eviscerate","Quick Slash"],"picked":"Flying Knee","floor":8},{"not_picked":["Slice","Dodge and Roll","Masterful Stab"],"picked":"Noxious Fumes","floor":11},{"not_picked":["Outmaneuver","Riddle With Holes","Glass Knife"],"picked":"Deadly Poison","floor":12},{"not_picked":["Escape Plan","Dagger Spray","PiercingWail"],"picked":"Setup","floor":13},{"not_picked":["Tools of the Trade","Bullet Time","Doppelganger"],"picked":"Phantasmal Killer","floor":16},{"not_picked":["Dagger Throw","Cloak And Dagger","Acrobatics","Choke"],"picked":"SKIP","floor":21},{"not_picked":["Masterful Stab","PiercingWail","Backflip+1"],"picked":"Envenom","floor":22},{"not_picked":["Bane","Quick Slash","Calculated Gamble+1"],"picked":"Crippling Poison","floor":24},{"not_picked":["Poisoned Stab","Escape Plan+1","Prepared"],"picked":"Footwork+1","floor":25},{"not_picked":["Underhanded Strike","Outmaneuver","Predator+1"],"picked":"Deadly Poison","floor":28},{"not_picked":["Choke","Calculated Gamble","Flechettes","Concentrate"],"picked":"SKIP","floor":30},{"not_picked":["Slice","Storm of Steel","Sucker Punch"],"picked":"Bouncing Flask","floor":31}],"player_experience":199917,"relics_obtained":[{"floor":8,"key":"Question Card"},{"floor":12,"key":"Odd Mushroom"},{"floor":26,"key":"Gambling Chip"},{"floor":29,"key":"Nunchaku"}],"event_choices":[{"damage_healed":0,"gold_gain":0,"player_choice":"Fought Mushrooms","damage_taken":0,"max_hp_gain":0,"max_hp_loss":0,"event_name":"Mushrooms","floor":12,"gold_loss":0},{"damage_healed":0,"gold_gain":0,"player_choice":"Ignored","damage_taken":0,"max_hp_gain":0,"max_hp_loss":0,"event_name":"Shining Light","floor":14,"gold_loss":0},{"damage_healed":0,"gold_gain":0,"player_choice":"Ignored","damage_taken":0,"max_hp_gain":0,"max_hp_loss":0,"event_name":"Ghosts","floor":19,"gold_loss":0},{"damage_healed":0,"gold_gain":0,"player_choice":"Upgraded Two","damage_taken":0,"max_hp_gain":0,"max_hp_loss":0,"event_name":"Designer","floor":20,"gold_loss":40,"cards_upgraded":["Defend_G","Flying Knee"]}],"is_beta":false,"boss_relics":[{"not_picked":["Ring of the Serpent","Runic Dome"],"picked":"Sozu"}],"items_purged_floors":[],"is_endless":false,"potions_floor_spawned":[3,4,8,12,22,30,31],"killed_by":"Collector","ascension_level":0}