{"gold_per_floor":[20,20,20,39,12,12,48,63,142,142,157,36,36,56,56,180,218,241,106,130,145,20,44,44,65,65,65,86,111,111,111],"floor_reached":31,"playtime":1102,"items_purged":["Strike_B","Strike_B","Strike_B+1"],"score":239,"play_id":"cef8c4f0-59f0-4e49-97ed-9f4cff5332eb","local_time":"20180709143656","is_ascension_mode":false,"campfire_choices":[{"floor":6,"key":"REST"},{"data":"Ball Lightning","floor":10,"key":"SMITH"},{"floor":13,"key":"REST"},{"data":"Skim","floor":15,"key":"SMITH"},{"floor":24,"key":"REST"},{"data":"Steam Power","floor":27,"key":"SMITH"},{"floor":30,"key":"REST"}],"neow_cost":"NO_GOLD","seed_source_timestamp":1600417234564023,"circlet_count":0,"master_deck":["Strike_B+1","Defend_B","Defend_B+1","Zap+1","Dualcast+1","Gash","Ball Lightning+1","Streamline","Gash","Skim+1","Steam Power+1","FTL+1","Glacier","Gash"],"relics":["Cracked Core","Golden Idol","War Paint","Tiny Chest","Tiny House"],"potions_floor_usage":[16,29,29],"damage_taken":[{"damage":12,"enemies":"Jaw Worm","floor":1,"turns":4},{"damage":0,"enemies":"Small Slimes","floor":4,"turns":2},{"damage":17,"enemies":"3 Sentries","floor":7,"turns":5},{"damage":0,"enemies":"Cultist","floor":8,"turns":2},{"damage":0,"enemies":"Large Slime","floor":11,"turns":2},{"damage":0,"enemies":"2 Fungi Beasts","floor":14,"turns":2},{"damage":28,"enemies":"Hexaghost","floor":16,"turns":5},{"damage":9,"enemies":"Shell Parasite","floor":18,"turns":3},{"damage":2,"enemies":"Chosen","floor":20,"turns":3},{"damage":25,"enemies":"Snecko","floor":21,"turns":4},{"damage":7,"enemies":"Cultist and Chosen","floor":23,"turns":4},{"damage":2,"enemies":"Chosen and Byrds","floor":25,"turns":4},{"damage":15,"enemies":"Snake Plant","floor":28,"turns":4},{"damage":7,"enemies":"Centurion and Healer","floor":29,"turns":2},{"damage":63,"enemies":"Slavers","floor":31,"turns":5}],"seed_played":"7856104980914923057","potions_obtained":[{"floor":11,"key":"Strength Potion"},{"floor":16,"key":"SneckoOil"},{"floor":17,"key":"GamblersBrew"},{"floor":20,"key":"Explosive Potion"},{"floor":21,"key":"AttackPotion"}],"is_trial":false,"path_per_floor":["M","?","?","M","$","R","E","M","T","R","M","$","R","M","R","B",null,"M","$","M","M","$","M","R","M","T","R","M","M","R"],"character_chosen":"DEFECT","items_purchased":["Ball Lightning","Gash","Steam Power"],"campfire_rested":4,"item_purchase_floors":[5,12,19],"current_hp_per_floor":[63,45,30,30,30,52,35,35,35,35,35,35,57,57,57,29,80,71,71,69,44,44,37,61,59,59,59,44,37,61,0],"gold":111,"neow_bonus":"REMOVE_TWO","is_prod":false,"is_daily":false,"chose_seed":false,"campfire_upgraded":3,"win_rate":0.0,"timestamp":1531161416,"path_taken":["M","?","?","M","?","R","E","?","T","R","?","$","R","M","R","BOSS","M","$","M","M","$","M","R","M","T","R","M","M","R","E"],"build_version":"2018-07-05","purchased_purges":3,"victory":false,"max_hp_per_floor":[75,75,75,75,75,75,75,75,75,75,75,75,75,75,75,75,80,80,80,80,80,80,80,80,80,80,80,80,80,80,80],"card_choices":[{"not_picked":["Sweeping Beam","Rebound","Steam"],"picked":"SKIP","floor":1},{"not_picked":["Hologram","Steam"],"picked":"Gash","floor":4},{"not_picked":["Echo Form","Biased Cognition","Conserve Battery"],"picked":"SKIP","floor":7},{"not_picked":["Sweeping Beam","Go for the Eyes","BootSequence"],"picked":"SKIP","floor":8},{"not_picked":["Blizzard","Cold Snap"],"picked":"Streamline","floor":11},{"not_picked":["Reprogram","Darkness"],"picked":"Skim","floor":14},{"not_picked":["Sweeping Beam","Stack","Recycle"],"picked":"SKIP","floor":18},{"not_picked":["Compile Driver","Rebound+1"],"picked":"FTL+1","floor":20},{"not_picked":["Cold Snap","Redo+1","Blizzard"],"picked":"SKIP","floor":21},{"not_picked":["Beam Cell","Barrage"],"picked":"Glacier","floor":23},{"not_picked":["Beam Cell","Static Discharge","Ball Lightning+1"],"picked":"SKIP","floor":25},{"not_picked":["Streamline","Redo+1"],"picked":"Gash","floor":28},{"not_picked":["Leap","Compile Driver","Go for the Eyes"],"picked":"SKIP","floor":29}],"player_experience":152636,"relics_obtained":[{"floor":7,"key":"War Paint"},{"floor":9,"key":"Tiny Chest"}],"event_choices":[{"event_name":"Golden Idol","player_choice":"Take Damage","floor":2,"damage_taken":0},{"event_name":"Shining Light","player_choice":"Entered Light","floor":3,"damage_taken":0}],"boss_relics":[{"not_picked":["Pandora\u0027s Box","White Beast Statue"],"picked":"Tiny House"}],"items_purged_floors":[12,19,22],"is_endless":false,"potions_floor_spawned":[11,16,20,21,28],"killed_by":"Slavers","ascension_level":0}