{"gold_per_floor":[111,286,187,200,5,40,40,40,40,40,2,13,27,37,37,132,132,150,250,267,267],"floor_reached":21,"playtime":610,"items_purged":["Doubt"],"score":224,"play_id":"57e970fc-53b2-4ecd-9d9c-374f5ed921c8","local_time":"20190324180253","is_ascension_mode":true,"campfire_choices":[{"data":"Streamline","floor":7,"key":"SMITH"},{"data":"Hologram","floor":10,"key":"SMITH"},{"data":"Sunder","floor":15,"key":"SMITH"}],"neow_cost":"NONE","seed_source_timestamp":7845174970170594,"circlet_count":0,"master_deck":["Strike_B","Strike_B","Strike_B","Defend_B","Defend_B+1","Zap","Dualcast+1","Streamline+1","Hologram+1","Sunder+1","Sweeping Beam","Reprogram+1","Ball Lightning+1","Hello World+1","Skim"],"relics":["Cracked Core","NeowsBlessing","TheAbacus","Thread and Needle","Lantern","Astrolabe","Prayer Wheel","Darkstone Periapt"],"potions_floor_usage":[16,16,18,19],"damage_taken":[{"damage":0,"enemies":"2 Louse","floor":1,"turns":1},{"damage":0,"enemies":"Jaw Worm","floor":4,"turns":1},{"damage":0,"enemies":"Gremlin Nob","floor":6,"turns":1},{"damage":0,"enemies":"Small Slimes","floor":12,"turns":2},{"damage":0,"enemies":"Looter","floor":13,"turns":2},{"damage":4,"enemies":"Blue Slaver","floor":14,"turns":2},{"damage":34,"enemies":"The Guardian","floor":16,"turns":8},{"damage":10,"enemies":"Shell Parasite","floor":18,"turns":3},{"damage":26,"enemies":"Colosseum Slavers","floor":19,"turns":3},{"damage":6,"enemies":"Colosseum Nobs","floor":19,"turns":4},{"damage":14,"enemies":"2 Thieves","floor":20,"turns":3},{"damage":20,"enemies":"Snake Plant","floor":21,"turns":2}],"seed_played":"-3285314069798115000","potions_obtained":[{"floor":6,"key":"AttackPotion"},{"floor":12,"key":"Poison Potion"},{"floor":14,"key":"SkillPotion"},{"floor":18,"key":"Fire Potion"}],"is_trial":false,"path_per_floor":["M","?","$","M","$","E","R","?","T","R","$","M","M","M","R","B",null,"M","?","M","M"],"character_chosen":"DEFECT","items_purchased":["Hologram","TheAbacus","Sunder"],"campfire_rested":0,"item_purchase_floors":[3,5,11],"current_hp_per_floor":[75,75,75,75,75,75,75,60,60,60,60,60,60,56,56,22,75,65,33,19,0],"gold":267,"neow_bonus":"THREE_ENEMY_KILL","is_prod":false,"is_daily":false,"chose_seed":false,"campfire_upgraded":3,"win_rate":0,"timestamp":1553464973,"path_taken":["M","?","$","M","$","E","R","?","T","R","$","M","M","M","R","BOSS","M","?","M","M"],"build_version":"2019-01-23","purchased_purges":1,"victory":false,"max_hp_per_floor":[75,75,75,75,75,75,75,75,75,75,75,75,75,75,75,75,75,75,75,75,75],"card_choices":[{"not_picked":["Barrage","Compile Driver"],"picked":"Streamline","floor":1},{"not_picked":["Barrage","Aggregate","Leap"],"picked":"SKIP","floor":4},{"not_picked":["Leap","All For One","Heatsinks"],"picked":"SKIP","floor":6},{"not_picked":["Barrage","Hologram"],"picked":"Sweeping Beam","floor":12},{"not_picked":["Melter","Stack","Compile Driver"],"picked":"SKIP","floor":13},{"not_picked":["Undo","Static Discharge","Cold Snap"],"picked":"SKIP","floor":14},{"not_picked":["Rebound","Coolheaded"],"picked":"Skim","floor":18},{"not_picked":["Streamline","Conserve Battery","Ball Lightning"],"picked":"SKIP","floor":20},{"not_picked":["Redo","Ball Lightning","Stack"],"picked":"SKIP","floor":20}],"player_experience":467351,"relics_obtained":[{"floor":6,"key":"Thread and Needle"},{"floor":9,"key":"Lantern"},{"floor":19,"key":"Prayer Wheel"},{"floor":19,"key":"Darkstone Periapt"}],"event_choices":[{"damage_healed":0,"gold_gain":175,"player_choice":"AGREE","damage_taken":0,"max_hp_gain":0,"max_hp_loss":0,"event_name":"Liars Game","floor":2,"gold_loss":0,"cards_obtained":["Doubt"]},{"damage_healed":0,"gold_gain":0,"player_choice":"Entered Light","damage_taken":15,"max_hp_gain":0,"max_hp_loss":0,"event_name":"Shining Light","floor":8,"gold_loss":0,"cards_upgraded":["Defend_B","Dualcast"]},{"damage_healed":0,"gold_gain":0,"player_choice":"Fight","damage_taken":0,"max_hp_gain":0,"max_hp_loss":0,"event_name":"Colosseum","floor":19,"gold_loss":0},{"damage_healed":0,"gold_gain":0,"player_choice":"Fought Nobs","damage_taken":0,"max_hp_gain":0,"max_hp_loss":0,"event_name":"Colosseum","floor":19,"gold_loss":0}],"is_beta":false,"boss_relics":[{"not_picked":["Calling Bell","Lizard Tail"],"picked":"Astrolabe"}],"items_purged_floors":[3],"is_endless":false,"potions_floor_spawned":[6,12,14,18],"killed_by":"Snake Plant","ascension_level":2}