{"gold_per_floor":[115,129,143,156,173,208,208,220,270,270,284,295,313,327,327,327],"floor_reached":16,"playtime":988,"items_purged":[],"score":110,"play_id":"108d2448-ceae-476c-b183-ca311217a471","local_time":"20180705221533","is_ascension_mode":false,"campfire_choices":[{"data":"Perfected Strike","floor":7,"key":"SMITH"},{"data":"Perfected Strike","floor":15,"key":"SMITH"}],"neow_cost":"CURSE","seed_source_timestamp":1282441827633001,"circlet_count":0,"master_deck":["Strike_R","Strike_R","Strike_R","Strike_R","Strike_R","Defend_R","Defend_R","Defend_R","Bash","Doubt","Immolate","Wild Strike","Perfected Strike+1","Cleave","Wild Strike","Carnage","Flex","Perfected Strike+1"],"relics":["Burning Blood","Anchor","Oddly Smooth Stone"],"potions_floor_usage":[8,14,16,16,16],"damage_taken":[{"damage":1,"enemies":"Cultist","floor":1,"turns":3},{"damage":11,"enemies":"Jaw Worm","floor":2,"turns":2},{"damage":0,"enemies":"Small Slimes","floor":3,"turns":2},{"damage":18,"enemies":"Exordium Wildlife","floor":4,"turns":4},{"damage":13,"enemies":"Red Slaver","floor":5,"turns":2},{"damage":25,"enemies":"Gremlin Nob","floor":6,"turns":4},{"damage":5,"enemies":"Exordium Thugs","floor":8,"turns":3},{"damage":0,"enemies":"Large Slime","floor":11,"turns":4},{"damage":0,"enemies":"Looter","floor":12,"turns":2},{"damage":2,"enemies":"3 Louse","floor":13,"turns":2},{"damage":12,"enemies":"Exordium Thugs","floor":14,"turns":3},{"damage":65,"enemies":"The Guardian","floor":16,"turns":9}],"seed_played":"199870934568134487","potions_obtained":[{"floor":1,"key":"SpeedPotion"},{"floor":2,"key":"Strength Potion"},{"floor":3,"key":"Energy Potion"},{"floor":5,"key":"EssenceOfSteel"},{"floor":13,"key":"BloodPotion"},{"floor":14,"key":"EssenceOfSteel"}],"is_trial":false,"path_per_floor":["M","M","M","M","M","E","R","M","T","?","M","M","M","M","R"],"character_chosen":"IRONCLAD","items_purchased":[],"campfire_rested":0,"item_purchase_floors":[],"current_hp_per_floor":[80,75,80,68,61,42,42,43,43,43,49,55,59,61,61,0],"gold":327,"neow_bonus":"THREE_RARE_CARDS","is_prod":false,"is_daily":false,"chose_seed":false,"campfire_upgraded":2,"win_rate":0.0,"timestamp":1530843333,"path_taken":["M","M","?","?","M","E","R","M","T","?","M","M","?","M","R","BOSS"],"build_version":"2018-06-28","purchased_purges":0,"victory":false,"max_hp_per_floor":[80,80,80,80,80,80,80,80,80,80,80,80,80,80,80,80],"card_choices":[{"not_picked":["Feed","Juggernaut"],"picked":"Immolate","floor":0},{"not_picked":["Entrench","Uppercut"],"picked":"Wild Strike","floor":1},{"not_picked":["Reckless Charge","Ghostly Armor"],"picked":"Perfected Strike","floor":2},{"not_picked":["Warcry","Anger"],"picked":"Cleave","floor":3},{"not_picked":["Combust","Clash"],"picked":"Wild Strike","floor":4},{"not_picked":["Armaments","Uppercut"],"picked":"Carnage","floor":5},{"not_picked":["Anger","Impervious","Havoc"],"picked":"SKIP","floor":6},{"not_picked":["Heavy Blade","Havoc"],"picked":"Flex","floor":8},{"not_picked":["Twin Strike","Clash","Blood for Blood"],"picked":"SKIP","floor":11},{"not_picked":["Feel No Pain","Twin Strike","Intimidate"],"picked":"SKIP","floor":12},{"not_picked":["Rupture","Iron Wave","Rampage"],"picked":"SKIP","floor":13},{"not_picked":["Disarm","Dual Wield"],"picked":"Perfected Strike","floor":14}],"player_experience":63598,"relics_obtained":[{"floor":6,"key":"Anchor"},{"floor":9,"key":"Oddly Smooth Stone"}],"event_choices":[{"event_name":"Living Wall","player_choice":"Forget","floor":10,"damage_taken":0}],"boss_relics":[],"items_purged_floors":[],"is_endless":false,"potions_floor_spawned":[1,2,3,5,13,14],"killed_by":"The Guardian","ascension_level":0}