{"gold_per_floor":[119,194,194,52,63,83,83,8,8,24,24,24,51,65,65,166,166,179,179,179],"floor_reached":20,"playtime":379,"items_purged":["Bash"],"score":189,"play_id":"387c194f-074d-408a-8af7-94960a782404","local_time":"20180924091529","is_ascension_mode":true,"campfire_choices":[{"data":"Bludgeon","floor":7,"key":"SMITH"},{"data":"Immolate","floor":11,"key":"SMITH"},{"floor":15,"key":"REST"}],"neow_cost":"NONE","seed_source_timestamp":252606230228026,"circlet_count":0,"master_deck":["Strike_R","Strike_R","Strike_R","Strike_R","Strike_R","Defend_R","Defend_R","Defend_R","Defend_R","Immolate+1","Shrug It Off","Bludgeon+1","Offering","Pommel Strike"],"relics":["Burning Blood","Question Card","Strawberry","Mark of Pain"],"potions_floor_usage":[6,16],"damage_taken":[{"damage":6,"enemies":"Cultist","floor":1,"turns":3},{"damage":12,"enemies":"Jaw Worm","floor":5,"turns":2},{"damage":7,"enemies":"2 Louse","floor":6,"turns":2},{"damage":6,"enemies":"Large Slime","floor":10,"turns":3},{"damage":34,"enemies":"Lagavulin","floor":13,"turns":4},{"damage":6,"enemies":"3 Louse","floor":14,"turns":1},{"damage":71,"enemies":"The Guardian","floor":16,"turns":7},{"damage":7,"enemies":"Spheric Guardian","floor":18,"turns":3},{"damage":0,"enemies":"3 Byrds","floor":20,"turns":1}],"seed_played":"-99137566654842851","potions_obtained":[{"floor":5,"key":"Fire Potion"},{"floor":6,"key":"GamblersBrew"},{"floor":10,"key":"PowerPotion"},{"floor":16,"key":"Swift Potion"}],"is_trial":false,"path_per_floor":["M","?","?","$","M","M","R","$","T","M","R","$","E","M","R","B",null,"M","$"],"character_chosen":"IRONCLAD","items_purchased":["Bludgeon"],"campfire_rested":1,"item_purchase_floors":[4],"current_hp_per_floor":[80,69,80,80,74,73,73,73,73,73,73,73,52,52,78,13,87,86,86,86],"gold":179,"neow_bonus":"ONE_RANDOM_RARE_CARD","is_prod":false,"is_daily":false,"chose_seed":false,"campfire_upgraded":2,"win_rate":0,"timestamp":1537794929,"path_taken":["M","?","?","$","M","M","R","?","T","M","R","$","E","?","R","BOSS","M","$","M"],"build_version":"2018-09-20","purchased_purges":1,"victory":false,"max_hp_per_floor":[80,80,80,80,80,80,80,80,80,80,80,80,87,87,87,87,87,87,87,87],"card_choices":[{"not_picked":["Pommel Strike","Anger"],"picked":"Shrug It Off","floor":1},{"not_picked":["Iron Wave","Twin Strike","True Grit"],"picked":"SKIP","floor":5},{"not_picked":["Heavy Blade","Iron Wave"],"picked":"Offering","floor":6},{"not_picked":["Carnage","Twin Strike","Second Wind"],"picked":"Pommel Strike","floor":10},{"not_picked":["Corruption","Hemokinesis","Headbutt","Metallicize"],"picked":"SKIP","floor":13},{"not_picked":["Thunderclap","Seeing Red","Wild Strike","Clothesline"],"picked":"SKIP","floor":14},{"not_picked":["Clothesline+1","Sword Boomerang","Shockwave","Second Wind"],"picked":"SKIP","floor":18}],"player_experience":399976,"relics_obtained":[{"floor":9,"key":"Question Card"},{"floor":13,"key":"Strawberry"}],"event_choices":[{"event_name":"World of Goop","player_choice":"Gather Gold","floor":2,"damage_taken":0},{"event_name":"Big Fish","player_choice":"Banana","floor":3,"damage_taken":0}],"is_beta":false,"boss_relics":[{"not_picked":["Astrolabe","White Beast Statue"],"picked":"Mark of Pain"}],"items_purged_floors":[8],"is_endless":false,"potions_floor_spawned":[5,6,10,16],"killed_by":"3 Byrds","ascension_level":2}