{"gold_per_floor":[20,20,35,62,62,91,91,156,232,247,212,212,137,147,147,251,251,270,220,235,135,135,135,148,148,148,148,159,34,34],"floor_reached":30,"playtime":1796,"items_purged":["Defend_B","Strike_B","Strike_B"],"score":226,"play_id":"5c6ad861-89e8-42e2-a39d-b749d44d07e7","local_time":"20180709104021","is_ascension_mode":false,"campfire_choices":[{"data":"Tempest","floor":7,"key":"SMITH"},{"floor":12,"key":"REST"},{"data":"Zap","floor":15,"key":"SMITH"},{"floor":23,"key":"REST"},{"floor":25,"key":"REST"}],"neow_cost":"NO_GOLD","seed_source_timestamp":1585529847193379,"circlet_count":0,"master_deck":["Strike_B","Strike_B","Defend_B","Defend_B","Defend_B","Zap+1","Dualcast","Amplify","Tempest+1","Compile Driver","Multi-Cast"],"relics":["Cracked Core","Happy Flower","Regal Pillow","Calipers","Blue Candle","Lizard Tail","Nloth\u0027s Gift"],"potions_floor_usage":[6,14,16,16,16],"damage_taken":[{"damage":1,"enemies":"Cultist","floor":1,"turns":3},{"damage":6,"enemies":"Jaw Worm","floor":3,"turns":3},{"damage":23,"enemies":"3 Sentries","floor":6,"turns":7},{"damage":27,"enemies":"3 Sentries","floor":8,"turns":7},{"damage":0,"enemies":"Small Slimes","floor":10,"turns":3},{"damage":0,"enemies":"Gremlin Gang","floor":14,"turns":2},{"damage":35,"enemies":"Hexaghost","floor":16,"turns":9},{"damage":49,"enemies":"3 Byrds","floor":18,"turns":6},{"damage":10,"enemies":"Chosen","floor":20,"turns":4},{"damage":64,"enemies":"3 Cultists","floor":24,"turns":5},{"damage":32,"enemies":"Snake Plant","floor":28,"turns":4},{"damage":26,"enemies":"Centurion and Healer","floor":30,"turns":2}],"seed_played":"-1405420396731740798","potions_obtained":[{"floor":3,"key":"AttackPotion"},{"floor":8,"key":"Explosive Potion"},{"floor":8,"key":"LiquidBronze"},{"floor":10,"key":"Dexterity Potion"},{"floor":14,"key":"SpeedPotion"}],"is_trial":false,"path_per_floor":["M","$","M","T","$","E","R","?","T","M","?","R","$","M","R","B",null,"M","?","M","$","?","R","M","R","T","?","M","$"],"character_chosen":"DEFECT","items_purchased":[],"campfire_rested":3,"item_purchase_floors":[],"current_hp_per_floor":[74,74,68,68,68,45,45,18,18,18,36,73,73,73,73,38,75,26,26,16,16,37,74,10,47,47,47,15,15,0],"gold":34,"neow_bonus":"THREE_RARE_CARDS","is_prod":false,"is_daily":false,"chose_seed":false,"campfire_upgraded":2,"win_rate":0.0,"timestamp":1531147221,"path_taken":["M","$","M","?","$","E","R","?","T","?","?","R","?","M","R","BOSS","M","?","M","$","?","R","M","R","T","?","?","$","M"],"build_version":"2018-07-05","purchased_purges":3,"victory":false,"max_hp_per_floor":[75,75,75,75,75,75,75,75,75,75,75,75,75,75,75,75,75,75,75,75,75,75,75,75,75,75,75,75,75,75],"card_choices":[{"not_picked":["Multi-Cast","All For One"],"picked":"Amplify","floor":0},{"not_picked":["Rebound","Defragment","Reinforced Body"],"picked":"SKIP","floor":1},{"not_picked":["Loop","Streamline","Stack"],"picked":"SKIP","floor":3},{"not_picked":["Leap","Darkness"],"picked":"Tempest","floor":6},{"not_picked":["Cold Snap","Beam Cell"],"picked":"Compile Driver","floor":8},{"not_picked":["Streamline","Rebound","Static Discharge"],"picked":"SKIP","floor":10},{"not_picked":["Melter","Conserve Battery","Gash"],"picked":"SKIP","floor":14},{"not_picked":["Machine Learning","Core Surge"],"picked":"Multi-Cast","floor":16},{"not_picked":["Sweeping Beam","Darkness","Hologram+1"],"picked":"SKIP","floor":18},{"not_picked":["Glacier","Hologram","Go for the Eyes"],"picked":"SKIP","floor":20},{"not_picked":["Self Repair+1","Go for the Eyes","Rebound"],"picked":"SKIP","floor":24},{"not_picked":["Turbo","Go for the Eyes","Steam Power"],"picked":"SKIP","floor":28}],"player_experience":138004,"relics_obtained":[{"floor":4,"key":"Happy Flower"},{"floor":6,"key":"Regal Pillow"},{"floor":8,"key":"Calipers"},{"floor":9,"key":"Blue Candle"},{"floor":26,"key":"Question Card"}],"event_choices":[{"event_name":"Dead Adventurer","player_choice":"Searched \u00271\u0027 times","floor":8,"damage_taken":0},{"event_name":"The Cleric","player_choice":"Healed","floor":11,"damage_taken":0},{"event_name":"The Joust","player_choice":"Bet on Owner","floor":19,"damage_taken":0},{"event_name":"Cursed Tome","player_choice":"Obtained Book","floor":22,"damage_taken":0},{"event_name":"N\u0027loth","player_choice":"Traded a Question Card","floor":27,"damage_taken":0}],"boss_relics":[{"not_picked":["Fusion Hammer","Black Star"],"picked":"Lizard Tail"}],"items_purged_floors":[13,21,29],"is_endless":false,"potions_floor_spawned":[3,8,8,10,14],"killed_by":"Centurion and Healer","ascension_level":0}