{"gold_per_floor":[118,293,305,325,338,338,338,359,359,48,64,80,98,132,132,255,255,268,299,42,52,52,52],"floor_reached":23,"playtime":1136,"items_purged":["Defend_G","Strike_G"],"score":195,"play_id":"da9f1505-0b55-40ca-9162-c07839c55009","local_time":"20180708061228","is_ascension_mode":false,"campfire_choices":[{"floor":6,"key":"REST"},{"data":"Noxious Fumes","floor":15,"key":"SMITH"}],"neow_cost":"TEN_PERCENT_HP_LOSS","seed_source_timestamp":1483713266401605,"circlet_count":0,"master_deck":["Defend_G","Defend_G","Defend_G","Defend_G","Strike_G","Strike_G","Strike_G","Strike_G","Survivor","Neutralize","Doubt","Backflip","Noxious Fumes+1","Poisoned Stab","Footwork","Noxious Fumes","Acrobatics","Adrenaline","Cloak And Dagger"],"relics":["Ring of the Snake","The Specimen","Golden Idol","Ornamental Fan","Lee\u0027s Waffle","Torii","Busted Crown","Red Mask","Regal Pillow"],"potions_floor_usage":[13,13,14,21,23],"damage_taken":[{"damage":10,"enemies":"Jaw Worm","floor":1,"turns":8},{"damage":0,"enemies":"Small Slimes","floor":3,"turns":5},{"damage":7,"enemies":"Cultist","floor":4,"turns":6},{"damage":8,"enemies":"2 Fungi Beasts","floor":5,"turns":6},{"damage":6,"enemies":"Exordium Thugs","floor":8,"turns":6},{"damage":3,"enemies":"Red Slaver","floor":11,"turns":5},{"damage":0,"enemies":"Blue Slaver","floor":12,"turns":5},{"damage":5,"enemies":"Large Slime","floor":13,"turns":5},{"damage":11,"enemies":"Gremlin Nob","floor":14,"turns":5},{"damage":35,"enemies":"The Guardian","floor":16,"turns":9},{"damage":5,"enemies":"3 Byrds","floor":18,"turns":5},{"damage":59,"floor":19,"turns":6},{"damage":0,"enemies":"2 Thieves","floor":21,"turns":4},{"damage":9,"enemies":"Book of Stabbing","floor":23,"turns":5}],"seed_played":"-5624435984808847197","potions_obtained":[{"floor":4,"key":"SkillPotion"},{"floor":12,"key":"Fire Potion"},{"floor":13,"key":"Explosive Potion"},{"floor":16,"key":"Strength Potion"},{"floor":19,"key":"Dexterity Potion"}],"is_trial":false,"path_per_floor":["M","?","M","M","M","R","?","M","T","$","M","M","M","E","R","B",null,"M","?","$","M","?"],"character_chosen":"THE_SILENT","items_purchased":["Footwork","Lee\u0027s Waffle","Regal Pillow"],"campfire_rested":1,"item_purchase_floors":[10,10,20],"current_hp_per_floor":[53,53,53,46,38,56,41,35,35,70,67,67,62,51,51,16,70,65,6,6,6,6,0],"gold":52,"neow_bonus":"ONE_RARE_RELIC","is_prod":false,"is_daily":false,"chose_seed":false,"campfire_upgraded":1,"win_rate":0.0,"timestamp":1531044748,"path_taken":["M","?","M","M","?","R","?","M","T","$","M","M","?","E","R","BOSS","M","?","$","M","?","E"],"build_version":"2018-07-05","purchased_purges":2,"victory":false,"max_hp_per_floor":[63,63,63,63,63,63,63,63,63,70,70,70,70,70,70,70,70,70,70,70,70,70,70],"card_choices":[{"not_picked":["Dagger Throw","Dagger Spray","Prepared"],"picked":"SKIP","floor":1},{"not_picked":["Underhanded Strike","Sucker Punch"],"picked":"Backflip","floor":3},{"not_picked":["Heel Hook","Outmaneuver"],"picked":"Noxious Fumes","floor":4},{"not_picked":["Riddle With Holes","Grand Finale","Dodge and Roll"],"picked":"SKIP","floor":5},{"not_picked":["Prepared","Cloak And Dagger"],"picked":"Poisoned Stab","floor":8},{"not_picked":["Expertise","Acrobatics"],"picked":"Noxious Fumes","floor":11},{"not_picked":["Caltrops","Flechettes"],"picked":"Acrobatics","floor":12},{"not_picked":["Blade Dance","Finisher","Setup"],"picked":"SKIP","floor":13},{"not_picked":["Dagger Throw","After Image","Acrobatics"],"picked":"SKIP","floor":14},{"not_picked":["After Image","Doppelganger"],"picked":"Adrenaline","floor":16},{"not_picked":["Outmaneuver"],"picked":"SKIP","floor":18},{"not_picked":[],"picked":"Cloak And Dagger","floor":19},{"not_picked":["Accuracy"],"picked":"SKIP","floor":21}],"player_experience":131071,"relics_obtained":[{"floor":9,"key":"Ornamental Fan"},{"floor":14,"key":"Torii"},{"floor":19,"key":"Red Mask"}],"event_choices":[{"event_name":"Liars Game","player_choice":"agreed","floor":2,"damage_taken":0},{"event_name":"Golden Idol","player_choice":"Take Damage","floor":7,"damage_taken":0},{"event_name":"Masked Bandits","player_choice":"Fought over 268 gold","floor":19,"damage_taken":0},{"event_name":"Drug Dealer","player_choice":"Ignored","floor":22,"damage_taken":0}],"boss_relics":[{"not_picked":["White Beast Statue","Eternal Feather"],"picked":"Busted Crown"}],"items_purged_floors":[10,20],"is_endless":false,"potions_floor_spawned":[4,12,13,16,19],"killed_by":"Book of Stabbing","ascension_level":0}