{"gold_per_floor":[112,112,14,29,29,56,67,67,67,78,107,168,180,210,222,336,398,421,433,370,385,385,385,385,385,408,425,425],"floor_reached":28,"playtime":694,"items_purged":["Defend_R"],"score":251,"play_id":"329f7242-8cc8-496f-af86-cef09ee40e5e","local_time":"20180805234625","is_ascension_mode":false,"campfire_choices":[{"data":"Thunderclap","floor":8,"key":"SMITH"},{"floor":15,"key":"REST"},{"floor":23,"key":"REST"},{"floor":25,"key":"REST"}],"neow_cost":"NONE","seed_source_timestamp":2216345390885466,"circlet_count":0,"master_deck":["Strike_R","Strike_R","Strike_R","Strike_R","Strike_R","Defend_R+1","Defend_R","Defend_R","Bash","Flex","Demon Form","Thunderclap+1","Flex","Inflame"],"relics":["Burning Blood","NeowsBlessing","Calipers","Gremlin Horn","Bottled Tornado","Frozen Egg 2","MawBank","Tiny House","Nunchaku","Anchor"],"potions_floor_usage":[7,11,16,18,27],"damage_taken":[{"damage":0,"enemies":"Small Slimes","floor":1,"turns":1},{"damage":0,"enemies":"Cultist","floor":4,"turns":1},{"damage":0,"enemies":"Gremlin Nob","floor":6,"turns":1},{"damage":2,"enemies":"Jaw Worm","floor":7,"turns":3},{"damage":10,"enemies":"Exordium Wildlife","floor":10,"turns":3},{"damage":27,"enemies":"3 Sentries","floor":11,"turns":4},{"damage":36,"enemies":"Lagavulin Event","floor":12,"turns":4},{"damage":17,"enemies":"Large Slime","floor":14,"turns":4},{"damage":33,"enemies":"Hexaghost","floor":16,"turns":7},{"damage":43,"enemies":"3 Byrds","floor":18,"turns":6},{"damage":37,"enemies":"Shell Parasite","floor":21,"turns":5},{"damage":14,"enemies":"Centurion and Healer","floor":27,"turns":5},{"damage":70,"enemies":"Slaver and Parasite","floor":28,"turns":7}],"seed_played":"277681496244555715","potions_obtained":[{"floor":6,"key":"Poison Potion"},{"floor":10,"key":"Poison Potion"},{"floor":14,"key":"GamblersBrew"},{"floor":17,"key":"Fruit Juice"},{"floor":18,"key":"Explosive Potion"}],"is_trial":false,"path_per_floor":["M","?","$","M","?","E","M","R","T","M","E","?","$","M","R","B",null,"M","?","$","M","?","R","?","R","T","M"],"character_chosen":"IRONCLAD","items_purchased":["Flex","Inflame"],"campfire_rested":3,"item_purchase_floors":[3,3],"current_hp_per_floor":[80,80,80,80,73,79,80,80,80,76,55,25,25,14,38,11,85,53,53,53,22,22,49,49,76,76,68,0],"gold":425,"neow_bonus":"THREE_ENEMY_KILL","is_prod":false,"is_daily":false,"chose_seed":false,"campfire_upgraded":1,"win_rate":0,"timestamp":1533527185,"path_taken":["M","?","$","M","?","E","M","R","T","M","E","?","$","?","R","BOSS","M","?","$","M","?","R","?","R","T","M","M"],"build_version":"2018-08-02","purchased_purges":1,"victory":false,"max_hp_per_floor":[80,80,80,80,80,80,80,80,80,80,80,80,80,80,80,80,85,90,90,90,90,90,90,90,90,90,90,90],"card_choices":[{"not_picked":["Headbutt","Clothesline"],"picked":"Flex","floor":1},{"not_picked":["Feel No Pain","Dropkick","Entrench"],"picked":"SKIP","floor":4},{"not_picked":["Twin Strike","Warcry","Iron Wave"],"picked":"SKIP","floor":6},{"not_picked":["Iron Wave","Warcry","Havoc"],"picked":"SKIP","floor":7},{"not_picked":["Spot Weakness","Uppercut","Blood for Blood"],"picked":"SKIP","floor":10},{"not_picked":["Pommel Strike","Sentinel","Sever Soul"],"picked":"SKIP","floor":11},{"not_picked":["Brutality+1","Flex","Wild Strike"],"picked":"SKIP","floor":14},{"not_picked":["Anger","Corruption+1","Pommel Strike+1"],"picked":"SKIP","floor":18},{"not_picked":["Anger","Pommel Strike+1","Twin Strike"],"picked":"SKIP","floor":21},{"not_picked":["Twin Strike+1","Entrench","Anger"],"picked":"SKIP","floor":27}],"player_experience":340221,"relics_obtained":[{"floor":6,"key":"Gremlin Horn"},{"floor":9,"key":"Bottled Tornado"},{"floor":11,"key":"Frozen Egg 2"},{"floor":12,"key":"MawBank"},{"floor":26,"key":"Anchor"}],"event_choices":[{"event_name":"Match and Keep!","player_choice":"2 cards matched","floor":2,"damage_taken":0},{"event_name":"Scrap Ooze","player_choice":"success","floor":5,"damage_taken":7},{"event_name":"Dead Adventurer","player_choice":"Searched \u00272\u0027 times","floor":12,"damage_taken":0},{"event_name":"The Mausoleum","player_choice":"Yes","floor":19,"damage_taken":0},{"event_name":"Forgotten Altar","player_choice":"Smashed Altar","floor":22,"damage_taken":0},{"event_name":"Back to Basics","player_choice":"Elegance","floor":24,"damage_taken":0}],"is_beta":false,"boss_relics":[{"not_picked":["Pandora\u0027s Box","Fusion Hammer"],"picked":"Tiny House"}],"items_purged_floors":[20],"is_endless":false,"potions_floor_spawned":[6,10,14,18],"killed_by":"Slaver and Parasite","ascension_level":0}