{"gold_per_floor":[119,119,131,9,22,22,52,52,79,109,59,8,8,21,21,121,121,136,182,232,38,50,50,69,103,103,103,116,116,116,40,40,145,145,161,261,124,124,473,473,490,523,569,589,589],"floor_reached":45,"playtime":1544,"items_purged":["Strike_B","Strike_B"],"score":645,"play_id":"3ca26216-8362-4a7b-a655-66210e8a99bc","local_time":"20190325121203","is_ascension_mode":true,"campfire_choices":[{"data":"Storm","floor":6,"key":"SMITH"},{"data":"Hello World","floor":8,"key":"SMITH"},{"data":"Defragment","floor":13,"key":"SMITH"},{"data":"Conserve Battery","floor":15,"key":"SMITH"},{"data":"Creative AI","floor":23,"key":"SMITH"},{"data":"Ball Lightning","floor":27,"key":"SMITH"},{"floor":30,"key":"REST"},{"data":"Defend_B","floor":32,"key":"SMITH"},{"floor":40,"key":"REST"}],"neow_cost":"NONE","seed_source_timestamp":7909592573743948,"circlet_count":0,"master_deck":["Strike_B","Defend_B","Defend_B","Defend_B+1","Defend_B","Zap","Dualcast","Conserve Battery+1","Ball Lightning+1","Hello World+1","Defragment+1","Storm+1","Capacitor","Creative AI+1","Defragment","Barrage+1","Ghostly","Ghostly","Ghostly","Ghostly","Loop","Seek","Storm+1","Reprogram","Leap","Heatsinks","Coolheaded+1"],"relics":["Cracked Core","Smiling Mask","Meat on the Bone","Juzu Bracelet","Molten Egg 2","FossilizedHelix","Runic Dome","Strawberry","Runic Capacitor","WingedGreaves","Bottled Flame","Philosopher\u0027s Stone","Nunchaku","Old Coin","Frozen Egg 2","Boot"],"potions_floor_usage":[7,25,41,42],"damage_taken":[{"damage":3,"enemies":"Jaw Worm","floor":1,"turns":4},{"damage":6,"enemies":"2 Louse","floor":3,"turns":2},{"damage":0,"enemies":"Cultist","floor":5,"turns":4},{"damage":12,"enemies":"3 Sentries","floor":7,"turns":5},{"damage":18,"enemies":"Lagavulin","floor":10,"turns":5},{"damage":0,"enemies":"Exordium Wildlife","floor":14,"turns":3},{"damage":1,"enemies":"The Guardian","floor":16,"turns":9},{"damage":22,"enemies":"2 Thieves","floor":18,"turns":4},{"damage":11,"enemies":"Spheric Guardian","floor":22,"turns":4},{"damage":3,"enemies":"Snecko","floor":24,"turns":4},{"damage":14,"enemies":"Book of Stabbing","floor":25,"turns":4},{"damage":38,"enemies":"Shelled Parasite and Fungi","floor":28,"turns":4},{"damage":0,"enemies":"Automaton","floor":33,"turns":7},{"damage":0,"enemies":"Orb Walker","floor":35,"turns":3},{"damage":0,"enemies":"Mind Bloom Boss Battle","floor":36,"turns":4},{"damage":17,"enemies":"2 Orb Walkers","floor":39,"turns":3},{"damage":2,"enemies":"3 Shapes","floor":41,"turns":3},{"damage":28,"enemies":"Giant Head","floor":42,"turns":6},{"damage":1,"enemies":"Maw","floor":44,"turns":5},{"damage":37,"enemies":"4 Shapes","floor":45,"turns":3}],"seed_played":"2593223763297344757","potions_obtained":[{"floor":1,"key":"FearPotion"},{"floor":3,"key":"Block Potion"},{"floor":7,"key":"LiquidBronze"},{"floor":18,"key":"Explosive Potion"},{"floor":22,"key":"Block Potion"},{"floor":33,"key":"Poison Potion"}],"is_trial":false,"path_per_floor":["M","?","M","$","M","R","E","R","T","E","?","?","R","M","R","B",null,"M","T","?","$","M","R","M","E","T","R","M","?","R","$","R","B",null,"M","?","$","?","?","R","M","E","T","M","M"],"character_chosen":"DEFECT","items_purchased":["Defragment","Runic Capacitor","Loop","Reprogram","Leap"],"campfire_rested":2,"item_purchase_floors":[4,21,31,37,37],"current_hp_per_floor":[72,65,59,59,59,59,47,47,47,41,41,41,41,41,41,40,75,53,60,60,60,49,49,46,44,44,44,18,18,30,30,30,30,41,41,41,41,41,24,36,34,18,18,29,0],"gold":589,"neow_bonus":"THREE_CARDS","is_prod":false,"is_daily":false,"chose_seed":false,"campfire_upgraded":7,"win_rate":0,"timestamp":1553530323,"path_taken":["M","?","M","$","M","R","E","R","T","E","?","?","R","M","R","BOSS","M","?","?","$","M","R","M","E","T","R","M","?","R","$","R","BOSS","M","?","$","?","?","R","M","E","T","M","M"],"build_version":"2019-01-23","purchased_purges":2,"victory":false,"max_hp_per_floor":[75,75,75,75,75,75,75,75,75,75,75,75,75,75,75,75,75,75,82,82,82,82,82,82,82,82,82,82,41,41,41,41,41,41,41,41,41,41,41,41,41,41,41,41,41],"card_choices":[{"not_picked":["Auto Shields","Hologram"],"picked":"Conserve Battery","floor":0},{"not_picked":["Skim","Melter"],"picked":"Ball Lightning","floor":1},{"not_picked":["Conserve Battery","Melter"],"picked":"Hello World","floor":3},{"not_picked":["Stack","Lockon"],"picked":"Storm","floor":5},{"not_picked":["Scrape","Aggregate","Beam Cell"],"picked":"SKIP","floor":7},{"not_picked":["Stack","Compile Driver","Steam"],"picked":"SKIP","floor":10},{"not_picked":["Streamline+1","Steam Power"],"picked":"Capacitor","floor":14},{"not_picked":["Meteor Strike+1","Machine Learning"],"picked":"Creative AI","floor":16},{"not_picked":["Conserve Battery","Hologram"],"picked":"Defragment","floor":18},{"not_picked":["Hello World","Turbo","Streamline+1"],"picked":"SKIP","floor":22},{"not_picked":["Gash+1","Rebound+1","Rip and Tear+1"],"picked":"SKIP","floor":24},{"not_picked":["Gash+1","Ball Lightning+1","Sweeping Beam+1"],"picked":"SKIP","floor":25},{"not_picked":["Redo","Multi-Cast"],"picked":"Barrage+1","floor":28},{"not_picked":["Creative AI","Core Surge+1"],"picked":"Seek","floor":33},{"not_picked":["Ball Lightning+1","Compile Driver+1","Hologram+1"],"picked":"SKIP","floor":35},{"not_picked":["Turbo+1","Gash+1"],"picked":"Storm+1","floor":36},{"not_picked":["Core Surge+1","Leap+1"],"picked":"Heatsinks","floor":39},{"not_picked":["Genetic Algorithm+1","Leap+1","Doom and Gloom+1"],"picked":"SKIP","floor":41},{"not_picked":["Glacier","Turbo+1","Reprogram+1"],"picked":"SKIP","floor":42},{"not_picked":["Leap+1","Redo+1"],"picked":"Coolheaded+1","floor":44}],"player_experience":494140,"relics_obtained":[{"floor":7,"key":"Meat on the Bone"},{"floor":9,"key":"Juzu Bracelet"},{"floor":10,"key":"Molten Egg 2"},{"floor":19,"key":"Strawberry"},{"floor":25,"key":"WingedGreaves"},{"floor":26,"key":"Bottled Flame"},{"floor":36,"key":"Nunchaku"},{"floor":39,"key":"Old Coin"},{"floor":42,"key":"Frozen Egg 2"},{"floor":43,"key":"Boot"}],"event_choices":[{"damage_healed":0,"gold_gain":0,"player_choice":"Success","damage_taken":7,"relics_obtained":["Smiling Mask"],"max_hp_gain":0,"max_hp_loss":0,"event_name":"Scrap Ooze","floor":2,"gold_loss":0},{"cards_removed":["Strike_B"],"damage_healed":0,"gold_gain":0,"player_choice":"Card Removal","damage_taken":0,"max_hp_gain":0,"max_hp_loss":0,"event_name":"The Cleric","floor":11,"gold_loss":50},{"damage_healed":0,"gold_gain":0,"player_choice":"Paid Gold","damage_taken":0,"relics_obtained":["FossilizedHelix"],"max_hp_gain":0,"max_hp_loss":0,"event_name":"WeMeetAgain","floor":12,"gold_loss":51},{"damage_healed":0,"gold_gain":100,"player_choice":"Bet on Murderer","damage_taken":0,"max_hp_gain":0,"max_hp_loss":0,"event_name":"The Joust","floor":20,"gold_loss":50},{"damage_healed":0,"gold_gain":0,"player_choice":"Became a Ghost","damage_taken":0,"max_hp_gain":0,"max_hp_loss":41,"event_name":"Ghosts","floor":29,"gold_loss":0,"cards_obtained":["Ghostly","Ghostly","Ghostly","Ghostly","Ghostly"]},{"damage_healed":0,"gold_gain":0,"player_choice":"Fight","damage_taken":0,"max_hp_gain":0,"max_hp_loss":0,"event_name":"MindBloom","floor":36,"gold_loss":0},{"cards_removed":["Ghostly"],"damage_healed":0,"gold_gain":0,"player_choice":"Removed Skill","damage_taken":0,"max_hp_gain":0,"max_hp_loss":0,"event_name":"Falling","floor":38,"gold_loss":0},{"damage_healed":0,"gold_gain":0,"player_choice":"Fight","damage_taken":0,"max_hp_gain":0,"max_hp_loss":0,"event_name":"Mysterious Sphere","floor":39,"gold_loss":0}],"is_beta":false,"boss_relics":[{"not_picked":["Tiny House","Eternal Feather"],"picked":"Runic Dome"},{"not_picked":["Runic Pyramid","Black Star"],"picked":"Philosopher\u0027s Stone"}],"items_purged_floors":[4,37],"is_endless":false,"potions_floor_spawned":[1,3,7,18,22,33,36],"killed_by":"4 Shapes","ascension_level":3}