{"gold_per_floor":[117,117,128,128,104,130,148,148,175,187,187,199,229,247,247,345,345,358,358,371,243,260,260,273,289,312,312,237,237,250,265,265,369,369,382,160,180,194,194,194,219,219,219,234,334,334,348,368,368,368],"floor_reached":51,"playtime":5691,"items_purged":["Warcry"],"score":693,"play_id":"f80ae8cc-9c75-4531-829b-5aab4bbee9db","local_time":"20190131072656","is_ascension_mode":false,"campfire_choices":[{"data":"Warcry","floor":8,"key":"SMITH"},{"data":"Seeing Red","floor":11,"key":"SMITH"},{"floor":15,"key":"REST"},{"data":"Perfected Strike","floor":23,"key":"SMITH"},{"data":"Perfected Strike","floor":29,"key":"SMITH"},{"data":"Perfected Strike","floor":32,"key":"SMITH"},{"data":"Perfected Strike","floor":40,"key":"SMITH"},{"floor":42,"key":"REST"},{"data":"Perfected Strike","floor":46,"key":"SMITH"},{"data":"Secret Weapon","floor":49,"key":"SMITH"}],"neow_cost":"NONE","seed_source_timestamp":757831468751027,"circlet_count":0,"master_deck":["Strike_R","Strike_R","Strike_R","Strike_R","Strike_R","Defend_R","Defend_R","Defend_R","Defend_R","Bash","Feed","Shrug It Off","Cleave","Pommel Strike","Warcry+1","Seeing Red+1","Perfected Strike+1","Perfected Strike+1","Juggernaut","Perfected Strike+1","Perfected Strike+1","Twin Strike","Twin Strike","Ghostly Armor","Perfected Strike+1","Perfected Strike+1","Impervious","Pommel Strike+1","Secret Weapon+1","Perfected Strike+1","Twin Strike"],"relics":["Black Blood","Boot","Mercury Hourglass","Red Skull","Self Forming Clay","Runic Cube","Regal Pillow","Vajra","Happy Flower","Champion Belt"],"potions_floor_usage":[20,25,33,33,33,41,47,50],"damage_taken":[{"damage":5,"enemies":"Jaw Worm","floor":1,"turns":5},{"damage":0,"enemies":"2 Louse","floor":3,"turns":4},{"damage":35,"enemies":"3 Sentries","floor":6,"turns":10},{"damage":1,"enemies":"Cultist","floor":7,"turns":3},{"damage":5,"enemies":"Large Slime","floor":10,"turns":5},{"damage":8,"enemies":"3 Louse","floor":12,"turns":2},{"damage":36,"enemies":"Lagavulin","floor":13,"turns":6},{"damage":4,"enemies":"Exordium Wildlife","floor":14,"turns":3},{"damage":53,"enemies":"Hexaghost","floor":16,"turns":10},{"damage":19,"enemies":"Spheric Guardian","floor":18,"turns":5},{"damage":7,"enemies":"Shell Parasite","floor":20,"turns":3},{"damage":14,"enemies":"3 Cultists","floor":22,"turns":5},{"damage":3,"enemies":"Snecko","floor":24,"turns":4},{"damage":19,"enemies":"Centurion and Healer","floor":25,"turns":5},{"damage":5,"enemies":"Cultist and Chosen","floor":30,"turns":3},{"damage":0,"enemies":"Snake Plant","floor":31,"turns":1},{"damage":63,"enemies":"Collector","floor":33,"turns":8},{"damage":15,"enemies":"3 Shapes","floor":35,"turns":3},{"damage":10,"enemies":"Orb Walker","floor":37,"turns":2},{"damage":17,"enemies":"Writhing Mass","floor":38,"turns":3},{"damage":40,"enemies":"Reptomancer","floor":41,"turns":3},{"damage":6,"enemies":"Spire Growth","floor":44,"turns":3},{"damage":10,"enemies":"Mind Bloom Boss Battle","floor":45,"turns":3},{"damage":0,"enemies":"Jaw Worm Horde","floor":47,"turns":2},{"damage":12,"enemies":"Transient","floor":48,"turns":5},{"damage":90,"enemies":"Donu and Deca","floor":50,"turns":7}],"seed_played":"-8299627393088055780","potions_obtained":[{"floor":6,"key":"Block Potion"},{"floor":12,"key":"Energy Potion"},{"floor":13,"key":"Dexterity Potion"},{"floor":22,"key":"Weak Potion"},{"floor":31,"key":"PowerPotion"},{"floor":33,"key":"Fire Potion"},{"floor":35,"key":"Dexterity Potion"},{"floor":37,"key":"SteroidPotion"},{"floor":45,"key":"Fire Potion"}],"is_trial":false,"path_per_floor":["?","?","$","M","?","?","?","M","?"],"character_chosen":"IRONCLAD","items_purchased":["Cleave","Twin Strike","Secret Weapon","Fire Potion"],"campfire_rested":2,"item_purchase_floors":[5,21,36,36],"current_hp_per_floor":[80,73,82,82,82,53,58,58,58,59,59,57,27,32,57,10,86,73,73,75,75,70,70,73,60,60,60,60,60,61,67,67,10,92,90,90,90,83,83,83,53,95,95,95,95,95,95,93,93,13],"gold":368,"neow_bonus":"ONE_RANDOM_RARE_CARD","is_prod":false,"is_daily":false,"chose_seed":false,"campfire_upgraded":8,"win_rate":0.0,"timestamp":1548930416,"path_taken":["M","?","M","?","?","E","?","R","T","M","R","M","E","M","R","BOSS","M","?","M","$","M","R","M","M","T","?","?","R","M","?","R","BOSS","M","$","M","M","$","R","E","R","T","M","?","R","M","M","R","BOSS"],"build_version":"2019-01-23","purchased_purges":1,"victory":true,"max_hp_per_floor":[80,80,83,83,83,83,83,83,83,83,83,83,83,86,86,86,86,86,86,89,89,92,92,92,92,92,92,92,92,92,92,92,92,92,95,95,95,95,95,95,95,95,95,95,95,95,95,95,95,95],"card_choices":[{"not_picked":["Sword Boomerang","Hemokinesis"],"picked":"Warcry","floor":1},{"not_picked":["Clash","Intimidate"],"picked":"Shrug It Off","floor":3},{"not_picked":["Clothesline","Uppercut"],"picked":"Pommel Strike","floor":6},{"not_picked":["Combust","Fiend Fire"],"picked":"Warcry","floor":7},{"not_picked":["True Grit","Pommel Strike"],"picked":"Seeing Red","floor":10},{"not_picked":["Anger","Ghostly Armor"],"picked":"Perfected Strike","floor":12},{"not_picked":["Heavy Blade","Warcry"],"picked":"Perfected Strike","floor":13},{"not_picked":["Sever Soul","Warcry"],"picked":"Armaments","floor":14},{"not_picked":["Brutality","Barricade"],"picked":"Juggernaut","floor":16},{"not_picked":["Iron Wave","Heavy Blade"],"picked":"Perfected Strike","floor":18},{"not_picked":["Second Wind","Seeing Red+1"],"picked":"Twin Strike","floor":20},{"not_picked":["Shrug It Off","Second Wind","Blood for Blood"],"picked":"SKIP","floor":22},{"not_picked":["Pummel","Intimidate"],"picked":"Ghostly Armor","floor":24},{"not_picked":["Seeing Red","Headbutt"],"picked":"Perfected Strike","floor":25},{"not_picked":["Twin Strike","Body Slam"],"picked":"Perfected Strike+1","floor":30},{"not_picked":["Thunderclap","Heavy Blade","Reckless Charge"],"picked":"SKIP","floor":31},{"not_picked":["Brutality","Bludgeon"],"picked":"Impervious","floor":33},{"not_picked":["Pummel+1","Seeing Red"],"picked":"Pommel Strike+1","floor":35},{"not_picked":["Disarm","Cleave+1"],"picked":"Perfected Strike+1","floor":37},{"not_picked":["Combust+1","Sword Boomerang"],"picked":"Twin Strike","floor":38},{"not_picked":["Flame Barrier+1","Anger","Shockwave+1"],"picked":"SKIP","floor":41},{"not_picked":["Fire Breathing+1","Clothesline+1","Anger"],"picked":"SKIP","floor":44},{"not_picked":["Entrench","Corruption","Heavy Blade"],"picked":"SKIP","floor":47},{"not_picked":["Uppercut","True Grit","Whirlwind"],"picked":"SKIP","floor":48}],"player_experience":38475,"relics_obtained":[{"floor":6,"key":"Mercury Hourglass"},{"floor":9,"key":"Red Skull"},{"floor":13,"key":"Self Forming Clay"},{"floor":26,"key":"Regal Pillow"},{"floor":41,"key":"Vajra"},{"floor":43,"key":"Happy Flower"},{"floor":45,"key":"Champion Belt"}],"event_choices":[{"damage_healed":0,"gold_gain":0,"player_choice":"Success","damage_taken":7,"relics_obtained":["Boot"],"max_hp_gain":0,"max_hp_loss":0,"event_name":"Scrap Ooze","floor":2,"gold_loss":0},{"damage_healed":0,"gold_gain":0,"player_choice":"Leave","damage_taken":0,"max_hp_gain":0,"max_hp_loss":0,"event_name":"The Cleric","floor":4,"gold_loss":0},{"damage_healed":0,"gold_gain":0,"player_choice":"Read","damage_taken":0,"max_hp_gain":0,"max_hp_loss":0,"event_name":"The Library","floor":19,"gold_loss":0,"cards_obtained":["Perfected Strike"]},{"damage_healed":0,"gold_gain":0,"player_choice":"Ignored","damage_taken":0,"max_hp_gain":0,"max_hp_loss":0,"event_name":"Ghosts","floor":27,"gold_loss":0},{"cards_removed":["Armaments"],"damage_healed":0,"gold_gain":0,"player_choice":"Gave Gold","damage_taken":0,"max_hp_gain":0,"max_hp_loss":0,"event_name":"Beggar","floor":28,"gold_loss":75},{"damage_healed":0,"gold_gain":0,"player_choice":"Fight","damage_taken":0,"max_hp_gain":0,"max_hp_loss":0,"event_name":"MindBloom","floor":45,"gold_loss":0}],"is_beta":false,"boss_relics":[{"not_picked":["Sozu","Philosopher\u0027s Stone"],"picked":"Runic Cube"},{"not_picked":["Calling Bell","Cursed Key"],"picked":"Black Blood"}],"items_purged_floors":[21],"is_endless":false,"potions_floor_spawned":[6,12,13,14,20,22,24,31,33,35,37,45],"ascension_level":0}