{"gold_per_floor":[112,130,305,320,51,51,64,64,115,125,125,95,111,131,131,226,226,243,343,38,38,38,38,52,52,76,76,94,106,196,216,216,216],"floor_reached":33,"playtime":1216,"items_purged":["Doubt"],"score":239,"play_id":"07ffa184-b635-4e73-83f0-70078b594598","local_time":"20190102093359","is_ascension_mode":false,"campfire_choices":[{"data":"Sunder","floor":6,"key":"SMITH"},{"data":"Gash","floor":8,"key":"SMITH"},{"data":"FTL","floor":15,"key":"SMITH"},{"floor":23,"key":"REST"},{"floor":25,"key":"REST"},{"floor":32,"key":"REST"}],"neow_cost":"NONE","seed_source_timestamp":819056196564681,"circlet_count":0,"master_deck":["Strike_B+1","Strike_B+1","Strike_B+1","Strike_B+1","Defend_B+1","Defend_B+1","Defend_B+1","Defend_B+1","Zap","Dualcast","Sunder+1","Gash+1","FTL","FTL+1","Skim","Hyperbeam","Streamline","Parasite","Gash+1"],"relics":["Cracked Core","Vajra","Potion Belt","Boot","Cursed Key","Prayer Wheel","Singing Bowl","WingedGreaves","Art of War","NlothsMask"],"potions_floor_usage":[1,7,7,10,14,16,19,19,28,28,29,31,33,33],"damage_taken":[{"damage":4,"enemies":"Jaw Worm","floor":1,"turns":3},{"damage":0,"enemies":"Small Slimes","floor":2,"turns":2},{"damage":0,"enemies":"2 Louse","floor":4,"turns":2},{"damage":8,"enemies":"Lots of Slimes","floor":7,"turns":3},{"damage":0,"enemies":"Looter","floor":10,"turns":2},{"damage":0,"enemies":"2 Fungi Beasts","floor":13,"turns":2},{"damage":0,"enemies":"Exordium Thugs","floor":14,"turns":2},{"damage":38,"enemies":"Slime Boss","floor":16,"turns":10},{"damage":0,"enemies":"Spheric Guardian","floor":18,"turns":2},{"damage":2,"enemies":"Colosseum Slavers","floor":19,"turns":2},{"damage":53,"enemies":"Colosseum Nobs","floor":19,"turns":4},{"damage":10,"enemies":"2 Thieves","floor":24,"turns":2},{"damage":15,"enemies":"Snecko","floor":28,"turns":4},{"damage":2,"enemies":"Cultist and Chosen","floor":29,"turns":4},{"damage":21,"enemies":"Snake Plant","floor":31,"turns":3},{"damage":60,"enemies":"Champ","floor":33,"turns":7}],"seed_played":"2775460455587642633","potions_obtained":[{"floor":0,"key":"SkillPotion"},{"floor":0,"key":"SkillPotion"},{"floor":0,"key":"Energy Potion"},{"floor":4,"key":"SkillPotion"},{"floor":10,"key":"EssenceOfSteel"},{"floor":12,"key":"SneckoOil"},{"floor":12,"key":"SpeedPotion"},{"floor":16,"key":"Explosive Potion"},{"floor":18,"key":"EssenceOfSteel"},{"floor":22,"key":"FearPotion"},{"floor":22,"key":"Swift Potion"},{"floor":22,"key":"Poison Potion"},{"floor":24,"key":"Strength Potion"},{"floor":28,"key":"Energy Potion"},{"floor":29,"key":"Strength Potion"}],"is_trial":false,"path_per_floor":["M","M","?","M","$","R","M","R","T","M","?","?","M","M","R","B",null,"M","?","$","?","?","R","M","R","T","?","M","M","?","M","R","B"],"character_chosen":"DEFECT","items_purchased":["FTL","Vajra","WingedGreaves"],"campfire_rested":3,"item_purchase_floors":[5,5,20],"current_hp_per_floor":[71,71,71,71,71,71,63,63,63,63,51,51,51,51,51,13,75,75,22,22,22,22,45,39,63,63,63,52,54,38,17,43,0],"gold":216,"neow_bonus":"THREE_SMALL_POTIONS","is_prod":false,"is_daily":false,"chose_seed":false,"campfire_upgraded":3,"win_rate":0,"timestamp":1546439639,"path_taken":["M","M","?","M","$","R","M","R","T","M","?","?","M","?","R","BOSS","M","?","$","?","?","R","?","R","T","?","?","M","?","M","R","BOSS"],"build_version":"2018-12-20","purchased_purges":1,"victory":false,"max_hp_per_floor":[75,75,75,75,75,75,75,75,75,75,75,75,75,75,75,75,75,75,77,77,77,77,77,81,81,81,81,85,89,89,89,89,89],"card_choices":[{"not_picked":["Conserve Battery","Reprogram"],"picked":"Sunder","floor":1},{"not_picked":["Conserve Battery","BootSequence"],"picked":"Gash","floor":2},{"not_picked":["Stack","Genetic Algorithm"],"picked":"FTL","floor":4},{"not_picked":["Reprogram","Rebound","Steam"],"picked":"SKIP","floor":7},{"not_picked":["Rebound","Rip and Tear"],"picked":"Skim","floor":10},{"not_picked":["Double Energy","Steam","Darkness"],"picked":"SKIP","floor":13},{"not_picked":["Turbo","Core Surge","Chill"],"picked":"SKIP","floor":14},{"not_picked":["Echo Form","Seek"],"picked":"Hyperbeam","floor":16},{"not_picked":["Rip and Tear","Redo"],"picked":"Streamline","floor":18},{"not_picked":["Barrage+1","Redo","FTL"],"picked":"Singing Bowl","floor":19},{"not_picked":["Turbo","Rebound","Redo"],"picked":"Singing Bowl","floor":24},{"not_picked":["Coolheaded","Tempest","Core Surge"],"picked":"Singing Bowl","floor":24},{"not_picked":["Go for the Eyes+1","Rebound","Recycle"],"picked":"Singing Bowl","floor":28},{"not_picked":["Sweeping Beam","Conserve Battery","Static Discharge+1"],"picked":"Singing Bowl","floor":28},{"not_picked":["Redo","Turbo","Streamline"],"picked":"Singing Bowl","floor":29},{"not_picked":["Beam Cell","Static Discharge+1","Fusion"],"picked":"Singing Bowl","floor":29},{"not_picked":["Streamline","Aggregate"],"picked":"Gash+1","floor":31},{"not_picked":["Sweeping Beam","Redo+1","Gash"],"picked":"SKIP","floor":31}],"player_experience":445525,"relics_obtained":[{"floor":9,"key":"Potion Belt"},{"floor":19,"key":"Prayer Wheel"},{"floor":19,"key":"Singing Bowl"},{"floor":26,"key":"Art of War"}],"event_choices":[{"damage_healed":0,"gold_gain":175,"player_choice":"AGREE","damage_taken":0,"max_hp_gain":0,"max_hp_loss":0,"event_name":"Liars Game","floor":3,"gold_loss":0,"cards_obtained":["Doubt"]},{"damage_healed":0,"gold_gain":0,"player_choice":"Success","damage_taken":12,"relics_obtained":["Boot"],"max_hp_gain":0,"max_hp_loss":0,"event_name":"Scrap Ooze","floor":11,"gold_loss":0},{"damage_healed":0,"gold_gain":0,"player_choice":"Bought 2 Potions","damage_taken":0,"max_hp_gain":0,"max_hp_loss":0,"event_name":"The Woman in Blue","floor":12,"gold_loss":0},{"damage_healed":0,"gold_gain":0,"player_choice":"Fight","damage_taken":0,"max_hp_gain":0,"max_hp_loss":0,"event_name":"Colosseum","floor":19,"gold_loss":0},{"damage_healed":0,"gold_gain":0,"player_choice":"Fought Nobs","damage_taken":0,"max_hp_gain":0,"max_hp_loss":0,"event_name":"Colosseum","floor":19,"gold_loss":0},{"damage_healed":0,"gold_gain":0,"player_choice":"Simplicity","damage_taken":0,"max_hp_gain":0,"max_hp_loss":0,"event_name":"Back to Basics","floor":21,"gold_loss":0,"cards_upgraded":["Strike_B","Strike_B","Strike_B","Strike_B","Defend_B","Defend_B","Defend_B","Defend_B"]},{"damage_healed":0,"gold_gain":0,"player_choice":"Got Potions","damage_taken":0,"max_hp_gain":0,"max_hp_loss":0,"event_name":"Lab","floor":22,"gold_loss":0},{"damage_healed":0,"gold_gain":0,"player_choice":"Trade","damage_taken":0,"relics_obtained":["NlothsMask"],"max_hp_gain":0,"max_hp_loss":0,"event_name":"FaceTrader","floor":27,"gold_loss":0},{"damage_healed":0,"gold_gain":90,"player_choice":"GOLD ","damage_taken":16,"max_hp_gain":0,"max_hp_loss":0,"event_name":"Knowing Skull","floor":30,"potions_obtained":[],"gold_loss":0,"cards_obtained":[]}],"is_beta":false,"boss_relics":[{"not_picked":["FrozenCore","Empty Cage"],"picked":"Cursed Key"}],"items_purged_floors":[5],"is_endless":false,"potions_floor_spawned":[4,10,16,18,24,28,29],"killed_by":"Champ","ascension_level":0}