{"gold_per_floor":[114,189,42,58,74,105,105,118,118,118,129,129,139,17,17,121,121,132,132,143,242,252,252,252,252,276,302,318,142,142,4,4,106,106,125,125,5,21,21],"floor_reached":39,"playtime":2051,"items_purged":["Defend_R","Defend_R","Decay","Pain"],"score":439,"play_id":"cbdd627f-1eb3-416e-b197-d9442d19cce1","local_time":"20180923023125","is_ascension_mode":true,"campfire_choices":[{"data":"Thunderclap","floor":7,"key":"SMITH"},{"data":"Sword Boomerang","floor":10,"key":"SMITH"},{"floor":12,"key":"REST"},{"data":"Flex","floor":15,"key":"SMITH"},{"floor":23,"key":"REST"},{"floor":25,"key":"REST"},{"data":"Flex","floor":30,"key":"SMITH"},{"data":"Flex","floor":32,"key":"SMITH"}],"neow_cost":"","seed_source_timestamp":140282807875278,"circlet_count":0,"master_deck":["Strike_R","Strike_R+1","Strike_R+1","Strike_R","Strike_R","Defend_R","Defend_R","Bash","Twin Strike","Shrug It Off","Thunderclap+1","Pommel Strike","Sword Boomerang+1","Flex+1","Offering","Flex+1","Shrug It Off+1","Flex+1","Inflame","Anger+1","Anger+1","Parasite","Decay"],"relics":["Burning Blood","Gremlin Horn","The Courier","Mark of Pain","Pen Nib","Molten Egg 2","Whetstone","Calling Bell","Bag of Preparation","Meat on the Bone","StoneCalendar"],"potions_floor_usage":[5,6,13,18,33,33],"damage_taken":[{"damage":0,"enemies":"Small Slimes","floor":1,"turns":3},{"damage":0,"enemies":"Cultist","floor":4,"turns":3},{"damage":9,"enemies":"2 Louse","floor":5,"turns":3},{"damage":46,"enemies":"Lagavulin","floor":6,"turns":6},{"damage":0,"enemies":"Exordium Wildlife","floor":8,"turns":2},{"damage":22,"enemies":"Exordium Thugs","floor":11,"turns":3},{"damage":8,"enemies":"Large Slime","floor":13,"turns":4},{"damage":30,"enemies":"Slime Boss","floor":16,"turns":7},{"damage":19,"enemies":"Shell Parasite","floor":18,"turns":3},{"damage":28,"enemies":"Spheric Guardian","floor":20,"turns":4},{"damage":35,"enemies":"Shelled Parasite and Fungi","floor":22,"turns":3},{"damage":24,"enemies":"Gremlin Leader","floor":27,"turns":3},{"damage":6,"enemies":"3 Cultists","floor":28,"turns":3},{"damage":49,"enemies":"Collector","floor":33,"turns":5},{"damage":55,"enemies":"3 Shapes","floor":35,"turns":2},{"damage":11,"enemies":"Orb Walker","floor":38,"turns":2},{"damage":66,"enemies":"Transient","floor":39,"turns":5}],"seed_played":"108225155427583762","potions_obtained":[{"floor":1,"key":"BloodPotion"},{"floor":5,"key":"Regen Potion"},{"floor":11,"key":"Poison Potion"},{"floor":13,"key":"Regen Potion"},{"floor":22,"key":"Energy Potion"},{"floor":28,"key":"Dexterity Potion"}],"is_trial":false,"path_per_floor":["M","?","$","M","M","E","R","M","T","R","M","R","M","$","R","B",null,"M","?","M","?","M","R","?","R","T","E","M","$","R","$","R","B",null,"M","?","$","M"],"character_chosen":"IRONCLAD","items_purchased":["Twin Strike","Shrug It Off","Flex","Inflame","Anger+1","Whetstone","Anger+1"],"campfire_rested":3,"item_purchase_floors":[3,3,14,29,29,31,31],"current_hp_per_floor":[80,69,69,75,77,46,46,52,52,52,36,60,58,58,58,34,80,74,74,52,52,23,47,47,71,71,53,53,53,53,53,53,10,80,43,43,43,50,0],"gold":21,"neow_bonus":"","is_prod":false,"is_daily":false,"chose_seed":false,"campfire_upgraded":5,"win_rate":0,"timestamp":1537684285,"path_taken":["M","?","$","M","?","E","R","M","T","R","M","R","M","$","R","BOSS","M","?","M","?","?","R","?","R","T","E","M","$","R","$","R","BOSS","M","?","$","M","M"],"build_version":"2018-09-20","purchased_purges":4,"victory":false,"max_hp_per_floor":[80,80,80,80,80,80,80,80,80,80,80,80,80,80,80,80,80,80,80,80,80,80,80,80,80,80,80,80,80,80,80,80,80,80,80,80,80,80,80],"card_choices":[{"not_picked":["Intimidate","Wild Strike","Havoc"],"picked":"SKIP","floor":1},{"not_picked":["Metallicize","Hemokinesis"],"picked":"Thunderclap","floor":4},{"not_picked":["Iron Wave","Seeing Red"],"picked":"Pommel Strike","floor":5},{"not_picked":["Power Through","Sever Soul"],"picked":"Sword Boomerang","floor":6},{"not_picked":["Clash","Shrug It Off","Entrench"],"picked":"SKIP","floor":8},{"not_picked":["Anger","Headbutt","Rupture"],"picked":"SKIP","floor":11},{"not_picked":["True Grit","Iron Wave","Perfected Strike"],"picked":"SKIP","floor":13},{"not_picked":["Impervious","Double Tap"],"picked":"Offering","floor":16},{"not_picked":["Perfected Strike","Sword Boomerang"],"picked":"Flex","floor":18},{"not_picked":["Wild Strike","Blood for Blood+1"],"picked":"Shrug It Off+1","floor":20},{"not_picked":["Clothesline+1","Wild Strike+1"],"picked":"Flex","floor":22},{"not_picked":["Ghostly Armor","Dual Wield","Iron Wave"],"picked":"SKIP","floor":27},{"not_picked":["Hemokinesis+1","Anger+1","Power Through"],"picked":"SKIP","floor":28},{"not_picked":["Armaments+1","True Grit","Pommel Strike+1"],"picked":"SKIP","floor":35},{"not_picked":["Metallicize","Clash+1","Warcry"],"picked":"SKIP","floor":38}],"player_experience":380365,"relics_obtained":[{"floor":6,"key":"Gremlin Horn"},{"floor":9,"key":"The Courier"},{"floor":26,"key":"Pen Nib"},{"floor":27,"key":"Molten Egg 2"},{"floor":34,"key":"Bag of Preparation"},{"floor":34,"key":"Meat on the Bone"},{"floor":34,"key":"StoneCalendar"}],"event_choices":[{"event_name":"World of Goop","player_choice":"Gather Gold","floor":2,"damage_taken":0},{"event_name":"Forgotten Altar","player_choice":"Smashed Altar","floor":19,"damage_taken":0},{"event_name":"Nest","player_choice":"Stole From Cult","floor":21,"damage_taken":0},{"event_name":"The Mausoleum","player_choice":"No","floor":24,"damage_taken":0},{"event_name":"SensoryStone","player_choice":"Memory 1","floor":36,"damage_taken":0}],"is_beta":false,"boss_relics":[{"not_picked":["Eternal Feather","Pandora\u0027s Box"],"picked":"Mark of Pain"},{"not_picked":["Black Star","Orrery"],"picked":"Calling Bell"}],"items_purged_floors":[3,14,29,37],"is_endless":false,"potions_floor_spawned":[1,5,11,13,22,28],"killed_by":"Transient","ascension_level":2}