{"gold_per_floor":[113,132,207,382,382,382,395,232,283,297,297,326,356,368,380,487,499,524,46,46,62,0,0,0,0,73,73,93,103,121,135,135,236,236,251,251,251,266,14,31,31,46,125,171,184,184,184,10,10,10],"floor_reached":50,"playtime":1549,"items_purged":["Doubt","Defend_R","Defend_R"],"score":541,"play_id":"70304642-40c5-4601-a013-ae1b5157a62b","local_time":"20190308095740","is_ascension_mode":false,"campfire_choices":[{"floor":6,"key":"REST"},{"data":"Whirlwind","floor":11,"key":"SMITH"},{"data":"Inflame","floor":15,"key":"SMITH"},{"data":"Offering","floor":23,"key":"SMITH"},{"data":"Perfected Strike","floor":27,"key":"SMITH"},{"data":"Offering","floor":32,"key":"SMITH"},{"data":"Battle Trance","floor":41,"key":"SMITH"},{"data":"Flex","floor":46,"key":"SMITH"},{"data":"PanicButton","floor":49,"key":"SMITH"}],"neow_cost":"TEN_PERCENT_HP_LOSS","seed_source_timestamp":6436287380731526,"circlet_count":0,"master_deck":["Strike_R","Strike_R","Strike_R","Strike_R","Strike_R","Bash","Battle Trance+1","Perfected Strike+1","Whirlwind+1","Inflame+1","Offering+1","Trip","Whirlwind+1","Offering+1","Flex+1","Flex+1","Writhe","PanicButton+1"],"relics":["Burning Blood","Orichalcum","Bag of Marbles","MawBank","Cursed Key","Prayer Wheel","Mercury Hourglass","Coffee Dripper","Spirit Poop","Pantograph","Paper Frog","FossilizedHelix"],"potions_floor_usage":[10,12,12,12,21,33,33,50,50,50],"damage_taken":[{"damage":7,"enemies":"Small Slimes","floor":1,"turns":4},{"damage":5,"enemies":"2 Louse","floor":2,"turns":2},{"damage":5,"enemies":"Jaw Worm","floor":7,"turns":2},{"damage":11,"enemies":"Large Slime","floor":10,"turns":4},{"damage":0,"enemies":"Gremlin Nob","floor":12,"turns":2},{"damage":4,"enemies":"3 Louse","floor":13,"turns":2},{"damage":0,"enemies":"Slime Boss","floor":16,"turns":7},{"damage":11,"enemies":"Spheric Guardian","floor":18,"turns":3},{"damage":14,"enemies":"2 Thieves","floor":21,"turns":3},{"damage":19,"enemies":"Snecko","floor":28,"turns":3},{"damage":7,"enemies":"Centurion and Healer","floor":29,"turns":2},{"damage":15,"enemies":"Snake Plant","floor":30,"turns":2},{"damage":6,"enemies":"Cultist and Chosen","floor":31,"turns":1},{"damage":32,"enemies":"Automaton","floor":33,"turns":4},{"damage":10,"enemies":"3 Darklings","floor":35,"turns":1},{"damage":30,"enemies":"3 Shapes","floor":38,"turns":1},{"damage":12,"enemies":"Sphere and 2 Shapes","floor":40,"turns":2},{"damage":6,"enemies":"3 Darklings","floor":42,"turns":1},{"damage":10,"enemies":"2 Orb Walkers","floor":44,"turns":2},{"damage":15,"enemies":"4 Shapes","floor":45,"turns":1},{"damage":56,"enemies":"Awakened One","floor":50,"turns":4}],"seed_played":"7769154335599627493","potions_obtained":[{"floor":1,"key":"FearPotion"},{"floor":2,"key":"Strength Potion"},{"floor":10,"key":"BloodPotion"},{"floor":13,"key":"Dexterity Potion"},{"floor":18,"key":"Regen Potion"},{"floor":29,"key":"GamblersBrew"},{"floor":31,"key":"SteroidPotion"},{"floor":44,"key":"Weak Potion"},{"floor":45,"key":"Weak Potion"}],"is_trial":false,"path_per_floor":["M","M","?","?","?","R","M","$","T","M","R","E","M","$","R","B",null,"M","$","?","M","?","R","?","$","T","R","M","M","M","M","R","B",null,"M","?","?","M","$","M","R","M","T","?","M","R","?","$","R","B"],"character_chosen":"IRONCLAD","items_purchased":["Whirlwind","Fire Potion","Prayer Wheel","Trip","Pantograph","SteroidPotion"],"campfire_rested":1,"item_purchase_floors":[8,8,19,19,39,48],"current_hp_per_floor":[71,72,61,61,49,70,71,71,71,66,66,72,72,72,72,72,72,67,67,54,55,55,55,77,77,77,77,64,63,54,54,54,28,77,73,73,73,49,49,43,43,43,43,39,30,30,30,30,30,0],"gold":10,"neow_bonus":"REMOVE_TWO","is_prod":false,"is_daily":false,"chose_seed":false,"campfire_upgraded":8,"win_rate":0,"timestamp":1552057060,"path_taken":["M","M","?","?","?","R","M","$","T","M","R","E","?","$","R","BOSS","M","$","?","M","?","R","?","?","T","R","M","M","M","M","R","BOSS","M","?","?","M","$","?","R","M","T","?","M","R","?","?","R","BOSS"],"build_version":"2019-01-23","purchased_purges":3,"victory":false,"max_hp_per_floor":[72,72,72,72,72,72,72,72,72,72,72,72,72,72,72,72,72,72,72,77,77,77,77,77,77,77,77,77,77,77,77,77,77,77,77,73,73,73,73,73,73,73,73,73,73,73,73,73,73,73],"card_choices":[{"not_picked":["Dropkick","Clash"],"picked":"Battle Trance","floor":1},{"not_picked":["Bloodletting","Clash"],"picked":"Perfected Strike","floor":2},{"not_picked":["Flame Barrier","Sever Soul","Havoc"],"picked":"SKIP","floor":7},{"not_picked":["Clothesline","Wild Strike","Clash"],"picked":"SKIP","floor":10},{"not_picked":["Pommel Strike","Rupture"],"picked":"Inflame","floor":12},{"not_picked":["Reaper","Cleave","Rage"],"picked":"SKIP","floor":13},{"not_picked":["Demon Form","Juggernaut"],"picked":"Offering","floor":16},{"not_picked":["Warcry+1","Heavy Blade+1","Searing Blow"],"picked":"SKIP","floor":18},{"not_picked":["Blood for Blood","Pommel Strike"],"picked":"Whirlwind+1","floor":21},{"not_picked":["Cleave","Thunderclap","Ghostly Armor"],"picked":"SKIP","floor":21},{"not_picked":["Cleave","Headbutt","Body Slam"],"picked":"SKIP","floor":28},{"not_picked":["Sword Boomerang+1","Thunderclap","Pommel Strike+1"],"picked":"SKIP","floor":28},{"not_picked":["Perfected Strike","Thunderclap"],"picked":"Offering","floor":29},{"not_picked":["Iron Wave","Perfected Strike"],"picked":"Flex+1","floor":29},{"not_picked":["Sever Soul","Carnage"],"picked":"Flex","floor":30},{"not_picked":["Entrench","Armaments","Iron Wave"],"picked":"SKIP","floor":30},{"not_picked":["Clash","True Grit","Flex"],"picked":"SKIP","floor":31},{"not_picked":["Heavy Blade","Wild Strike","Inflame"],"picked":"SKIP","floor":31},{"not_picked":["Rupture","Twin Strike","Cleave"],"picked":"SKIP","floor":35},{"not_picked":["Perfected Strike+1","Clothesline+1","Warcry"],"picked":"SKIP","floor":35},{"not_picked":["Armaments+1","Seeing Red+1","Body Slam"],"picked":"SKIP","floor":38},{"not_picked":["Wild Strike+1","Flex","Corruption+1"],"picked":"SKIP","floor":38},{"not_picked":["Limit Break","Pummel+1","Headbutt"],"picked":"SKIP","floor":40},{"not_picked":["True Grit+1","Iron Wave","Pommel Strike+1"],"picked":"SKIP","floor":40},{"not_picked":["Burning Pact","Blood for Blood+1","Whirlwind"],"picked":"SKIP","floor":42},{"not_picked":["Anger+1","Perfected Strike+1","Clothesline"],"picked":"SKIP","floor":42},{"not_picked":["Sword Boomerang+1","Feel No Pain+1","Shrug It Off+1"],"picked":"SKIP","floor":45},{"not_picked":["Havoc+1","True Grit+1","Dark Embrace"],"picked":"SKIP","floor":45},{"not_picked":["Impatience","Flash of Steel"],"picked":"PanicButton","floor":47}],"player_experience":449012,"relics_obtained":[{"floor":9,"key":"Bag of Marbles"},{"floor":12,"key":"MawBank"},{"floor":26,"key":"Mercury Hourglass"},{"floor":43,"key":"Paper Frog"},{"floor":44,"key":"FossilizedHelix"}],"event_choices":[{"damage_healed":0,"gold_gain":75,"player_choice":"Gather Gold","damage_taken":11,"max_hp_gain":0,"max_hp_loss":0,"event_name":"World of Goop","floor":3,"gold_loss":0},{"damage_healed":0,"gold_gain":175,"player_choice":"AGREE","damage_taken":0,"max_hp_gain":0,"max_hp_loss":0,"event_name":"Liars Game","floor":4,"gold_loss":0,"cards_obtained":["Doubt"]},{"damage_healed":0,"gold_gain":0,"player_choice":"Success","damage_taken":12,"relics_obtained":["Orichalcum"],"max_hp_gain":0,"max_hp_loss":0,"event_name":"Scrap Ooze","floor":5,"gold_loss":0},{"damage_healed":0,"gold_gain":0,"player_choice":"Shed Blood","damage_taken":18,"max_hp_gain":5,"max_hp_loss":0,"event_name":"Forgotten Altar","floor":20,"gold_loss":0},{"damage_healed":0,"gold_gain":0,"player_choice":"Paid Fearfully","damage_taken":0,"max_hp_gain":0,"max_hp_loss":0,"event_name":"Masked Bandits","floor":22,"gold_loss":62},{"damage_healed":25,"gold_gain":0,"player_choice":"Heal","damage_taken":0,"max_hp_gain":0,"max_hp_loss":0,"event_name":"The Library","floor":24,"gold_loss":0},{"damage_healed":0,"gold_gain":0,"player_choice":"Max HP","damage_taken":0,"max_hp_gain":0,"max_hp_loss":4,"event_name":"Winding Halls","floor":36,"gold_loss":0},{"cards_removed":["Pain"],"damage_healed":0,"gold_gain":0,"player_choice":"Offered Curse","damage_taken":0,"relics_obtained":["Spirit Poop"],"max_hp_gain":0,"max_hp_loss":0,"event_name":"Bonfire Elementals","floor":37,"gold_loss":0},{"damage_healed":0,"gold_gain":0,"player_choice":"Fight","damage_taken":0,"max_hp_gain":0,"max_hp_loss":0,"event_name":"Mysterious Sphere","floor":44,"gold_loss":0},{"damage_healed":0,"gold_gain":0,"player_choice":"Memory 1","damage_taken":0,"max_hp_gain":0,"max_hp_loss":0,"event_name":"SensoryStone","floor":47,"gold_loss":0}],"is_beta":false,"boss_relics":[{"not_picked":["Pandora\u0027s Box","Lizard Tail"],"picked":"Cursed Key"},{"not_picked":["Tiny House","White Beast Statue"],"picked":"Coffee Dripper"}],"items_purged_floors":[8,19,48],"is_endless":false,"potions_floor_spawned":[1,2,10,13,18,29,31,44,45],"killed_by":"Awakened One","ascension_level":0}