{"gold_per_floor":[116,41,56,56,11,38,61,11,11,44,61,81,81,81,81,183,183,193,208,178,194,194,194,211,221,221,181,198,198,210,241,241,241],"floor_reached":33,"playtime":1628,"items_purged":[],"score":423,"play_id":"a30bfd1b-af2d-431e-a961-633425cd6d66","local_time":"20190323160658","is_ascension_mode":true,"campfire_choices":[{"data":"Defragment","floor":13.0,"key":"SMITH"},{"data":"Loop","floor":15.0,"key":"SMITH"},{"data":"Sunder","floor":23.0,"key":"SMITH"},{"data":"Glacier","floor":29,"key":"SMITH"},{"floor":32,"key":"REST"}],"neow_cost":"NONE","seed_source_timestamp":15295963407511,"circlet_count":0,"master_deck":["Strike_B","Strike_B","Strike_B","Defend_B","Defend_B","Defend_B","Zap","Dualcast","BootSequence","Loop+1","Coolheaded","Conserve Battery","Ball Lightning","Seek","Sunder+1","Defragment+1","Electrodynamics","Go for the Eyes+1","Glacier+1","Rebound+1","Parasite","Capacitor","Coolheaded","Creative AI"],"special_seed":0,"relics":["Cracked Core","NeowsBlessing","Blue Candle","Potion Belt","Pocketwatch","Gremlin Horn","Cursed Key","Dead Branch","The Courier","Bronze Scales"],"potions_floor_usage":[25,25,31,33,33],"damage_taken":[{"damage":0.0,"enemies":"Small Slimes","floor":1.0,"turns":1.0},{"damage":0.0,"enemies":"Jaw Worm","floor":3.0,"turns":1.0},{"damage":0.0,"enemies":"Gremlin Nob","floor":6.0,"turns":1.0},{"damage":9.0,"enemies":"3 Sentries","floor":10.0,"turns":6.0},{"damage":0.0,"enemies":"2 Louse","floor":11.0,"turns":2.0},{"damage":0.0,"enemies":"Lots of Slimes","floor":12.0,"turns":3.0},{"damage":8.0,"enemies":"The Guardian","floor":16.0,"turns":8.0},{"damage":0.0,"enemies":"Chosen","floor":18.0,"turns":3.0},{"damage":0.0,"enemies":"3 Byrds","floor":19.0,"turns":1.0},{"damage":11.0,"enemies":"Snecko","floor":21.0,"turns":4.0},{"damage":8,"enemies":"Sentry and Sphere","floor":24,"turns":4},{"damage":11,"enemies":"Snake Plant","floor":25,"turns":3},{"damage":11,"enemies":"Snecko","floor":28,"turns":5},{"damage":4,"enemies":"Centurion and Healer","floor":30,"turns":6},{"damage":21,"enemies":"Slavers","floor":31,"turns":3},{"damage":37,"enemies":"Collector","floor":33,"turns":3}],"seed_played":"2279176275571093136","potions_obtained":[{"floor":3.0,"key":"Explosive Potion"},{"floor":6.0,"key":"Energy Potion"},{"floor":11.0,"key":"Fire Potion"},{"floor":16.0,"key":"SpeedPotion"},{"floor":18.0,"key":"Ancient Potion"},{"floor":19.0,"key":"Dexterity Potion"},{"floor":20.0,"key":"Regen Potion"},{"floor":20.0,"key":"Weak Potion"},{"floor":21.0,"key":"SteroidPotion"}],"is_trial":false,"path_per_floor":["M","$","M","?","$","E","T","?","T","E","M","M","R","$","R","B",null,"M","M","?","M","?","R","M","M","T","$","M","R","M","E","R","B"],"character_chosen":"DEFECT","items_purchased":["Loop","Conserve Battery","PowerPotion"],"campfire_rested":1,"item_purchase_floors":[2,5,27],"current_hp_per_floor":[68,68,68,61,61,61,61,61,61,52,52,52,52,52,52,44,67,67,67,67,56,56,56,48,46,46,46,35,35,31,10,32,0],"gold":241,"neow_bonus":"THREE_ENEMY_KILL","is_prod":false,"is_daily":false,"chose_seed":false,"campfire_upgraded":4,"win_rate":0,"timestamp":1553375218,"path_taken":["M","$","M","?","$","E","?","?","T","E","M","?","R","$","R","BOSS","M","M","?","?","?","R","M","M","T","$","M","R","?","E","R","BOSS"],"build_version":"2019-01-23","purchased_purges":0,"victory":false,"max_hp_per_floor":[75,75,75,75,75,75,75,75,75,75,75,75,75,75,75,75,75,75,75,75,75,75,75,75,75,75,75,75,75,75,75,75,75],"card_choices":[{"not_picked":["Barrage","Heatsinks"],"picked":"BootSequence","floor":1.0},{"not_picked":["Leap","Stack"],"picked":"Coolheaded","floor":3.0},{"not_picked":["FTL","Leap"],"picked":"Ball Lightning","floor":6.0},{"not_picked":["Redo","Recycle"],"picked":"Seek","floor":10.0},{"not_picked":["Turbo","Cold Snap"],"picked":"Sunder","floor":11.0},{"not_picked":["Cold Snap","Loop"],"picked":"Defragment","floor":12.0},{"not_picked":["Reboot","All For One"],"picked":"Electrodynamics","floor":16.0},{"not_picked":["Heatsinks","Darkness","Streamline"],"picked":"SKIP","floor":18.0},{"not_picked":["Compile Driver","Static Discharge"],"picked":"Go for the Eyes+1","floor":19.0},{"not_picked":["Steam","Genetic Algorithm","Steam Power"],"picked":"SKIP","floor":21.0},{"not_picked":["Leap","Sweeping Beam"],"picked":"Glacier","floor":24},{"not_picked":["Beam Cell","Go for the Eyes"],"picked":"Rebound+1","floor":25},{"not_picked":["Barrage+1","Self Repair+1"],"picked":"Capacitor","floor":28},{"not_picked":["Sweeping Beam+1","Compile Driver"],"picked":"Coolheaded","floor":30},{"not_picked":["Steam","Streamline"],"picked":"Creative AI","floor":31}],"player_experience":579387,"relics_obtained":[{"floor":6.0,"key":"Blue Candle"},{"floor":7.0,"key":"Potion Belt"},{"floor":9.0,"key":"Pocketwatch"},{"floor":10.0,"key":"Gremlin Horn"},{"floor":22.0,"key":"Dead Branch"},{"floor":26,"key":"The Courier"},{"floor":31,"key":"Bronze Scales"}],"event_choices":[{"cards_removed":["Defend_B"],"damage_healed":0.0,"max_hp_gain":0.0,"max_hp_loss":0.0,"gold_gain":0.0,"event_name":"Golden Wing","player_choice":"Card Removal","floor":4.0,"gold_loss":0.0,"damage_taken":7.0},{"cards_removed":["Strike_B"],"damage_healed":0.0,"max_hp_gain":0.0,"max_hp_loss":0.0,"gold_gain":0.0,"event_name":"The Cleric","player_choice":"Card Removal","floor":8.0,"gold_loss":50.0,"damage_taken":0.0},{"damage_healed":0.0,"max_hp_gain":0.0,"max_hp_loss":0.0,"gold_gain":0.0,"event_name":"The Woman in Blue","player_choice":"Bought 2 Potions","floor":20.0,"gold_loss":0.0,"damage_taken":0.0},{"damage_healed":0.0,"max_hp_gain":0.0,"max_hp_loss":0.0,"gold_gain":0.0,"event_name":"Wheel of Change","player_choice":"Relic","floor":22.0,"gold_loss":0.0,"damage_taken":0.0}],"is_beta":false,"boss_relics":[{"not_picked":["Runic Pyramid","Philosopher\u0027s Stone"],"picked":"Cursed Key"}],"items_purged_floors":[],"is_endless":false,"potions_floor_spawned":[3,6,11,16,18,19,21,24],"killed_by":"Collector","ascension_level":8}