{"gold_per_floor":[110,110,120,85,99,99,133,308,308,323,338,351,351,351,351,446,446,459,459,308,319,333,333,333,258,258,278,278,79,56,68,68,163,163,178,0,19,90,110,110,129,129,129,54,74,106,24,34,34,34],"floor_reached":50,"playtime":6326,"items_purged":["Writhe"],"score":576,"play_id":"01bbc511-8c74-4f55-a47c-1ada00b88ba3","local_time":"20190209095403","is_ascension_mode":false,"campfire_choices":[{"data":"Shrug It Off","floor":6,"key":"SMITH"},{"data":"Heavy Blade","floor":13,"key":"SMITH"},{"floor":15,"key":"RECALL"},{"floor":23,"key":"REST"},{"data":"Flex","floor":28,"key":"SMITH"},{"data":"Flex","floor":32,"key":"SMITH"},{"data":"Feed","floor":42,"key":"SMITH"},{"floor":49,"key":"REST"}],"neow_cost":"NONE","seed_source_timestamp":290095805087113,"circlet_count":0,"master_deck":["Strike_R","Strike_R","Strike_R","Strike_R","Strike_R","Defend_R","Defend_R","Defend_R","Bash+1","Flex+1","Flex+1","Shrug It Off+1","Carnage","Heavy Blade+1","Iron Wave","Flex+1","Feed+1","Rage+1","Rage+1","Iron Wave+1","Armaments+1","Armaments+1","Flex+1","Impervious+1","Limit Break+1","Pommel Strike+1","Iron Wave+1","Parasite","Seeing Red+1","Inflame+1","Inflame","Flex+1"],"relics":["Burning Blood","Orichalcum","Toxic Egg 2","Runic Pyramid","Red Skull","Anchor","Pen Nib","Philosopher\u0027s Stone","Red Mask","Dodecahedron","Bottled Lightning","Girya"],"potions_floor_usage":[27,33,33,39,46,50],"damage_taken":[{"damage":2,"enemies":"2 Louse","floor":1,"turns":3},{"damage":7,"enemies":"Jaw Worm","floor":3,"turns":4},{"damage":0,"enemies":"Small Slimes","floor":5,"turns":3},{"damage":53,"enemies":"Lagavulin","floor":7,"turns":10},{"damage":1,"enemies":"2 Fungi Beasts","floor":10,"turns":3},{"damage":9,"enemies":"Gremlin Gang","floor":11,"turns":5},{"damage":7,"enemies":"Blue Slaver","floor":12,"turns":3},{"damage":23,"enemies":"Slime Boss","floor":16,"turns":13},{"damage":20,"enemies":"Shell Parasite","floor":18,"turns":5},{"damage":33,"enemies":"3 Byrds","floor":21,"turns":7},{"damage":22,"enemies":"3 Cultists","floor":22,"turns":6},{"damage":9,"enemies":"Cultist and Chosen","floor":24,"turns":7},{"damage":11,"enemies":"Chosen and Byrds","floor":27,"turns":7},{"damage":0,"enemies":"Snake Plant","floor":31,"turns":4},{"damage":61,"enemies":"Collector","floor":33,"turns":11},{"damage":6,"enemies":"3 Shapes","floor":35,"turns":6},{"damage":22,"enemies":"3 Darklings","floor":37,"turns":8},{"damage":34,"enemies":"Writhing Mass","floor":39,"turns":8},{"damage":17,"enemies":"Sphere and 2 Shapes","floor":41,"turns":6},{"damage":6,"enemies":"Transient","floor":45,"turns":5},{"damage":73,"enemies":"Giant Head","floor":46,"turns":9},{"damage":16,"enemies":"Maw","floor":48,"turns":7},{"damage":76,"enemies":"Donu and Deca","floor":50,"turns":8}],"seed_played":"-3744967923708547640","potions_obtained":[{"floor":10,"key":"Swift Potion"},{"floor":12,"key":"PowerPotion"},{"floor":16,"key":"LiquidBronze"},{"floor":22,"key":"AttackPotion"},{"floor":27,"key":"EssenceOfSteel"},{"floor":37,"key":"Weak Potion"},{"floor":45,"key":"Explosive Potion"},{"floor":48,"key":"Energy Potion"}],"is_trial":false,"path_per_floor":["?","?","?","?","?","M","?","$","?","T","?"],"character_chosen":"IRONCLAD","items_purchased":["Red Skull","Pen Nib","Armaments+1","Flex+1","Inflame"],"campfire_rested":2,"item_purchase_floors":[20,29,29,30,47],"current_hp_per_floor":[88,70,69,88,88,88,41,41,41,46,43,42,42,42,42,25,88,77,77,77,53,40,69,69,69,69,67,67,67,67,76,76,25,110,113,113,97,97,72,101,93,93,93,93,93,30,30,20,56,0],"gold":34,"neow_bonus":"TEN_PERCENT_HP_BONUS","is_prod":false,"is_daily":false,"chose_seed":false,"campfire_upgraded":5,"win_rate":0,"timestamp":1549716843,"path_taken":["M","?","M","?","M","R","E","?","T","M","M","M","R","?","R","BOSS","M","?","$","?","M","R","M","?","T","M","R","?","$","M","R","BOSS","M","?","M","?","M","?","M","R","T","$","M","E","$","M","R","BOSS"],"build_version":"2019-01-23","purchased_purges":1,"victory":false,"max_hp_per_floor":[88,88,88,88,88,88,88,88,88,88,88,88,88,88,88,88,88,91,91,91,94,97,97,100,100,100,103,103,103,103,106,106,110,110,113,113,113,113,116,116,119,119,119,119,119,123,123,123,123,127],"card_choices":[{"not_picked":["Thunderclap","Body Slam"],"picked":"Flex","floor":1},{"not_picked":["Sword Boomerang","Fire Breathing"],"picked":"Flex","floor":3},{"not_picked":["Corruption","Combust"],"picked":"Shrug It Off","floor":5},{"not_picked":["Sword Boomerang","Thunderclap"],"picked":"Carnage","floor":7},{"not_picked":["Pommel Strike","Sword Boomerang"],"picked":"Heavy Blade","floor":10},{"not_picked":["Wild Strike","Flex+1"],"picked":"Iron Wave","floor":11},{"not_picked":["Uppercut","Body Slam"],"picked":"Flex+1","floor":12},{"not_picked":["Barricade","Dark Embrace"],"picked":"Feed","floor":16},{"not_picked":["Sword Boomerang","Body Slam+1","Warcry+1"],"picked":"SKIP","floor":18},{"not_picked":["Flex+1","Shrug It Off+1"],"picked":"Rage+1","floor":21},{"not_picked":["Armaments+1","Rampage+1"],"picked":"Rage+1","floor":22},{"not_picked":["Clothesline+1","Shockwave+1"],"picked":"Iron Wave+1","floor":24},{"not_picked":["Anger","Bloodletting+1"],"picked":"Armaments+1","floor":27},{"not_picked":["Warcry+1","Reckless Charge"],"picked":"Impervious+1","floor":31},{"not_picked":["Reaper","Feed"],"picked":"Limit Break+1","floor":33},{"not_picked":["Cleave","Iron Wave"],"picked":"Pommel Strike+1","floor":35},{"not_picked":["Infernal Blade+1","Rampage+1"],"picked":"Iron Wave+1","floor":37},{"not_picked":["Clothesline+1","True Grit+1","Cleave"],"picked":"SKIP","floor":39},{"not_picked":["Reckless Charge+1","Blood for Blood"],"picked":"Seeing Red+1","floor":41},{"not_picked":["Clothesline","Berserk","Uppercut+1"],"picked":"SKIP","floor":45},{"not_picked":["Clash","Twin Strike+1"],"picked":"Inflame+1","floor":46},{"not_picked":["Thunderclap+1","Iron Wave+1"],"picked":"Flex+1","floor":48}],"player_experience":129682,"relics_obtained":[{"floor":7,"key":"Orichalcum"},{"floor":9,"key":"Toxic Egg 2"},{"floor":26,"key":"Anchor"},{"floor":38,"key":"Dodecahedron"},{"floor":43,"key":"Bottled Lightning"},{"floor":46,"key":"Girya"}],"event_choices":[{"damage_healed":0,"gold_gain":0,"player_choice":"Entered Light","damage_taken":18,"max_hp_gain":0,"max_hp_loss":0,"event_name":"Shining Light","floor":2,"gold_loss":0,"cards_upgraded":["Bash","Defend_R"]},{"damage_healed":22,"gold_gain":0,"player_choice":"Healed","damage_taken":0,"max_hp_gain":0,"max_hp_loss":0,"event_name":"The Cleric","floor":4,"gold_loss":35},{"damage_healed":0,"gold_gain":175,"player_choice":"AGREE","damage_taken":0,"max_hp_gain":0,"max_hp_loss":0,"event_name":"Liars Game","floor":8,"gold_loss":0,"cards_obtained":["Doubt"]},{"damage_healed":0,"gold_gain":0,"player_choice":"Searched \u00270\u0027 times","damage_taken":0,"max_hp_gain":0,"max_hp_loss":0,"event_name":"Dead Adventurer","floor":14,"gold_loss":0},{"cards_removed":["Doubt"],"damage_healed":0,"gold_gain":0,"player_choice":"Purged","damage_taken":0,"max_hp_gain":0,"max_hp_loss":0,"event_name":"Purifier","floor":19,"gold_loss":0},{"cards_removed":["Defend_R"],"damage_healed":0,"gold_gain":0,"player_choice":"Gave Gold","damage_taken":0,"max_hp_gain":0,"max_hp_loss":0,"event_name":"Beggar","floor":25,"gold_loss":75},{"damage_healed":0,"gold_gain":0,"player_choice":"Paid","damage_taken":0,"relics_obtained":["Red Mask"],"max_hp_gain":0,"max_hp_loss":0,"event_name":"Tomb of Lord Red Mask","floor":36,"gold_loss":178},{"damage_healed":29,"gold_gain":0,"player_choice":"Writhe","damage_taken":0,"max_hp_gain":0,"max_hp_loss":0,"event_name":"Winding Halls","floor":40,"gold_loss":0,"cards_obtained":["Writhe"]}],"is_beta":false,"boss_relics":[{"not_picked":["Black Star","Orrery"],"picked":"Runic Pyramid"},{"not_picked":["Coffee Dripper","Pandora\u0027s Box"],"picked":"Philosopher\u0027s Stone"}],"items_purged_floors":[44],"is_endless":false,"potions_floor_spawned":[10,12,16,22,27,31,37,45,48],"killed_by":"Donu and Deca","ascension_level":0}