{"gold_per_floor":[210,222,239,250,264,264,275,288,288,288,102,102,132,151,151,246,246,262,42,142,158,158,158,183,201,275,275,235,255,274,274],"floor_reached":31,"playtime":6566,"items_purged":["Defend_B"],"score":313,"play_id":"74344c52-f207-461b-a947-c1a6dfec3c14","local_time":"20190325011317","is_ascension_mode":true,"campfire_choices":[{"data":"Zap","floor":6,"key":"SMITH"},{"data":"Leap","floor":10,"key":"SMITH"},{"data":"Leap","floor":12,"key":"SMITH"},{"data":"Leap","floor":15,"key":"SMITH"},{"data":"Consume","floor":23,"key":"SMITH"},{"data":"Blizzard","floor":27,"key":"SMITH"}],"neow_cost":"NONE","seed_source_timestamp":44232469534400,"circlet_count":0,"master_deck":["Strike_B","Strike_B","Strike_B","Strike_B","Defend_B","Defend_B","Defend_B","Zap+1","Dualcast","Leap+1","Glacier+1","Cold Snap","Leap+1","Leap+1","Static Discharge+1","Capacitor+1","Reinforced Body","Core Surge","Loop+1","Consume+1","Buffer+1","Blizzard+1","White Noise+1"],"relics":["Cracked Core","Frozen Egg 2","Regal Pillow","Kunai","Runic Dome","DataDisk","Unceasing Top","Pantograph","Dream Catcher","Bottled Flame"],"potions_floor_usage":[20],"damage_taken":[{"damage":6,"enemies":"2 Louse","floor":1,"turns":3},{"damage":0,"enemies":"Jaw Worm","floor":2,"turns":4},{"damage":0,"enemies":"Cultist","floor":3,"turns":4},{"damage":7,"enemies":"2 Fungi Beasts","floor":4,"turns":4},{"damage":0,"enemies":"Blue Slaver","floor":5,"turns":5},{"damage":0,"enemies":"Looter","floor":7,"turns":3},{"damage":0,"enemies":"Gremlin Gang","floor":8,"turns":6},{"damage":3,"enemies":"3 Sentries","floor":13,"turns":11},{"damage":1,"enemies":"Blue Slaver","floor":14,"turns":3},{"damage":32,"enemies":"Hexaghost","floor":16,"turns":10},{"damage":0,"enemies":"Shell Parasite","floor":18,"turns":14},{"damage":12,"enemies":"Colosseum Slavers","floor":20,"turns":4},{"damage":2,"enemies":"Colosseum Nobs","floor":20,"turns":7},{"damage":0,"enemies":"Spheric Guardian","floor":21,"turns":5},{"damage":2,"enemies":"Book of Stabbing","floor":24,"turns":5},{"damage":0,"enemies":"Centurion and Healer","floor":25,"turns":13},{"damage":0,"enemies":"3 Cultists","floor":29,"turns":8},{"damage":0,"enemies":"Cultist and Chosen","floor":30,"turns":7},{"damage":58,"enemies":"Gremlin Leader","floor":31,"turns":4}],"seed_played":"-9149397136376915636","potions_obtained":[{"floor":2,"key":"PowerPotion"},{"floor":5,"key":"AttackPotion"},{"floor":7,"key":"LiquidBronze"},{"floor":25,"key":"LiquidBronze"},{"floor":29,"key":"EssenceOfSteel"}],"is_trial":false,"path_per_floor":["?","?","?"],"character_chosen":"DEFECT","items_purchased":["Static Discharge+1","Regal Pillow","DataDisk"],"campfire_rested":0,"item_purchase_floors":[11,11,19],"current_hp_per_floor":[69,69,69,62,62,62,62,62,62,62,62,62,59,58,58,26,75,75,75,61,61,47,47,45,45,45,45,45,45,45,0],"gold":274,"neow_bonus":"HUNDRED_GOLD","is_prod":false,"is_daily":false,"chose_seed":false,"campfire_upgraded":6,"win_rate":0,"timestamp":1553490797,"path_taken":["M","M","M","M","M","R","M","M","T","R","$","R","E","M","R","BOSS","M","$","?","M","?","R","E","M","T","R","?","M","M","E"],"build_version":"2019-01-23","purchased_purges":1,"victory":false,"max_hp_per_floor":[75,75,75,75,75,75,75,75,75,75,75,75,75,75,75,75,75,75,75,75,75,80,80,80,80,80,80,80,80,80,80],"card_choices":[{"not_picked":["Barrage","Steam"],"picked":"Leap","floor":1},{"not_picked":["Gash","Coolheaded"],"picked":"Glacier","floor":2},{"not_picked":["Reprogram","Gash","Stack"],"picked":"SKIP","floor":3},{"not_picked":["Fusion","Hello World"],"picked":"Cold Snap","floor":4},{"not_picked":["Fission","Coolheaded"],"picked":"Leap","floor":5},{"not_picked":["Sweeping Beam","Gash","Cold Snap"],"picked":"SKIP","floor":7},{"not_picked":["Steam","Coolheaded"],"picked":"Leap","floor":8},{"not_picked":["Steam","Recycle"],"picked":"Capacitor+1","floor":13},{"not_picked":["Fusion","Steam"],"picked":"Reinforced Body","floor":14},{"not_picked":["Meteor Strike","Reboot"],"picked":"Core Surge","floor":16},{"not_picked":["Redo","Streamline","Gash"],"picked":"SKIP","floor":18},{"not_picked":["Beam Cell","Tempest"],"picked":"Loop+1","floor":20},{"not_picked":["Scrape","Coolheaded"],"picked":"Consume","floor":21},{"not_picked":["Conserve Battery","Barrage"],"picked":"Buffer+1","floor":24},{"not_picked":["Rebound","Redo"],"picked":"Blizzard","floor":25},{"not_picked":["Rip and Tear","Gash","Scrape"],"picked":"SKIP","floor":29},{"not_picked":["Hologram+1","Auto Shields"],"picked":"White Noise+1","floor":30}],"player_experience":264682,"relics_obtained":[{"floor":9,"key":"Frozen Egg 2"},{"floor":13,"key":"Kunai"},{"floor":20,"key":"Unceasing Top"},{"floor":20,"key":"Pantograph"},{"floor":24,"key":"Dream Catcher"},{"floor":26,"key":"Bottled Flame"}],"event_choices":[{"damage_healed":0,"gold_gain":0,"player_choice":"Fight","damage_taken":0,"max_hp_gain":0,"max_hp_loss":0,"event_name":"Colosseum","floor":20,"gold_loss":0},{"damage_healed":0,"gold_gain":0,"player_choice":"Fought Nobs","damage_taken":0,"max_hp_gain":0,"max_hp_loss":0,"event_name":"Colosseum","floor":20,"gold_loss":0},{"damage_healed":0,"gold_gain":0,"player_choice":"Shed Blood","damage_taken":19,"max_hp_gain":5,"max_hp_loss":0,"event_name":"Forgotten Altar","floor":22,"gold_loss":0},{"damage_healed":0,"gold_gain":0,"player_choice":"Upgrade","damage_taken":0,"max_hp_gain":0,"max_hp_loss":0,"event_name":"Designer","floor":28,"gold_loss":40,"cards_upgraded":["Glacier"]}],"is_beta":false,"boss_relics":[{"not_picked":["White Beast Statue","Calling Bell"],"picked":"Runic Dome"}],"items_purged_floors":[19],"is_endless":false,"potions_floor_spawned":[2,5,7,16,25,29,30],"killed_by":"Gremlin Leader","ascension_level":4}