{"gold_per_floor":[213,213,229,102,102,102,118,142,165,65,84,84,128,78,78,206,206,229,28,28,28,48,48,66,66,89,110,126,142,142,142,142,262,262,275,131,151,151,170,205,205,228,253,274,295,295],"floor_reached":46,"playtime":2292,"items_purged":["Defend_B","Defend_B","Strike_B"],"score":527,"play_id":"0dd2d026-cb2c-4ca2-8899-94e37b484593","local_time":"20180921083401","is_ascension_mode":true,"campfire_choices":[{"data":"Gash","floor":6.0,"key":"SMITH"},{"data":"Streamline","floor":15,"key":"SMITH"},{"data":"Streamline","floor":23,"key":"SMITH"},{"data":"Steam","floor":25,"key":"SMITH"},{"floor":30,"key":"REST"},{"data":"J.A.X.","floor":32,"key":"SMITH"},{"floor":41,"key":"REST"}],"neow_cost":"NONE","seed_source_timestamp":0,"circlet_count":0,"master_deck":["Defend_B+1","Defend_B","Zap+1","Dualcast","Streamline+1","Gash+1","Streamline+1","Go for the Eyes","FTL","FTL","Hologram","Scrape+1","Steam+1","Scrape","J.A.X.+1","Seek","Beam Cell+1","FTL+1"],"special_seed":0,"relics":["Cracked Core","War Paint","Golden Idol","Lantern","Dream Catcher","Empty Cage","Centennial Puzzle","Orrery","Vajra","The Courier","Art of War","Omamori"],"potions_floor_usage":[13,13,18,22,27,29,39,39,39,40,40,44,46],"damage_taken":[{"damage":8.0,"enemies":"Small Slimes","floor":1.0,"turns":4.0},{"damage":6.0,"enemies":"2 Louse","floor":3.0,"turns":3.0},{"damage":0.0,"enemies":"Cultist","floor":7.0,"turns":2.0},{"damage":9.0,"enemies":"2 Fungi Beasts","floor":8.0,"turns":2.0},{"damage":7,"enemies":"Looter","floor":11,"turns":2},{"damage":10,"enemies":"Gremlin Nob","floor":13,"turns":3},{"damage":45,"enemies":"The Guardian","floor":16,"turns":6},{"damage":32,"enemies":"2 Thieves","floor":18,"turns":3},{"damage":3,"enemies":"Chosen","floor":22,"turns":2},{"damage":8,"enemies":"Snake Plant","floor":24,"turns":3},{"damage":7,"enemies":"Shelled Parasite and Fungi","floor":27,"turns":2},{"damage":0,"enemies":"Sentry and Sphere","floor":28,"turns":3},{"damage":20,"enemies":"Snake Plant","floor":29,"turns":4},{"damage":12,"enemies":"Champ","floor":33,"turns":6},{"damage":20,"enemies":"3 Shapes","floor":35,"turns":2},{"damage":6,"enemies":"Orb Walker","floor":37,"turns":1},{"damage":16,"enemies":"4 Shapes","floor":39,"turns":3},{"damage":21,"enemies":"Giant Head","floor":40,"turns":4},{"damage":9,"enemies":"3 Darklings","floor":44,"turns":3},{"damage":12,"enemies":"Reptomancer","floor":45,"turns":3},{"damage":10,"enemies":"2 Orb Walkers","floor":46,"turns":1}],"seed_played":"1838897913167291895","potions_obtained":[{"floor":3.0,"key":"Regen Potion"},{"floor":8.0,"key":"Weak Potion"},{"floor":16,"key":"LiquidBronze"},{"floor":18,"key":"Weak Potion"},{"floor":24,"key":"Dexterity Potion"},{"floor":28,"key":"AttackPotion"},{"floor":35,"key":"Poison Potion"},{"floor":37,"key":"EntropicBrew"},{"floor":38,"key":"AttackPotion"},{"floor":38,"key":"Strength Potion"},{"floor":45,"key":"SkillPotion"}],"is_trial":false,"path_per_floor":["M","?","M","$","?","R","M","M","T","$","M","?","E","?","R","B",null,"M","$","?","?","M","R","M","R","T","M","M","M","R","?","R","B",null,"M","$","M","?","M","E","R","T","T","M","M"],"character_chosen":"DEFECT","items_purchased":["Streamline","Scrape","Vajra"],"campfire_rested":2,"item_purchase_floors":[4,19,36],"current_hp_per_floor":[67,49,43,43,43,43,43,34,34,34,27,50,49,49,49,4,69,37,37,37,60,57,57,49,49,49,42,42,22,42,42,42,30,69,49,49,43,43,27,6,26,26,26,17,5,0],"gold":295,"neow_bonus":"HUNDRED_GOLD","is_prod":false,"is_daily":false,"chose_seed":false,"campfire_upgraded":5,"win_rate":0,"timestamp":1537533241,"path_taken":["M","?","M","$","?","R","M","M","T","$","?","?","E","?","R","BOSS","M","$","?","?","M","R","M","R","T","M","M","M","R","?","R","BOSS","M","$","M","?","?","E","R","?","T","M","M","E"],"build_version":"2018-09-20","purchased_purges":3,"victory":false,"max_hp_per_floor":[75,75,75,75,69,69,69,69,69,69,69,69,69,69,69,69,69,69,69,69,69,69,69,69,69,69,69,69,69,69,69,69,69,69,69,69,69,69,69,69,69,69,69,69,69,69],"card_choices":[{"not_picked":["Stack","Tempest"],"picked":"Streamline","floor":1.0},{"not_picked":["Lockon","Scrape"],"picked":"Gash","floor":3.0},{"not_picked":["BootSequence","Tempest"],"picked":"Go for the Eyes","floor":7.0},{"not_picked":["Hologram","Coolheaded"],"picked":"FTL","floor":8.0},{"not_picked":["Coolheaded","Turbo","Double Energy"],"picked":"SKIP","floor":11},{"not_picked":["Glacier","Beam Cell"],"picked":"FTL","floor":13},{"not_picked":["Force Field","Ball Lightning"],"picked":"Hologram","floor":18},{"not_picked":["Hello World","Conserve Battery"],"picked":"Steam","floor":22},{"not_picked":["Redo+1","Hologram","Fusion+1"],"picked":"SKIP","floor":24},{"not_picked":["Barrage","Streamline","Rebound"],"picked":"SKIP","floor":27},{"not_picked":["Turbo","Conserve Battery"],"picked":"Scrape","floor":28},{"not_picked":["Lockon","Double Energy","Coolheaded"],"picked":"SKIP","floor":29},{"not_picked":["Reboot","Creative AI"],"picked":"Seek","floor":33},{"not_picked":["Rebound","Redo"],"picked":"Beam Cell+1","floor":34},{"not_picked":["Rip and Tear","Rainbow","White Noise"],"picked":"SKIP","floor":35},{"not_picked":["Redo+1","Go for the Eyes","Turbo+1"],"picked":"SKIP","floor":37},{"not_picked":["Beam Cell","Rebound+1","Doom and Gloom+1"],"picked":"SKIP","floor":39},{"not_picked":["Genetic Algorithm+1","Rebound","Defragment"],"picked":"SKIP","floor":40},{"not_picked":["Ball Lightning","Redo","Coolheaded"],"picked":"SKIP","floor":44},{"not_picked":["Stack+1","Core Surge"],"picked":"FTL+1","floor":45}],"player_experience":363064,"relics_obtained":[{"floor":9.0,"key":"Lantern"},{"floor":13,"key":"Dream Catcher"},{"floor":26,"key":"Centennial Puzzle"},{"floor":40,"key":"The Courier"},{"floor":42,"key":"Art of War"},{"floor":43,"key":"Omamori"}],"event_choices":[{"event_name":"Scrap Ooze","player_choice":"success","floor":2.0,"damage_taken":18.0},{"event_name":"Golden Idol","player_choice":"Lose Max HP","floor":5.0,"damage_taken":0.0},{"event_name":"Big Fish","player_choice":"Banana","floor":12,"damage_taken":0},{"event_name":"The Cleric","player_choice":"Card Removal","floor":14,"damage_taken":0},{"event_name":"Upgrade Shrine","player_choice":"Upgraded","floor":20,"damage_taken":0},{"event_name":"The Library","player_choice":"Heal","floor":21,"damage_taken":0},{"event_name":"Drug Dealer","player_choice":"Got JAX","floor":31,"damage_taken":0},{"event_name":"The Lab","player_choice":"Got Potions","floor":38,"damage_taken":0}],"is_beta":false,"boss_relics":[{"not_picked":["Inserter","Velvet Choker"],"picked":"Empty Cage"},{"not_picked":["Black Star","Pandora\u0027s Box"],"picked":"Orrery"}],"items_purged_floors":[4,10,19],"is_endless":false,"potions_floor_spawned":[3,8,16,18,24,28,35,37,45],"killed_by":"2 Orb Walkers","ascension_level":1}