{"gold_per_floor":[109,1,1,1,18,47,47,62,62,62,78,78],"floor_reached":12,"playtime":301,"items_purged":["Regret"],"score":90,"play_id":"8d4db0ba-e0c3-484b-b2c5-e03b66adf131","local_time":"20190325193016","is_ascension_mode":true,"campfire_choices":[{"data":"Consume","floor":7,"key":"SMITH"},{"data":"Zap","floor":10,"key":"SMITH"}],"neow_cost":"CURSE","seed_source_timestamp":7937129540101929,"circlet_count":0,"master_deck":["Strike_B","Strike_B","Strike_B","Strike_B","Defend_B","Defend_B","Defend_B","Defend_B","Zap+1","Dualcast","Rainbow+1","Consume+1","Static Discharge","Leap","Ball Lightning+1","Storm"],"relics":["Cracked Core","Molten Egg 2","The Courier"],"potions_floor_usage":[11],"damage_taken":[{"damage":7,"enemies":"2 Louse","floor":1,"turns":2},{"damage":2,"enemies":"Jaw Worm","floor":5,"turns":3},{"damage":37,"enemies":"Gremlin Nob","floor":6,"turns":4},{"damage":6,"enemies":"Cultist","floor":8,"turns":3},{"damage":16,"enemies":"Gremlin Gang","floor":11,"turns":4},{"damage":11,"enemies":"3 Louse","floor":12,"turns":1}],"seed_played":"-537640968693391503","potions_obtained":[{"floor":6,"key":"GamblersBrew"},{"floor":8,"key":"EssenceOfSteel"},{"floor":11,"key":"FocusPotion"}],"is_trial":false,"path_per_floor":["M","$","?","$","M","E","R","M","T","R","M","M"],"character_chosen":"DEFECT","items_purchased":["Static Discharge"],"campfire_rested":0,"item_purchase_floors":[2],"current_hp_per_floor":[68,68,68,68,66,29,29,23,23,23,7,0],"gold":78,"neow_bonus":"THREE_RARE_CARDS","is_prod":false,"is_daily":false,"chose_seed":false,"campfire_upgraded":2,"win_rate":0,"timestamp":1553556616,"path_taken":["M","$","?","$","M","E","R","M","T","R","M","M"],"build_version":"2019-01-23","purchased_purges":1,"victory":false,"max_hp_per_floor":[75,75,75,75,75,75,75,75,75,75,75,75],"card_choices":[{"not_picked":["Amplify","Biased Cognition"],"picked":"Rainbow","floor":0},{"not_picked":["Hologram","Leap"],"picked":"Consume","floor":1},{"not_picked":["Hologram","Turbo","Beam Cell"],"picked":"SKIP","floor":5},{"not_picked":["Turbo","Redo"],"picked":"Leap","floor":6},{"not_picked":["Darkness","Doom and Gloom+1"],"picked":"Ball Lightning+1","floor":8},{"not_picked":["Fusion","Reprogram"],"picked":"Storm","floor":11}],"player_experience":499058,"relics_obtained":[{"floor":6,"key":"Molten Egg 2"},{"floor":9,"key":"The Courier"}],"event_choices":[{"damage_healed":0,"gold_gain":0,"player_choice":"Grow","damage_taken":0,"max_hp_gain":0,"max_hp_loss":0,"event_name":"Living Wall","floor":3,"gold_loss":0,"cards_upgraded":["Rainbow"]}],"is_beta":false,"boss_relics":[],"items_purged_floors":[2],"is_endless":false,"potions_floor_spawned":[6,8,11],"killed_by":"3 Louse","ascension_level":3}