{"gold_per_floor":[111,121,121,141,157,157,169,169,192,192,192,208,173,216,216,340,340,333,333,351,376,77,97,97,120,120,120],"floor_reached":27,"playtime":2104,"items_purged":["Injury"],"score":217,"play_id":"a73dc5d0-fd05-48c3-91df-6fc5d22cb325","local_time":"20190223040536","is_ascension_mode":false,"campfire_choices":[{"data":"Redo","floor":6,"key":"SMITH"},{"data":"White Noise","floor":10,"key":"SMITH"},{"floor":15,"key":"REST"},{"floor":24,"key":"REST"}],"neow_cost":"NONE","seed_source_timestamp":644319335259157,"circlet_count":0,"master_deck":["Strike_B","Strike_B","Strike_B","Defend_B","Defend_B","Defend_B","Defend_B","Zap","Dualcast","Cold Snap","Sweeping Beam","Redo+1","White Noise+1","Capacitor","Chill+1","Rebound","Self Repair+1","Leap","Buffer","Steam","Fusion","Cold Snap"],"relics":["Cracked Core","NeowsBlessing","Golden Idol","Ancient Tea Set","Fusion Hammer","Shuriken"],"potions_floor_usage":[7,14,14,16,21,25,27],"damage_taken":[{"damage":0,"enemies":"Cultist","floor":1,"turns":1},{"damage":0,"enemies":"Jaw Worm","floor":2,"turns":1},{"damage":0,"enemies":"2 Louse","floor":4,"turns":1},{"damage":25,"enemies":"Gremlin Gang","floor":5,"turns":3},{"damage":6,"enemies":"Red Slaver","floor":7,"turns":2},{"damage":4,"enemies":"Blue Slaver","floor":12,"turns":3},{"damage":10,"enemies":"3 Sentries","floor":14,"turns":4},{"damage":47,"enemies":"Slime Boss","floor":16,"turns":13},{"damage":31,"enemies":"2 Thieves","floor":18,"turns":4},{"damage":5,"enemies":"Spheric Guardian","floor":20,"turns":4},{"damage":28,"enemies":"Shelled Parasite and Fungi","floor":21,"turns":6},{"damage":8,"enemies":"Cultist and Chosen","floor":23,"turns":7},{"damage":34,"enemies":"Chosen and Byrds","floor":25,"turns":12},{"damage":12,"enemies":"Shelled Parasite and Fungi","floor":27,"turns":1}],"seed_played":"4452293918256673902","potions_obtained":[{"floor":1,"key":"AttackPotion"},{"floor":2,"key":"Dexterity Potion"},{"floor":7,"key":"FocusPotion"},{"floor":12,"key":"Explosive Potion"},{"floor":14,"key":"Block Potion"},{"floor":23,"key":"Poison Potion"},{"floor":25,"key":"AttackPotion"}],"is_trial":false,"path_per_floor":["M","?","M","?","?","?","?","M","$"],"character_chosen":"DEFECT","items_purchased":["Leap","Buffer","Steam"],"campfire_rested":2,"item_purchase_floors":[22,22,22],"current_hp_per_floor":[75,75,75,75,50,50,44,44,44,44,44,40,58,48,70,23,75,44,44,39,11,11,13,35,11,11,0],"gold":120,"neow_bonus":"THREE_ENEMY_KILL","is_prod":false,"is_daily":false,"chose_seed":false,"campfire_upgraded":2,"win_rate":0,"timestamp":1550905536,"path_taken":["M","?","?","?","M","R","M","?","T","R","?","M","?","E","R","BOSS","M","?","M","?","?","M","R","M","T","M"],"build_version":"2019-01-23","purchased_purges":1,"victory":false,"max_hp_per_floor":[75,75,75,75,75,75,75,75,75,75,75,75,75,75,75,75,75,75,75,75,75,75,75,75,75,75,75],"card_choices":[{"not_picked":["Static Discharge","Recycle"],"picked":"Cold Snap","floor":1},{"not_picked":["Barrage","Stack"],"picked":"Sweeping Beam","floor":2},{"not_picked":["Hologram","Hello World"],"picked":"Redo","floor":4},{"not_picked":["Hologram","Chaos","Recycle"],"picked":"SKIP","floor":5},{"not_picked":["Static Discharge","Go for the Eyes"],"picked":"White Noise","floor":7},{"not_picked":["Aggregate","Recycle","Static Discharge"],"picked":"SKIP","floor":12},{"not_picked":["Doom and Gloom","Hologram"],"picked":"Capacitor","floor":14},{"not_picked":["Gash","Ball Lightning+1"],"picked":"Chill+1","floor":18},{"not_picked":["Go for the Eyes","Cold Snap"],"picked":"Rebound","floor":20},{"not_picked":["Turbo+1","Stack+1"],"picked":"Self Repair+1","floor":21},{"not_picked":["Double Energy","Storm"],"picked":"Fusion","floor":23},{"not_picked":["Stack","Sweeping Beam"],"picked":"Cold Snap","floor":25}],"player_experience":220589,"relics_obtained":[{"floor":14,"key":"Ancient Tea Set"},{"floor":26,"key":"Shuriken"}],"event_choices":[{"cards_removed":["Strike_B"],"damage_healed":0,"gold_gain":0,"player_choice":"Offered Basic","damage_taken":0,"max_hp_gain":0,"max_hp_loss":0,"event_name":"Bonfire Elementals","floor":3,"gold_loss":0},{"damage_healed":0,"gold_gain":0,"player_choice":"Take Wound","damage_taken":0,"relics_obtained":["Golden Idol"],"max_hp_gain":0,"max_hp_loss":0,"event_name":"Golden Idol","floor":8,"gold_loss":0,"cards_obtained":["Injury"]},{"damage_healed":0,"gold_gain":0,"player_choice":"Ignored","damage_taken":0,"max_hp_gain":0,"max_hp_loss":0,"event_name":"Shining Light","floor":11,"gold_loss":0},{"damage_healed":18,"gold_gain":0,"player_choice":"Healed","damage_taken":0,"max_hp_gain":0,"max_hp_loss":0,"event_name":"The Cleric","floor":13,"gold_loss":35},{"damage_healed":0,"gold_gain":0,"player_choice":"Ignored","damage_taken":0,"max_hp_gain":0,"max_hp_loss":0,"event_name":"NoteForYourself","floor":19,"gold_loss":0}],"is_beta":false,"boss_relics":[{"not_picked":["Eternal Feather","Black Star"],"picked":"Fusion Hammer"}],"items_purged_floors":[22],"is_endless":false,"potions_floor_spawned":[1,2,7,12,14,23,25],"killed_by":"Shelled Parasite and Fungi","ascension_level":0}