{"gold_per_floor":[110,110,35,54,2,33,49,49,49,69,69,147,162,180,180,311,311,327,249,282,334,334,317,317,159,236,236,254,272,293,293,293,293],"floor_reached":33,"playtime":3186,"items_purged":[],"score":247,"play_id":"3c8e4e8e-d890-40fe-8e55-c3483975ae54","local_time":"20190227090443","is_ascension_mode":false,"campfire_choices":[{"floor":8,"key":"REST"},{"floor":15,"key":"REST"},{"floor":24,"key":"REST"},{"floor":27,"key":"REST"},{"floor":32,"key":"REST"}],"neow_cost":"NONE","seed_source_timestamp":106563258066111,"circlet_count":0,"master_deck":["Strike_R","Strike_R","Strike_R","Strike_R","Strike_R","Defend_R","Defend_R","Defend_R","Defend_R","Bash+1","Shrug It Off","Rupture","Armaments","Flex","Combust+1","Armaments","Rupture+1","Iron Wave","Blood for Blood","Headbutt","Flex","Blood for Blood","Inflame+1","Armaments+1","Headbutt","Cleave+1"],"relics":["Burning Blood","Frozen Egg 2","Mummified Hand","Golden Idol","Matryoshka","Runic Cube","Red Mask","Oddly Smooth Stone","Centennial Puzzle","The Courier"],"potions_floor_usage":[6,16,16,20,29],"damage_taken":[{"damage":6,"enemies":"2 Louse","floor":1,"turns":4},{"damage":6,"enemies":"Cultist","floor":4,"turns":3},{"damage":50,"enemies":"3 Sentries","floor":6,"turns":13},{"damage":13,"enemies":"Jaw Worm","floor":7,"turns":4},{"damage":13,"enemies":"Exordium Thugs","floor":10,"turns":4},{"damage":20,"enemies":"Lagavulin Event","floor":12,"turns":5},{"damage":2,"enemies":"Blue Slaver","floor":13,"turns":5},{"damage":19,"enemies":"Gremlin Gang","floor":14,"turns":4},{"damage":27,"enemies":"The Guardian","floor":16,"turns":10},{"damage":25,"enemies":"Shell Parasite","floor":18,"turns":7},{"damage":35,"enemies":"Masked Bandits","floor":20,"turns":4},{"damage":13,"enemies":"2 Thieves","floor":23,"turns":4},{"damage":24,"enemies":"Shelled Parasite and Fungi","floor":28,"turns":5},{"damage":32,"enemies":"Cultist and Chosen","floor":29,"turns":6},{"damage":10,"enemies":"Snake Plant","floor":30,"turns":2},{"damage":73,"enemies":"Collector","floor":33,"turns":6}],"seed_played":"-7762621432507497439","potions_obtained":[{"floor":4,"key":"BloodPotion"},{"floor":10,"key":"Dexterity Potion"},{"floor":13,"key":"Strength Potion"},{"floor":18,"key":"Explosive Potion"},{"floor":28,"key":"AttackPotion"}],"is_trial":false,"path_per_floor":["?","$","M","?","?","?","T","?","$","M","?"],"character_chosen":"IRONCLAD","items_purchased":["Rupture","Flex","Blood for Blood","Blood for Blood","Inflame+1"],"campfire_rested":5,"item_purchase_floors":[3,5,19,25,25],"current_hp_per_floor":[88,88,88,88,88,52,45,71,71,64,42,28,32,19,45,24,88,69,69,40,40,40,33,59,59,59,85,67,41,37,37,63,0],"gold":293,"neow_bonus":"TEN_PERCENT_HP_BONUS","is_prod":false,"is_daily":false,"chose_seed":false,"campfire_upgraded":0,"win_rate":0,"timestamp":1551269083,"path_taken":["M","?","$","M","?","E","?","R","T","M","?","?","M","M","R","BOSS","M","$","?","?","?","M","R","?","T","R","M","M","?","?","R","BOSS"],"build_version":"2019-01-23","purchased_purges":0,"victory":false,"max_hp_per_floor":[88,88,88,88,88,88,88,88,88,88,88,88,88,88,88,88,88,88,88,88,88,88,88,88,88,88,88,88,88,88,88,88,88],"card_choices":[{"not_picked":["Pommel Strike","Wild Strike"],"picked":"Shrug It Off","floor":1},{"not_picked":["Clothesline","Fire Breathing"],"picked":"Armaments","floor":4},{"not_picked":["Limit Break","Clothesline"],"picked":"Combust","floor":6},{"not_picked":["Thunderclap","Bloodletting"],"picked":"Armaments","floor":7},{"not_picked":["True Grit","Spot Weakness"],"picked":"Rupture+1","floor":10},{"not_picked":["Warcry","Pommel Strike","True Grit"],"picked":"SKIP","floor":13},{"not_picked":["Wild Strike","Body Slam"],"picked":"Iron Wave","floor":14},{"not_picked":["Body Slam","Bloodletting","Pommel Strike"],"picked":"SKIP","floor":18},{"not_picked":["Clash","Fire Breathing+1"],"picked":"Headbutt","floor":20},{"not_picked":["Evolve+1","True Grit"],"picked":"Flex","floor":23},{"not_picked":["Anger","Whirlwind+1"],"picked":"Armaments+1","floor":28},{"not_picked":["Thunderclap","Armaments"],"picked":"Headbutt","floor":29},{"not_picked":["Clothesline","Iron Wave"],"picked":"Cleave+1","floor":30}],"player_experience":224758,"relics_obtained":[{"floor":6,"key":"Frozen Egg 2"},{"floor":9,"key":"Mummified Hand"},{"floor":12,"key":"Matryoshka"},{"floor":20,"key":"Red Mask"},{"floor":21,"key":"Oddly Smooth Stone"},{"floor":26,"key":"Centennial Puzzle"},{"floor":26,"key":"The Courier"}],"event_choices":[{"damage_healed":0,"gold_gain":0,"player_choice":"Upgraded","damage_taken":0,"max_hp_gain":0,"max_hp_loss":0,"event_name":"Upgrade Shrine","floor":2,"gold_loss":0,"cards_upgraded":["Bash"]},{"damage_healed":0,"gold_gain":0,"player_choice":"Take Damage","damage_taken":22,"relics_obtained":["Golden Idol"],"max_hp_gain":0,"max_hp_loss":0,"event_name":"Golden Idol","floor":11,"gold_loss":0},{"damage_healed":0,"gold_gain":0,"player_choice":"Searched \u00271\u0027 times","damage_taken":0,"max_hp_gain":0,"max_hp_loss":0,"event_name":"Dead Adventurer","floor":12,"gold_loss":0},{"damage_healed":0,"gold_gain":0,"player_choice":"Fought Bandits","damage_taken":0,"max_hp_gain":0,"max_hp_loss":0,"event_name":"Masked Bandits","floor":20,"gold_loss":0},{"damage_healed":0,"gold_gain":0,"player_choice":"Ignored","damage_taken":0,"max_hp_gain":0,"max_hp_loss":0,"event_name":"Ghosts","floor":22,"gold_loss":0},{"damage_healed":0,"gold_gain":0,"player_choice":"Leave","damage_taken":0,"max_hp_gain":0,"max_hp_loss":0,"event_name":"FaceTrader","floor":31,"gold_loss":0}],"is_beta":false,"boss_relics":[{"not_picked":["Black Star","Mark of Pain"],"picked":"Runic Cube"}],"items_purged_floors":[],"is_endless":false,"potions_floor_spawned":[4,10,13,18,28],"killed_by":"Collector","ascension_level":0}