{"gold_per_floor":[117,129,144,158,28,28,57,57,57,132,145,164,164],"floor_reached":13,"playtime":602,"items_purged":[],"score":104,"play_id":"73a8c2cd-73f6-425a-97ce-057963e56420","local_time":"20190330213543","is_ascension_mode":true,"campfire_choices":[{"data":"Bash","floor":6,"key":"SMITH"},{"floor":8,"key":"REST"}],"neow_cost":"CURSE","seed_source_timestamp":8376374120412284,"circlet_count":0,"master_deck":["Strike_R","Strike_R","Strike_R","Strike_R","Strike_R","Defend_R","Defend_R","Defend_R","Defend_R","Bash+1","Decay","Armaments","Entrench","True Grit","Clothesline","Rampage","Shrug It Off","Juggernaut","Sword Boomerang"],"relics":["Burning Blood","Calipers","Bird Faced Urn","Kunai"],"potions_floor_usage":[7,13],"damage_taken":[{"damage":12,"enemies":"Small Slimes","floor":1,"turns":3},{"damage":3,"enemies":"Jaw Worm","floor":2,"turns":6},{"damage":7,"enemies":"2 Louse","floor":3,"turns":4},{"damage":17,"enemies":"Blue Slaver","floor":4,"turns":6},{"damage":51,"enemies":"Lagavulin","floor":7,"turns":8},{"damage":6,"enemies":"Exordium Wildlife","floor":11,"turns":4},{"damage":19,"enemies":"Red Slaver","floor":12,"turns":7},{"damage":22,"enemies":"3 Sentries","floor":13,"turns":3}],"seed_played":"2965203998755518225","potions_obtained":[{"floor":3,"key":"SteroidPotion"},{"floor":11,"key":"SkillPotion"}],"is_trial":false,"path_per_floor":["M","M","M","M","$","R","E","R","T","?","M","M","E"],"character_chosen":"IRONCLAD","items_purchased":["Rampage","Shrug It Off"],"campfire_rested":1,"item_purchase_floors":[5,5],"current_hp_per_floor":[74,77,76,65,65,65,20,44,44,33,35,22,0],"gold":164,"neow_bonus":"ONE_RARE_RELIC","is_prod":false,"is_daily":false,"chose_seed":false,"campfire_upgraded":1,"win_rate":0,"timestamp":1553996143,"path_taken":["M","M","M","M","$","R","E","R","T","?","M","M","E"],"build_version":"2019-01-23","purchased_purges":0,"victory":false,"max_hp_per_floor":[80,80,80,80,80,80,80,80,80,80,80,80,80],"card_choices":[{"not_picked":["Havoc","Uppercut"],"picked":"Armaments","floor":1},{"not_picked":["Flex","Shrug It Off"],"picked":"Entrench","floor":2},{"not_picked":["Flex","Armaments"],"picked":"True Grit","floor":3},{"not_picked":["Sentinel","Bludgeon"],"picked":"Clothesline","floor":4},{"not_picked":["Rage","True Grit"],"picked":"Juggernaut","floor":7},{"not_picked":["Carnage","Rupture","Clash"],"picked":"SKIP","floor":11},{"not_picked":["Flex","Shockwave"],"picked":"Sword Boomerang","floor":12}],"player_experience":643015,"relics_obtained":[{"floor":7,"key":"Bird Faced Urn"},{"floor":9,"key":"Kunai"}],"event_choices":[{"damage_healed":0,"gold_gain":75,"player_choice":"Gather Gold","damage_taken":11,"max_hp_gain":0,"max_hp_loss":0,"event_name":"World of Goop","floor":10,"gold_loss":0}],"is_beta":false,"boss_relics":[],"items_purged_floors":[],"is_endless":false,"potions_floor_spawned":[3,11],"killed_by":"3 Sentries","ascension_level":4}