{"gold_per_floor":[114,126,140,158,43,74,74,100,175,194,248,248,26,36,36,140,140,151,151,165,1,1,1,17,17,17,50,66,82,182,207,207,306,306,319,319,338,338,355,371,371,136,136,183,195,195,195,222,222,222],"floor_reached":51,"playtime":5324,"items_purged":["Defend_R","Strike_R","Strike_R","Defend_R"],"score":682,"play_id":"61f8e6d4-5229-4822-82f0-6a454caca4d2","local_time":"20190401001434","is_ascension_mode":false,"campfire_choices":[{"data":"Metallicize","floor":7,"key":"SMITH"},{"data":"Cleave","floor":12,"key":"SMITH"},{"data":"Seeing Red","floor":15,"key":"SMITH"},{"data":"Juggernaut","floor":23,"key":"SMITH"},{"data":"Seeing Red","floor":25,"key":"SMITH"},{"data":"Iron Wave","floor":32,"key":"SMITH"},{"data":"Iron Wave","floor":41,"key":"SMITH"},{"data":"Good Instincts","floor":46,"key":"SMITH"},{"data":"Shrug It Off","floor":49,"key":"SMITH"}],"neow_cost":"NONE","seed_source_timestamp":241936012311028,"circlet_count":0,"master_deck":["Defend_R","Seeing Red+1","Iron Wave+1","Iron Wave+1","Metallicize+1","Cleave+1","Shrug It Off","Battle Trance","Rage","Juggernaut+1","Rampage+1","Limit Break+1","Juggernaut+1","Flame Barrier","Seeing Red+1","Carnage","Body Slam","Shrug It Off+1","Flex","Pommel Strike+1","Body Slam+1","Iron Wave+1","Shrug It Off+1","Flash of Steel","Good Instincts+1","Shrug It Off+1"],"relics":["Black Blood","Anchor","Bird Faced Urn","Bottled Tornado","Astrolabe","Ornamental Fan","Ancient Tea Set","Nunchaku","Paper Frog","Red Mask","Dodecahedron","Dead Branch","Mummified Hand","Strawberry"],"potions_floor_usage":[6,16,16,27,29,30,33,33,45,50,50,50],"damage_taken":[{"damage":1,"enemies":"Jaw Worm","floor":1,"turns":5},{"damage":0,"enemies":"Small Slimes","floor":2,"turns":4},{"damage":9,"enemies":"2 Louse","floor":3,"turns":3},{"damage":6,"enemies":"2 Fungi Beasts","floor":4,"turns":4},{"damage":10,"enemies":"3 Sentries","floor":6,"turns":13},{"damage":5,"enemies":"Gremlin Nob","floor":8,"turns":6},{"damage":0,"enemies":"Looter","floor":10,"turns":3},{"damage":0,"enemies":"Large Slime","floor":14,"turns":4},{"damage":28,"enemies":"The Guardian","floor":16,"turns":15},{"damage":7,"enemies":"2 Thieves","floor":18,"turns":3},{"damage":0,"enemies":"Shell Parasite","floor":20,"turns":4},{"damage":0,"enemies":"Snake Plant","floor":24,"turns":3},{"damage":5,"enemies":"Book of Stabbing","floor":27,"turns":5},{"damage":13,"enemies":"Centurion and Healer","floor":28,"turns":7},{"damage":0,"enemies":"Sentry and Sphere","floor":29,"turns":3},{"damage":11,"enemies":"Colosseum Slavers","floor":30,"turns":4},{"damage":8,"enemies":"Colosseum Nobs","floor":30,"turns":4},{"damage":0,"enemies":"Masked Bandits","floor":31,"turns":4},{"damage":69,"enemies":"Collector","floor":33,"turns":7},{"damage":12,"enemies":"3 Darklings","floor":35,"turns":4},{"damage":20,"enemies":"Orb Walker","floor":37,"turns":4},{"damage":14,"enemies":"Writhing Mass","floor":39,"turns":4},{"damage":19,"enemies":"Spire Growth","floor":40,"turns":4},{"damage":3,"enemies":"2 Orb Walkers","floor":44,"turns":4},{"damage":13,"enemies":"Transient","floor":45,"turns":5},{"damage":26,"enemies":"Nemesis","floor":48,"turns":5},{"damage":56,"enemies":"Time Eater","floor":50,"turns":10}],"seed_played":"4354396631759216229","potions_obtained":[{"floor":1,"key":"Block Potion"},{"floor":2,"key":"Weak Potion"},{"floor":3,"key":"Weak Potion"},{"floor":8,"key":"EssenceOfSteel"},{"floor":18,"key":"SteroidPotion"},{"floor":20,"key":"EssenceOfSteel"},{"floor":28,"key":"PowerPotion"},{"floor":29,"key":"Regen Potion"},{"floor":35,"key":"Strength Potion"},{"floor":39,"key":"Dexterity Potion"},{"floor":44,"key":"Dexterity Potion"},{"floor":48,"key":"Swift Potion"}],"is_trial":false,"path_per_floor":["M","M","M","M","$","E","R","E","T","M","?","R","$","M","R","B",null,"M","?","M","$","?","R","M","R","T","E","M","M","?","?","R","B",null,"M","?","M","?","M","M","R","$","T","?","M","R","T","E","R","B",null],"character_chosen":"IRONCLAD","items_purchased":["Metallicize","Shrug It Off","Battle Trance","Seeing Red","Good Instincts"],"campfire_rested":0,"item_purchase_floors":[5,13,13,21,42],"current_hp_per_floor":[80,80,77,77,77,73,73,74,74,80,80,80,80,80,80,58,80,79,79,80,80,80,80,80,80,80,80,75,80,80,80,80,33,80,78,78,71,71,73,70,70,70,70,80,78,78,78,73,73,33],"gold":222,"neow_bonus":"REMOVE_CARD","is_prod":false,"is_daily":false,"chose_seed":false,"campfire_upgraded":9,"win_rate":0.0,"timestamp":1554074074,"path_taken":["M","M","M","M","$","E","R","E","T","M","?","R","$","M","R","BOSS","M","?","M","$","?","R","M","R","T","E","M","M","?","?","R","BOSS","M","?","M","?","M","M","R","$","T","?","M","R","?","E","R","BOSS"],"build_version":"2019-01-23","purchased_purges":4,"victory":true,"max_hp_per_floor":[80,80,80,80,80,80,80,80,80,80,80,80,80,80,80,80,80,80,80,80,80,80,80,80,80,80,80,80,80,80,80,80,80,80,80,80,80,80,80,80,80,80,80,80,80,80,80,87,87,87],"card_choices":[{"not_picked":["Fire Breathing","Heavy Blade"],"picked":"Seeing Red","floor":1},{"not_picked":["Twin Strike","Clothesline"],"picked":"Iron Wave","floor":2},{"not_picked":["Searing Blow","Wild Strike","Sentinel"],"picked":"SKIP","floor":3},{"not_picked":["Bloodletting","Havoc"],"picked":"Iron Wave","floor":4},{"not_picked":["Sentinel","True Grit","Sever Soul"],"picked":"SKIP","floor":6},{"not_picked":["Whirlwind","Infernal Blade"],"picked":"Carnage","floor":8},{"not_picked":["Seeing Red","Carnage"],"picked":"Cleave","floor":10},{"not_picked":["Cleave","Havoc"],"picked":"Rage","floor":14},{"not_picked":["Exhume","Demon Form"],"picked":"Juggernaut","floor":16},{"not_picked":["Wild Strike+1","Intimidate+1"],"picked":"Flame Barrier","floor":18},{"not_picked":["Perfected Strike","Inflame","Wild Strike"],"picked":"SKIP","floor":20},{"not_picked":["Pummel","Wild Strike"],"picked":"Carnage","floor":24},{"not_picked":["Flex+1","Anger"],"picked":"Body Slam","floor":27},{"not_picked":["Wild Strike","Anger"],"picked":"Shrug It Off","floor":28},{"not_picked":["Hemokinesis","Anger"],"picked":"Flex","floor":29},{"not_picked":["Havoc","Shockwave+1"],"picked":"Pommel Strike+1","floor":30},{"not_picked":["Disarm","Cleave"],"picked":"Body Slam+1","floor":31},{"not_picked":["Clothesline","Body Slam"],"picked":"Iron Wave+1","floor":35},{"not_picked":["Iron Wave+1","True Grit+1"],"picked":"Shrug It Off+1","floor":37},{"not_picked":["Transmutation","Secret Weapon"],"picked":"Flash of Steel","floor":38},{"not_picked":["Body Slam","Inflame+1","Flex+1"],"picked":"SKIP","floor":39},{"not_picked":["Iron Wave+1","Bloodletting+1","Power Through"],"picked":"SKIP","floor":40},{"not_picked":["Pommel Strike","Armaments+1"],"picked":"Shrug It Off+1","floor":45},{"not_picked":["Armaments+1","Demon Form","Twin Strike"],"picked":"SKIP","floor":48}],"player_experience":141182,"relics_obtained":[{"floor":6,"key":"Anchor"},{"floor":8,"key":"Bird Faced Urn"},{"floor":9,"key":"Bottled Tornado"},{"floor":26,"key":"Ornamental Fan"},{"floor":27,"key":"Ancient Tea Set"},{"floor":30,"key":"Nunchaku"},{"floor":30,"key":"Paper Frog"},{"floor":31,"key":"Red Mask"},{"floor":43,"key":"Dodecahedron"},{"floor":44,"key":"Dead Branch"},{"floor":47,"key":"Mummified Hand"},{"floor":48,"key":"Strawberry"}],"event_choices":[{"damage_healed":0,"gold_gain":54,"player_choice":"Gained Gold","damage_taken":0,"max_hp_gain":0,"max_hp_loss":0,"event_name":"Golden Wing","floor":11,"gold_loss":0},{"cards_removed":["Strike_R"],"damage_healed":0,"gold_gain":0,"player_choice":"Elegance","damage_taken":0,"max_hp_gain":0,"max_hp_loss":0,"event_name":"Back to Basics","floor":19,"gold_loss":0},{"damage_healed":0,"gold_gain":0,"player_choice":"Fight","damage_taken":0,"max_hp_gain":0,"max_hp_loss":0,"event_name":"Colosseum","floor":30,"gold_loss":0},{"damage_healed":0,"gold_gain":0,"player_choice":"Fought Nobs","damage_taken":0,"max_hp_gain":0,"max_hp_loss":0,"event_name":"Colosseum","floor":30,"gold_loss":0},{"damage_healed":0,"gold_gain":0,"player_choice":"Fought Bandits","damage_taken":0,"max_hp_gain":0,"max_hp_loss":0,"event_name":"Masked Bandits","floor":31,"gold_loss":0},{"cards_removed":["Carnage"],"damage_healed":0,"gold_gain":0,"player_choice":"Removed Attack","damage_taken":0,"max_hp_gain":0,"max_hp_loss":0,"event_name":"Falling","floor":36,"gold_loss":0},{"damage_healed":0,"gold_gain":0,"player_choice":"Memory 1","damage_taken":0,"max_hp_gain":0,"max_hp_loss":0,"event_name":"SensoryStone","floor":38,"gold_loss":0},{"damage_healed":0,"gold_gain":0,"player_choice":"Fight","damage_taken":0,"max_hp_gain":0,"max_hp_loss":0,"event_name":"Mysterious Sphere","floor":44,"gold_loss":0}],"is_beta":false,"boss_relics":[{"not_picked":["Orrery","Ectoplasm"],"picked":"Astrolabe"},{"not_picked":["Tiny House","Philosopher\u0027s Stone"],"picked":"Black Blood"}],"items_purged_floors":[5,13,21,42],"is_endless":false,"potions_floor_spawned":[1,2,3,8,18,20,28,29,35,39,44,48],"ascension_level":0}