{"gold_per_floor":[113,63,83,8,8,8,39,52,78,78,92,109,109,121,121,121],"floor_reached":16,"playtime":543,"items_purged":["Defend_B"],"score":107,"play_id":"c653770f-9bff-42bc-a4c9-4a7ed15cf90b","local_time":"20180919155256","is_ascension_mode":true,"campfire_choices":[{"data":"Gash","floor":6,"key":"SMITH"},{"data":"Gash","floor":10,"key":"SMITH"},{"floor":15,"key":"REST"}],"neow_cost":"","seed_source_timestamp":474774808150349,"circlet_count":0,"master_deck":["Strike_B","Strike_B","Strike_B","Strike_B","Defend_B","Defend_B","Zap","Dualcast","Beam Cell","Gash+1","Regret","Gash+1","Hologram","Skim"],"relics":["Cracked Core","Oddly Smooth Stone","Pear","Bag of Marbles"],"potions_floor_usage":[7,16],"damage_taken":[{"damage":0,"enemies":"Small Slimes","floor":1,"turns":2},{"damage":6,"enemies":"Jaw Worm","floor":3,"turns":2},{"damage":30,"enemies":"3 Sentries","floor":7,"turns":6},{"damage":1,"enemies":"2 Louse","floor":8,"turns":2},{"damage":6,"enemies":"Exordium Thugs","floor":11,"turns":3},{"damage":18,"enemies":"3 Louse","floor":12,"turns":3},{"damage":12,"enemies":"2 Fungi Beasts","floor":14,"turns":2},{"damage":39,"enemies":"Hexaghost","floor":16,"turns":7}],"seed_played":"4038421478187514977","potions_obtained":[{"floor":3,"key":"Poison Potion"},{"floor":7,"key":"Poison Potion"},{"floor":8,"key":"Ancient Potion"}],"is_trial":false,"path_per_floor":["M","?","M","$","?","R","E","M","T","R","M","M","$","M","R"],"character_chosen":"DEFECT","items_purchased":[],"campfire_rested":1,"item_purchase_floors":[],"current_hp_per_floor":[75,75,69,69,69,69,49,48,48,48,42,24,24,12,37,0],"gold":121,"neow_bonus":"","is_prod":false,"is_daily":false,"chose_seed":false,"campfire_upgraded":2,"win_rate":0,"timestamp":1537386776,"path_taken":["M","?","M","?","?","R","E","M","T","R","M","M","$","?","R","BOSS"],"build_version":"2018-09-06","purchased_purges":1,"victory":false,"max_hp_per_floor":[75,75,75,75,75,75,85,85,85,85,85,85,85,85,85,85],"card_choices":[{"not_picked":["Go for the Eyes","Aggregate"],"picked":"Beam Cell","floor":1},{"not_picked":["Beam Cell","Conserve Battery"],"picked":"Gash","floor":3},{"not_picked":["Conserve Battery","Scrape"],"picked":"Gash","floor":7},{"not_picked":["Redo","Stack"],"picked":"Hologram","floor":8},{"not_picked":["Hologram","Turbo","Reinforced Body"],"picked":"SKIP","floor":11},{"not_picked":["Biased Cognition","White Noise"],"picked":"Skim","floor":12},{"not_picked":["Go for the Eyes","Barrage","Defragment"],"picked":"SKIP","floor":14}],"player_experience":362521,"relics_obtained":[{"floor":7,"key":"Pear"},{"floor":9,"key":"Bag of Marbles"}],"event_choices":[{"event_name":"The Cleric","player_choice":"Card Removal","floor":2,"damage_taken":0},{"event_name":"Big Fish","player_choice":"Box","floor":5,"damage_taken":0}],"is_beta":false,"boss_relics":[],"items_purged_floors":[4],"is_endless":false,"potions_floor_spawned":[3,7,8],"killed_by":"Hexaghost","ascension_level":1}