{"gold_per_floor":[111,111,39,59,77,77,93,93,167,117,117,137,155,167,167,263,263,274,189,208,86,104,104,130,130,130,130],"floor_reached":27,"playtime":1412,"items_purged":["Strike_B"],"score":225,"play_id":"3d90e938-2a0a-4e98-aac8-b6c0cd84a771","local_time":"20180704225609","is_ascension_mode":false,"campfire_choices":[{"data":"FTL","floor":6.0,"key":"SMITH"},{"data":"Sweeping Beam","floor":8,"key":"SMITH"},{"floor":11,"key":"REST"},{"floor":15,"key":"REST"},{"floor":23,"key":"REST"},{"floor":25,"key":"REST"}],"neow_cost":"","seed_source_timestamp":0,"circlet_count":0,"master_deck":["Strike_B","Strike_B","Defend_B","Zap","Dualcast","Gash","FTL+1","Sweeping Beam+1","Beam Cell","Ball Lightning","Rip and Tear","Doom and Gloom","Beam Cell","Fission","Streamline+1","Auto Shields+1","Double Energy+1","Go for the Eyes","Rebound","Sweeping Beam","Rebound","Defragment"],"special_seed":0,"relics":["Cracked Core","Lantern","Oddly Smooth Stone","Bottled Lightning","Astrolabe","Mummified Hand","Ancient Tea Set","Frozen Egg 2"],"potions_floor_usage":[16,16,16],"damage_taken":[{"damage":1.0,"enemies":"Jaw Worm","floor":1.0,"turns":2.0},{"damage":0.0,"enemies":"Small Slimes","floor":4.0,"turns":3.0},{"damage":0.0,"enemies":"Cultist","floor":5.0,"turns":3.0},{"damage":6,"enemies":"2 Fungi Beasts","floor":7,"turns":2},{"damage":13,"enemies":"Blue Slaver","floor":12,"turns":3},{"damage":16,"enemies":"Exordium Wildlife","floor":13,"turns":2},{"damage":0,"enemies":"Large Slime","floor":14,"turns":3},{"damage":20,"enemies":"Hexaghost","floor":16,"turns":7},{"damage":10,"enemies":"3 Byrds","floor":18,"turns":3},{"damage":14,"enemies":"Shell Parasite","floor":20,"turns":4},{"damage":30,"enemies":"Snake Plant","floor":22,"turns":4},{"damage":27,"enemies":"Book of Stabbing","floor":24,"turns":4},{"damage":41,"enemies":"Centurion and Healer","floor":27,"turns":3}],"seed_played":"-4046499178749763298","potions_obtained":[{"floor":4.0,"key":"FearPotion"},{"floor":7,"key":"FearPotion"},{"floor":14,"key":"Block Potion"},{"floor":18,"key":"SpeedPotion"},{"floor":22,"key":"SteroidPotion"}],"is_trial":false,"path_per_floor":["M","?","$","M","M","R","M","R","T","?","R","M","M","M","R","B",null,"M","?","M","$","M","R","E","R","T"],"character_chosen":"DEFECT","items_purchased":["FTL","Sweeping Beam"],"campfire_rested":4,"item_purchase_floors":[],"current_hp_per_floor":[74,49,49,49,49,49,43,43,43,43,65,52,36,36,58,38,75,65,65,51,51,21,43,16,38,38,0],"gold":130,"neow_bonus":"","is_prod":false,"is_daily":false,"chose_seed":false,"campfire_upgraded":2,"win_rate":0.0,"timestamp":1530759369,"path_taken":["M","?","?","M","M","R","M","R","T","?","R","M","M","?","R","BOSS","M","?","?","$","?","R","E","R","T","M"],"build_version":"2018-06-28","purchased_purges":1,"victory":false,"max_hp_per_floor":[75,75,75,75,75,75,75,75,75,75,75,75,75,75,75,75,75,75,75,75,75,75,75,75,75,75,75],"card_choices":[{"not_picked":["Cold Snap","Aggregate"],"picked":"Gash","floor":1.0},{"not_picked":["Hello World","Coolheaded"],"picked":"Sweeping Beam","floor":4.0},{"not_picked":["Capacitor","Leap"],"picked":"Beam Cell","floor":5.0},{"not_picked":["Darkness","Barrage"],"picked":"Ball Lightning","floor":7},{"not_picked":["Chill","Tempest"],"picked":"Rip and Tear","floor":12},{"not_picked":["Rebound","Stack"],"picked":"Doom and Gloom","floor":13},{"not_picked":["Cold Snap","Coolheaded"],"picked":"Beam Cell","floor":14},{"not_picked":["Creative AI","Echo Form"],"picked":"Fission","floor":16},{"not_picked":["Reprogram","Steam"],"picked":"Go for the Eyes","floor":18},{"not_picked":["Hologram","Reinforced Body"],"picked":"Rebound","floor":20},{"not_picked":["Redo+1","Defragment"],"picked":"Rebound","floor":22},{"not_picked":["Steam Power","Static Discharge"],"picked":"Defragment","floor":24}],"player_experience":16652,"relics_obtained":[{"floor":9,"key":"Bottled Lightning"},{"floor":24,"key":"Ancient Tea Set"},{"floor":26,"key":"Frozen Egg 2"}],"event_choices":[{"event_name":"Scrap Ooze","player_choice":"success","floor":2.0,"damage_taken":25.0},{"event_name":"The Cleric","player_choice":"Card Removal","floor":10,"damage_taken":0},{"event_name":"Addict","player_choice":"Obtained Relic","floor":19,"damage_taken":0}],"boss_relics":[{"not_picked":["Philosopher\u0027s Stone","Runic Dome"],"picked":"Astrolabe"}],"items_purged_floors":[21],"is_endless":false,"potions_floor_spawned":[4,7,14,18,22],"killed_by":"Centurion and Healer","ascension_level":0}