{"gold_per_floor":[116,116,116,163,13,46,46,46,71,71,71,102,102,114,114,114],"floor_reached":16,"playtime":370,"items_purged":["Regret"],"score":109,"play_id":"3c567c91-dbac-4fbb-8cf5-29cefa687fff","local_time":"20180919151830","is_ascension_mode":true,"campfire_choices":[{"floor":7,"key":"REST"},{"floor":10,"key":"REST"},{"floor":13,"key":"REST"},{"data":"Echo Form","floor":15,"key":"SMITH"}],"neow_cost":"NONE","seed_source_timestamp":472881071425316,"circlet_count":0,"master_deck":["Strike_B+1","Strike_B","Strike_B","Strike_B","Defend_B","Defend_B","Defend_B","Zap","Dualcast+1","Echo Form+1","Gash","Hologram","Go for the Eyes","Melter"],"relics":["Cracked Core","Juzu Bracelet","Bag of Preparation","PreservedInsect","Centennial Puzzle","Toxic Egg 2"],"potions_floor_usage":[16,16],"damage_taken":[{"damage":0,"enemies":"Small Slimes","floor":1,"turns":3},{"damage":43,"enemies":"Gremlin Nob","floor":6,"turns":5},{"damage":22,"enemies":"3 Sentries","floor":12,"turns":5},{"damage":11,"enemies":"Jaw Worm","floor":14,"turns":2},{"damage":43,"enemies":"Hexaghost","floor":16,"turns":9}],"seed_played":"2760046914634607157","potions_obtained":[{"floor":1,"key":"SpeedPotion"},{"floor":6,"key":"SpeedPotion"}],"is_trial":false,"path_per_floor":["M","?","?","T","$","E","R","$","T","R","?","E","R","M","R"],"character_chosen":"DEFECT","items_purchased":["Gash","Hologram"],"campfire_rested":3,"item_purchase_floors":[5,5],"current_hp_per_floor":[75,75,60,60,60,17,39,39,39,61,54,32,54,43,43,0],"gold":114,"neow_bonus":"ONE_RANDOM_RARE_CARD","is_prod":false,"is_daily":false,"chose_seed":false,"campfire_upgraded":1,"win_rate":0,"timestamp":1537384710,"path_taken":["M","?","?","?","$","E","R","$","T","R","?","E","R","M","R","BOSS"],"build_version":"2018-09-06","purchased_purges":1,"victory":false,"max_hp_per_floor":[75,75,75,75,75,75,75,75,75,75,75,75,75,75,75,75],"card_choices":[{"not_picked":["Genetic Algorithm","Darkness","Steam"],"picked":"SKIP","floor":1},{"not_picked":["Hello World","Coolheaded","Heatsinks"],"picked":"SKIP","floor":6},{"not_picked":["Sweeping Beam","Leap"],"picked":"Go for the Eyes","floor":12},{"not_picked":["Chill+1","Darkness+1"],"picked":"Melter","floor":14}],"player_experience":360665,"relics_obtained":[{"floor":4,"key":"Bag of Preparation"},{"floor":6,"key":"PreservedInsect"},{"floor":9,"key":"Centennial Puzzle"},{"floor":12,"key":"Toxic Egg 2"}],"event_choices":[{"event_name":"Big Fish","player_choice":"Box","floor":2,"damage_taken":0},{"event_name":"Shining Light","player_choice":"Entered Light","floor":3,"damage_taken":0},{"event_name":"Golden Wing","player_choice":"Card Removal","floor":11,"damage_taken":0}],"is_beta":false,"boss_relics":[],"items_purged_floors":[5],"is_endless":false,"potions_floor_spawned":[1,6],"killed_by":"Hexaghost","ascension_level":1}