{"gold_per_floor":[119,134,59,59,73,108,8,8,33,52,52,66,66,83,83,83],"floor_reached":16,"playtime":536,"items_purged":["Defend_R","Defend_R"],"score":102,"play_id":"5063b40c-0ae9-48f3-b8b7-d772452de905","local_time":"20180720125742","is_ascension_mode":false,"campfire_choices":[{"data":"Thunderclap","floor":8,"key":"SMITH"},{"floor":13,"key":"REST"},{"data":"Combust","floor":15,"key":"SMITH"}],"neow_cost":"NONE","seed_source_timestamp":795148337129540,"circlet_count":0,"master_deck":["Strike_R","Strike_R","Strike_R","Strike_R","Strike_R","Defend_R","Defend_R","Bash+1","Combust+1","Battle Trance","Thunderclap+1","Battle Trance","Injury","Combust+1"],"relics":["Burning Blood","Bronze Scales","Potion Belt"],"potions_floor_usage":[14,16],"damage_taken":[{"damage":13,"enemies":"Jaw Worm","floor":1,"turns":4},{"damage":8,"enemies":"Cultist","floor":2,"turns":4},{"damage":8,"enemies":"Small Slimes","floor":5,"turns":3},{"damage":17,"enemies":"3 Sentries","floor":6,"turns":4},{"damage":21,"enemies":"Blue Slaver","floor":10,"turns":3},{"damage":13,"enemies":"Red Slaver","floor":12,"turns":2},{"damage":5,"enemies":"Looter","floor":14,"turns":3},{"damage":62,"enemies":"The Guardian","floor":16,"turns":9}],"seed_played":"2233117881672602713","potions_obtained":[{"floor":10,"key":"GamblersBrew"},{"floor":12,"key":"SpeedPotion"}],"is_trial":false,"path_per_floor":["M","M","$","?","M","E","$","R","T","M","?","M","R","M","R"],"character_chosen":"IRONCLAD","items_purchased":[],"campfire_rested":1,"item_purchase_floors":[],"current_hp_per_floor":[73,71,71,71,69,58,58,58,58,43,43,36,60,61,61,0],"gold":83,"neow_bonus":"THREE_CARDS","is_prod":false,"is_daily":false,"chose_seed":false,"campfire_upgraded":2,"win_rate":0,"timestamp":1532105862,"path_taken":["M","M","$","?","?","E","?","R","T","?","?","M","R","M","R","BOSS"],"build_version":"2018-07-19v2","purchased_purges":2,"victory":false,"max_hp_per_floor":[80,80,80,80,80,80,80,80,80,80,80,80,80,80,80,80],"card_choices":[{"not_picked":["Feel No Pain","Fire Breathing"],"picked":"Combust","floor":0},{"not_picked":["Sword Boomerang","Ghostly Armor"],"picked":"Battle Trance","floor":1},{"not_picked":["Anger","True Grit","Twin Strike"],"picked":"SKIP","floor":2},{"not_picked":["Anger","Carnage"],"picked":"Thunderclap","floor":5},{"not_picked":["Clothesline","Cleave"],"picked":"Battle Trance","floor":6},{"not_picked":["Sword Boomerang","Warcry","Headbutt"],"picked":"SKIP","floor":10},{"not_picked":["Heavy Blade","Pommel Strike","Barricade"],"picked":"SKIP","floor":12},{"not_picked":["Wild Strike","Havoc"],"picked":"Combust","floor":14}],"player_experience":265438,"relics_obtained":[{"floor":6,"key":"Bronze Scales"},{"floor":9,"key":"Potion Belt"}],"event_choices":[{"event_name":"Upgrade Shrine","player_choice":"Upgraded","floor":4,"damage_taken":0},{"event_name":"Accursed Blacksmith","player_choice":"Forge","floor":11,"damage_taken":0}],"is_beta":false,"boss_relics":[],"items_purged_floors":[3,7],"is_endless":false,"potions_floor_spawned":[10,12],"killed_by":"The Guardian","ascension_level":0}