{"gold_per_floor":[114,189,189,189,117,152,172,172,172,172,18,18,18,36,36,36],"floor_reached":16,"playtime":796,"items_purged":[],"score":121,"play_id":"ba169c2d-feeb-4c3a-91c4-8ab038250071","local_time":"20190320222442","is_ascension_mode":false,"campfire_choices":[{"data":"Well Laid Plans","floor":8,"key":"SMITH"},{"data":"Footwork","floor":10,"key":"SMITH"},{"data":"Survivor","floor":12,"key":"SMITH"},{"floor":15,"key":"REST"}],"neow_cost":"NONE","seed_source_timestamp":53963470231161,"circlet_count":0,"master_deck":["Defend_G","Defend_G","Defend_G","Defend_G","Defend_G","Strike_G","Strike_G","Strike_G","Strike_G","Strike_G","Survivor+1","Neutralize+1","Well Laid Plans+1","Footwork+1"],"relics":["Ring of the Snake","NeowsBlessing","Bird Faced Urn","Ancient Tea Set","Dream Catcher"],"potions_floor_usage":[16,16],"damage_taken":[{"damage":0,"enemies":"2 Louse","floor":1,"turns":1},{"damage":0,"enemies":"Lagavulin","floor":6,"turns":1},{"damage":0,"enemies":"Small Slimes","floor":7,"turns":1},{"damage":3,"enemies":"Jaw Worm","floor":14,"turns":4},{"damage":74,"enemies":"Hexaghost","floor":16,"turns":20}],"seed_played":"-1859404438053298990","potions_obtained":[{"floor":6,"key":"PowerPotion"},{"floor":14,"key":"Weak Potion"}],"is_trial":false,"path_per_floor":["?","?","?","$","M","$"],"character_chosen":"THE_SILENT","items_purchased":["Well Laid Plans","Dream Catcher"],"campfire_rested":1,"item_purchase_floors":[5,11],"current_hp_per_floor":[70,59,59,59,59,59,59,59,59,59,59,59,59,60,70,0],"gold":36,"neow_bonus":"THREE_ENEMY_KILL","is_prod":false,"is_daily":false,"chose_seed":false,"campfire_upgraded":3,"win_rate":0,"timestamp":1553131482,"path_taken":["M","?","?","?","?","E","?","R","T","R","$","R","?","M","R","BOSS"],"build_version":"2019-01-23","purchased_purges":0,"victory":false,"max_hp_per_floor":[70,70,70,70,70,70,70,70,70,70,70,70,70,70,70,70],"card_choices":[{"not_picked":["Acrobatics","Dagger Throw","Prepared"],"picked":"SKIP","floor":1},{"not_picked":["Wraith Form v2","Prepared","Deadly Poison"],"picked":"SKIP","floor":6},{"not_picked":["Heel Hook","Expertise"],"picked":"Footwork","floor":7},{"not_picked":["Deadly Poison","Quick Slash","Escape Plan"],"picked":"SKIP","floor":14}],"player_experience":382557,"relics_obtained":[{"floor":6,"key":"Bird Faced Urn"},{"floor":9,"key":"Ancient Tea Set"}],"event_choices":[{"damage_healed":0,"gold_gain":75,"player_choice":"Gather Gold","damage_taken":11,"max_hp_gain":0,"max_hp_loss":0,"event_name":"World of Goop","floor":2,"gold_loss":0},{"damage_healed":0,"gold_gain":0,"player_choice":"Grow","damage_taken":0,"max_hp_gain":0,"max_hp_loss":0,"event_name":"Living Wall","floor":3,"gold_loss":0,"cards_upgraded":["Neutralize"]},{"damage_healed":0,"gold_gain":0,"player_choice":"Ignored","damage_taken":0,"max_hp_gain":0,"max_hp_loss":0,"event_name":"Golden Wing","floor":4,"gold_loss":0}],"is_beta":false,"boss_relics":[],"items_purged_floors":[],"is_endless":false,"potions_floor_spawned":[6,14],"killed_by":"Hexaghost","ascension_level":0}