{"gold_per_floor":[209,209,209,155,155,155,155,155,237,237,252,262,262,349,361,476,488,519,531,563,575,587,599,624,636,648,660,280,290,93,93,93,93],"floor_reached":33,"playtime":2014,"items_purged":[],"score":254,"play_id":"4616dad2-cdd9-438d-b56e-4a09d6ca8013","local_time":"20190313111501","is_ascension_mode":false,"campfire_choices":[{"data":"Body Slam","floor":6,"key":"SMITH"},{"data":"Shrug It Off","floor":8,"key":"SMITH"},{"data":"Cleave","floor":15,"key":"SMITH"},{"floor":23,"key":"REST"},{"data":"Body Slam","floor":25,"key":"SMITH"},{"data":"Headbutt","floor":27,"key":"SMITH"},{"floor":32,"key":"RECALL"}],"neow_cost":"NONE","seed_source_timestamp":991445076287861,"circlet_count":0,"master_deck":["Strike_R","Strike_R","Strike_R","Strike_R","Defend_R","Defend_R","Defend_R","Defend_R","Bash+1","Body Slam+1","Shrug It Off+1","Headbutt+1","Cleave+1","Body Slam+1","Shrug It Off"],"relics":["Burning Blood","Pantograph","MawBank","Busted Crown","StoneCalendar","Pear","Thread and Needle","Blood Vial"],"potions_floor_usage":[16,29,33],"damage_taken":[{"damage":9,"enemies":"Jaw Worm","floor":1,"turns":4},{"damage":0,"enemies":"Small Slimes","floor":11,"turns":4},{"damage":0,"enemies":"Cultist","floor":12,"turns":3},{"damage":71,"enemies":"Slime Boss","floor":16,"turns":15},{"damage":19,"enemies":"2 Thieves","floor":18,"turns":4},{"damage":13,"enemies":"3 Byrds","floor":20,"turns":7},{"damage":10,"enemies":"Centurion and Healer","floor":24,"turns":7},{"damage":17,"enemies":"Snake Plant","floor":29,"turns":7},{"damage":107,"enemies":"Champ","floor":33,"turns":12}],"seed_played":"-3409527907165966963","potions_obtained":[{"floor":11,"key":"FearPotion"},{"floor":12,"key":"GamblersBrew"}],"is_trial":false,"path_per_floor":["?","?","$","?","M","?","?","T","?","?","M","$","?"],"character_chosen":"IRONCLAD","items_purchased":["Shrug It Off","Thread and Needle","EssenceOfSteel","Shrug It Off","Blood Vial"],"campfire_rested":1,"item_purchase_floors":[4,28,28,30,30],"current_hp_per_floor":[77,77,82,82,82,82,82,82,82,82,85,85,82,74,74,20,85,72,72,65,49,49,76,72,72,82,82,82,71,71,71,71,0],"gold":93,"neow_bonus":"HUNDRED_GOLD","is_prod":false,"is_daily":false,"chose_seed":false,"campfire_upgraded":5,"win_rate":0,"timestamp":1552486501,"path_taken":["M","?","?","?","$","R","?","R","T","$","?","M","?","?","R","BOSS","M","?","M","?","?","R","M","R","T","R","$","?","?","?","R","BOSS"],"build_version":"2019-01-23","purchased_purges":0,"victory":false,"max_hp_per_floor":[80,80,85,85,85,85,85,85,85,85,85,85,85,85,85,85,85,85,85,85,90,90,90,90,90,100,100,100,100,100,100,100,100],"card_choices":[{"not_picked":["Iron Wave","Fire Breathing"],"picked":"Body Slam","floor":1},{"not_picked":["Armaments","Wild Strike"],"picked":"Headbutt","floor":11},{"not_picked":["Pommel Strike","Warcry"],"picked":"Cleave","floor":12},{"not_picked":["Seeing Red"],"picked":"SKIP","floor":18},{"not_picked":["Havoc+1"],"picked":"SKIP","floor":20},{"not_picked":[],"picked":"Body Slam","floor":24},{"not_picked":["Heavy Blade"],"picked":"SKIP","floor":29}],"player_experience":302944,"relics_obtained":[{"floor":9,"key":"Pantograph"},{"floor":19,"key":"StoneCalendar"},{"floor":26,"key":"Pear"}],"event_choices":[{"damage_healed":0,"gold_gain":0,"player_choice":"Ignored","damage_taken":0,"max_hp_gain":0,"max_hp_loss":0,"event_name":"Liars Game","floor":2,"gold_loss":0},{"damage_healed":0,"gold_gain":0,"player_choice":"Donut","damage_taken":0,"max_hp_gain":5,"max_hp_loss":0,"event_name":"Big Fish","floor":3,"gold_loss":0},{"damage_healed":0,"gold_gain":0,"player_choice":"Forge","damage_taken":0,"max_hp_gain":0,"max_hp_loss":0,"event_name":"Accursed Blacksmith","floor":7,"gold_loss":0,"cards_upgraded":["Bash"]},{"damage_healed":0,"gold_gain":0,"player_choice":"Success","damage_taken":3,"relics_obtained":["MawBank"],"max_hp_gain":0,"max_hp_loss":0,"event_name":"Scrap Ooze","floor":13,"gold_loss":0},{"damage_healed":0,"gold_gain":75,"player_choice":"Touch","damage_taken":8,"max_hp_gain":0,"max_hp_loss":0,"event_name":"FaceTrader","floor":14,"gold_loss":0},{"damage_healed":0,"gold_gain":0,"player_choice":"Shed Blood","damage_taken":21,"max_hp_gain":5,"max_hp_loss":0,"event_name":"Forgotten Altar","floor":21,"gold_loss":0},{"damage_healed":0,"gold_gain":0,"player_choice":"Ignored","damage_taken":0,"max_hp_gain":0,"max_hp_loss":0,"event_name":"Vampires","floor":22,"gold_loss":0},{"cards_removed":["Strike_R"],"damage_healed":0,"gold_gain":0,"player_choice":"Card Removal","damage_taken":0,"max_hp_gain":0,"max_hp_loss":0,"event_name":"Wheel of Change","floor":31,"gold_loss":0}],"is_beta":false,"boss_relics":[{"not_picked":["Tiny House","Coffee Dripper"],"picked":"Busted Crown"}],"items_purged_floors":[],"is_endless":false,"potions_floor_spawned":[11,12],"killed_by":"Champ","ascension_level":0}