{"gold_per_floor":[109,109,123,123,137,167,167,186,241,241,241,270,282,293,293,293],"floor_reached":16,"playtime":391,"items_purged":[],"score":112,"play_id":"f056281d-4a7c-44da-9d91-24baa5af5e1e","local_time":"20180709231126","is_ascension_mode":false,"campfire_choices":[{"data":"Dualcast","floor":7,"key":"SMITH"},{"data":"Strike_B","floor":10,"key":"SMITH"},{"data":"FTL","floor":15,"key":"SMITH"}],"neow_cost":"NONE","seed_source_timestamp":1631998744886418,"circlet_count":0,"master_deck":["Strike_B","Strike_B+1","Strike_B","Strike_B","Defend_B","Defend_B","Defend_B","Defend_B","Zap+1","Dualcast+1","Streamline+1","FTL+1"],"relics":["Cracked Core","Dream Catcher","Gremlin Horn","Ancient Tea Set","Pen Nib","Meat on the Bone"],"potions_floor_usage":[12,12,16],"damage_taken":[{"damage":0,"enemies":"2 Louse","floor":1,"turns":2},{"damage":0,"enemies":"Cultist","floor":3,"turns":2},{"damage":0,"enemies":"Small Slimes","floor":5,"turns":2},{"damage":14,"enemies":"3 Sentries","floor":6,"turns":6},{"damage":12,"enemies":"Blue Slaver","floor":8,"turns":3},{"damage":16,"enemies":"Lagavulin","floor":12,"turns":4},{"damage":7,"enemies":"Exordium Thugs","floor":13,"turns":3},{"damage":8,"enemies":"Red Slaver","floor":14,"turns":3},{"damage":45,"enemies":"The Guardian","floor":16,"turns":8}],"seed_played":"4131793697440013159","potions_obtained":[{"floor":6,"key":"Energy Potion"},{"floor":8,"key":"Poison Potion"},{"floor":13,"key":"Ancient Potion"},{"floor":14,"key":"Poison Potion"}],"is_trial":false,"path_per_floor":["M","?","M","?","M","E","R","M","T","R","?","E","M","M","R"],"character_chosen":"DEFECT","items_purchased":[],"campfire_rested":0,"item_purchase_floors":[],"current_hp_per_floor":[75,75,75,75,75,61,61,49,49,49,49,33,38,42,42,0],"gold":293,"neow_bonus":"RANDOM_COMMON_RELIC","is_prod":false,"is_daily":false,"chose_seed":false,"campfire_upgraded":3,"win_rate":0.0,"timestamp":1531192286,"path_taken":["M","?","M","?","?","E","R","M","T","R","?","E","M","M","R","BOSS"],"build_version":"2018-07-05","purchased_purges":0,"victory":false,"max_hp_per_floor":[75,75,75,75,75,75,75,75,75,75,75,75,75,75,75,75],"card_choices":[{"not_picked":["Leap","Coolheaded"],"picked":"Streamline","floor":1},{"not_picked":["Turbo","Go for the Eyes","Stack"],"picked":"SKIP","floor":3},{"not_picked":["Steam Power","Self Repair","Conserve Battery"],"picked":"SKIP","floor":5},{"not_picked":["Auto Shields","Cold Snap","Sweeping Beam"],"picked":"SKIP","floor":6},{"not_picked":["Cold Snap","Consume","White Noise"],"picked":"SKIP","floor":8},{"not_picked":["Sweeping Beam","Turbo"],"picked":"FTL","floor":12},{"not_picked":["Hello World","Turbo","Conserve Battery"],"picked":"SKIP","floor":13},{"not_picked":["Force Field","Turbo","Conserve Battery"],"picked":"SKIP","floor":14}],"player_experience":166367,"relics_obtained":[{"floor":6,"key":"Gremlin Horn"},{"floor":9,"key":"Ancient Tea Set"},{"floor":12,"key":"Meat on the Bone"}],"event_choices":[{"event_name":"Upgrade Shrine","player_choice":"Upgraded","floor":2,"damage_taken":0},{"event_name":"Accursed Blacksmith","player_choice":"Forge","floor":4,"damage_taken":0},{"event_name":"Dead Adventurer","player_choice":"Searched \u00271\u0027 times","floor":11,"damage_taken":0}],"boss_relics":[],"items_purged_floors":[],"is_endless":false,"potions_floor_spawned":[6,8,13,14],"killed_by":"The Guardian","ascension_level":0}