{"gold_per_floor":[114,131,131,56,71,71,86,86,86,86,105,117,68,68,68,164,164,180,105],"floor_reached":19,"playtime":546,"items_purged":["Dualcast"],"score":177,"play_id":"da1b193b-8ca4-478f-8c89-7481dec568d3","local_time":"20180921120313","is_ascension_mode":true,"campfire_choices":[{"data":"Auto Shields","floor":6,"key":"SMITH"},{"data":"Strike_B","floor":8,"key":"SMITH"},{"data":"Skim","floor":15,"key":"SMITH"}],"neow_cost":"NONE","seed_source_timestamp":3296742732478,"circlet_count":0,"master_deck":["Strike_B","Strike_B+1","Strike_B","Strike_B","Defend_B","Defend_B","Defend_B","Defend_B","Auto Shields+1","Ball Lightning+1","Skim+1","Creative AI","White Noise"],"relics":["Cracked Core","Molten Egg 2","Mummified Hand","Eternal Feather"],"potions_floor_usage":[1,2,5,16,16],"damage_taken":[{"damage":12,"enemies":"Small Slimes","floor":1,"turns":3},{"damage":0,"enemies":"2 Louse","floor":2,"turns":1},{"damage":0,"enemies":"Cultist","floor":5,"turns":3},{"damage":4,"enemies":"Exordium Wildlife","floor":7,"turns":4},{"damage":4,"enemies":"Red Slaver","floor":11,"turns":3},{"damage":0,"enemies":"Large Slime","floor":12,"turns":4},{"damage":0,"enemies":"2 Fungi Beasts","floor":14,"turns":3},{"damage":37,"enemies":"Slime Boss","floor":16,"turns":9},{"damage":36,"enemies":"Chosen","floor":18,"turns":5}],"seed_played":"7500139719098725385","potions_obtained":[{"floor":0,"key":"Energy Potion"},{"floor":0,"key":"SkillPotion"},{"floor":0,"key":"Fruit Juice"},{"floor":1,"key":"AttackPotion"},{"floor":2,"key":"Fruit Juice"},{"floor":18,"key":"Ancient Potion"}],"is_trial":false,"path_per_floor":["M","M","?","$","M","R","M","R","T","T","M","M","$","M","R","B",null,"M"],"character_chosen":"DEFECT","items_purchased":["Strength Potion"],"campfire_rested":0,"item_purchase_floors":[13],"current_hp_per_floor":[68,68,68,68,73,73,69,69,69,69,65,65,65,65,65,28,85,49,12],"gold":105,"neow_bonus":"THREE_SMALL_POTIONS","is_prod":false,"is_daily":false,"chose_seed":false,"campfire_upgraded":3,"win_rate":0,"timestamp":1537545793,"path_taken":["M","M","?","$","M","R","M","R","T","?","M","M","$","M","R","BOSS","M","M"],"build_version":"2018-09-20","purchased_purges":1,"victory":false,"max_hp_per_floor":[80,80,80,80,85,85,85,85,85,85,85,85,85,85,85,85,85,85,85],"card_choices":[{"not_picked":["BootSequence","Genetic Algorithm","Chaos"],"picked":"SKIP","floor":1},{"not_picked":["Steam","Conserve Battery"],"picked":"Auto Shields","floor":2},{"not_picked":["Consume","Leap","Coolheaded"],"picked":"SKIP","floor":5},{"not_picked":["Turbo","Leap","Aggregate"],"picked":"SKIP","floor":7},{"not_picked":["Steam","Hologram"],"picked":"Ball Lightning+1","floor":11},{"not_picked":["Conserve Battery","Hologram"],"picked":"Skim","floor":12},{"not_picked":["Consume","Aggregate","Stack"],"picked":"SKIP","floor":14},{"not_picked":["Echo Form","Core Surge+1"],"picked":"Creative AI","floor":16},{"not_picked":["Hologram","Redo"],"picked":"White Noise","floor":18}],"player_experience":371698,"relics_obtained":[{"floor":9,"key":"Molten Egg 2"},{"floor":10,"key":"Mummified Hand"}],"event_choices":[{"event_name":"Living Wall","player_choice":"Forget","floor":3,"damage_taken":0}],"is_beta":false,"boss_relics":[{"not_picked":["FrozenCore","Calling Bell"],"picked":"Eternal Feather"}],"items_purged_floors":[4],"is_endless":false,"potions_floor_spawned":[1,2,14,18],"killed_by":"2 Thieves","ascension_level":2}