{"gold_per_floor":[112,126,126,143,93,93,122,142,142,142,201,201,301,314,314,415,415,435,435,104,104,104,104,123,123,123,123,123,133,144,90,90,90],"floor_reached":33,"playtime":2990,"items_purged":[],"score":243,"play_id":"73c35162-fb74-4720-a1d6-9c5b89d3fb5b","local_time":"20190215224934","is_ascension_mode":false,"campfire_choices":[{"floor":6,"key":"RECALL"},{"data":"Crippling Poison","floor":10,"key":"SMITH"},{"floor":12,"key":"REST"},{"data":"Catalyst","floor":15,"key":"SMITH"},{"floor":23,"key":"REST"},{"floor":25,"key":"REST"},{"data":"Enlightenment","floor":27,"key":"SMITH"},{"floor":32,"key":"REST"}],"neow_cost":"NONE","seed_source_timestamp":19625507628195,"circlet_count":0,"master_deck":["Defend_G+1","Defend_G+1","Defend_G+1","Defend_G+1","Defend_G+1","Strike_G+1","Strike_G+1","Strike_G+1","Strike_G+1","Survivor","Neutralize","Dodge and Roll","Flying Knee","Blur","Poisoned Stab","Crippling Poison+1","Catalyst+1","Deflect","Envenom","Deadly Poison","Enlightenment+1","Dodge and Roll+1","Steam","Well Laid Plans","Poisoned Stab"],"relics":["Ring of the Snake","Sundial","Blue Candle","Philosopher\u0027s Stone","PrismaticShard","Lantern","Boot"],"potions_floor_usage":[11,18,19,30,33],"damage_taken":[{"damage":1,"enemies":"Cultist","floor":1,"turns":4},{"damage":0,"enemies":"2 Louse","floor":2,"turns":4},{"damage":0,"enemies":"Jaw Worm","floor":4,"turns":5},{"damage":23,"enemies":"3 Sentries","floor":7,"turns":23},{"damage":0,"enemies":"3 Louse","floor":8,"turns":5},{"damage":25,"enemies":"Gremlin Nob","floor":11,"turns":5},{"damage":0,"enemies":"Red Slaver","floor":14,"turns":4},{"damage":46,"enemies":"Hexaghost","floor":16,"turns":13},{"damage":37,"enemies":"Spheric Guardian","floor":18,"turns":11},{"damage":23,"enemies":"Colosseum Slavers","floor":19,"turns":7},{"damage":3,"enemies":"Chosen","floor":24,"turns":3},{"damage":4,"enemies":"Shelled Parasite and Fungi","floor":29,"turns":5},{"damage":11,"enemies":"Chosen and Byrds","floor":30,"turns":8},{"damage":86,"enemies":"Champ","floor":33,"turns":9}],"seed_played":"7327955312409519430","potions_obtained":[{"floor":1,"key":"SpeedPotion"},{"floor":8,"key":"Block Potion"},{"floor":14,"key":"GamblersBrew"},{"floor":16,"key":"AttackPotion"},{"floor":18,"key":"FairyPotion"},{"floor":30,"key":"AttackPotion"}],"is_trial":false,"path_per_floor":["M","?","?","?","M","?","?","?","M","?"],"character_chosen":"THE_SILENT","items_purchased":["Deadly Poison","Enlightenment","PrismaticShard","Poisoned Stab"],"campfire_rested":4,"item_purchase_floors":[20,20,20,31],"current_hp_per_floor":[76,76,76,76,76,76,53,53,53,53,28,51,51,51,51,5,77,40,17,17,17,17,40,37,60,60,60,60,56,45,45,68,0],"gold":90,"neow_bonus":"TEN_PERCENT_HP_BONUS","is_prod":false,"is_daily":false,"chose_seed":false,"campfire_upgraded":3,"win_rate":0,"timestamp":1550281774,"path_taken":["M","M","$","?","?","R","E","M","T","R","?","R","?","?","R","BOSS","M","?","$","?","?","R","?","R","T","R","?","M","M","$","R","BOSS"],"build_version":"2019-01-23","purchased_purges":0,"victory":false,"max_hp_per_floor":[77,77,77,77,77,77,77,77,77,77,77,77,77,77,77,77,77,77,77,77,77,77,77,77,77,77,77,77,77,77,77,77,77],"card_choices":[{"not_picked":["Flechettes","Slice"],"picked":"Dodge and Roll","floor":1},{"not_picked":["Sucker Punch","Distraction"],"picked":"Flying Knee","floor":2},{"not_picked":["Distraction","Deflect"],"picked":"Blur","floor":4},{"not_picked":["Choke","Finisher"],"picked":"Poisoned Stab","floor":7},{"not_picked":["Deadly Poison","Adrenaline"],"picked":"Crippling Poison","floor":8},{"not_picked":["Dash","PiercingWail"],"picked":"Catalyst","floor":11},{"not_picked":["Dodge and Roll","Sucker Punch"],"picked":"Deflect","floor":14},{"not_picked":["After Image","Storm of Steel"],"picked":"Envenom","floor":16},{"not_picked":["Footwork+1","Prepared","Sucker Punch+1"],"picked":"SKIP","floor":18},{"not_picked":["Darkness","Power Through+1"],"picked":"Dodge and Roll+1","floor":24},{"not_picked":["Tempest","Disarm"],"picked":"Steam","floor":29},{"not_picked":["Gash+1","Caltrops"],"picked":"Well Laid Plans","floor":30}],"player_experience":192616,"relics_obtained":[{"floor":7,"key":"Sundial"},{"floor":11,"key":"Blue Candle"},{"floor":26,"key":"Boot"}],"event_choices":[{"cards_removed":["Strike_G"],"damage_healed":0,"gold_gain":0,"player_choice":"Card Removal","damage_taken":0,"max_hp_gain":0,"max_hp_loss":0,"event_name":"The Cleric","floor":5,"gold_loss":50},{"damage_healed":0,"gold_gain":0,"player_choice":"Searched \u00271\u0027 times","damage_taken":0,"max_hp_gain":0,"max_hp_loss":0,"event_name":"Dead Adventurer","floor":11,"gold_loss":0},{"damage_healed":0,"gold_gain":100,"player_choice":"Pray","damage_taken":0,"max_hp_gain":0,"max_hp_loss":0,"event_name":"Golden Shrine","floor":13,"gold_loss":0},{"damage_healed":0,"gold_gain":0,"player_choice":"Fight","damage_taken":0,"max_hp_gain":0,"max_hp_loss":0,"event_name":"Colosseum","floor":19,"gold_loss":0},{"damage_healed":0,"gold_gain":0,"player_choice":"Fled From Nobs","damage_taken":0,"max_hp_gain":0,"max_hp_loss":0,"event_name":"Colosseum","floor":19,"gold_loss":0},{"damage_healed":0,"gold_gain":0,"player_choice":"Simplicity","damage_taken":0,"max_hp_gain":0,"max_hp_loss":0,"event_name":"Back to Basics","floor":21,"gold_loss":0,"cards_upgraded":["Defend_G","Defend_G","Defend_G","Defend_G","Defend_G","Strike_G","Strike_G","Strike_G","Strike_G"]},{"damage_healed":0,"gold_gain":0,"player_choice":"Opened","damage_taken":0,"relics_obtained":["Lantern"],"max_hp_gain":0,"max_hp_loss":0,"event_name":"The Mausoleum","floor":22,"gold_loss":0},{"damage_healed":0,"gold_gain":0,"player_choice":"Ignored","damage_taken":0,"max_hp_gain":0,"max_hp_loss":0,"event_name":"Ghosts","floor":28,"gold_loss":0}],"is_beta":false,"boss_relics":[{"not_picked":["WristBlade","Runic Dome"],"picked":"Philosopher\u0027s Stone"}],"items_purged_floors":[],"is_endless":false,"potions_floor_spawned":[1,8,14,16,18,19,30],"killed_by":"Champ","ascension_level":0}