{"gold_per_floor":[109,121,141,157,157,157,157,168,168,186,202,202,213,241,241,336,336,348,167,181,193,292,292,50,50,50,50,68,86,116,133,133,230,230,247,17,1016,1016,1030,1030,1058,1070,1070,1070,1084,1094,1094,1109,1109,1109],"floor_reached":51,"playtime":4720,"items_purged":[],"score":705,"play_id":"e9261a51-4a2f-4cf7-a2e8-15e475e6aed7","local_time":"20190315010221","is_ascension_mode":false,"campfire_choices":[{"data":"Metallicize","floor":6,"key":"SMITH"},{"data":"Double Tap","floor":15,"key":"SMITH"},{"data":"Metallicize","floor":23,"key":"SMITH"},{"data":"Demon Form","floor":25,"key":"SMITH"},{"floor":32,"key":"REST"},{"data":"Limit Break","floor":40,"key":"SMITH"},{"floor":47,"key":"REST"},{"floor":49,"key":"REST"}],"neow_cost":"NONE","seed_source_timestamp":125966361355729,"circlet_count":0,"master_deck":["Strike_R","Strike_R","Strike_R","Strike_R","Strike_R","Defend_R","Defend_R","Defend_R","Defend_R","Bash","Demon Form+1","Metallicize+1","Seeing Red","Twin Strike","Carnage","Disarm","Shrug It Off","Double Tap+1","Immolate","Metallicize+1","Iron Wave","Flame Barrier","Iron Wave","Thunderclap","Rage+1","Metallicize+1","Uppercut+1","Limit Break+1","Shrug It Off","Trip","Shrug It Off+1","Headbutt","Body Slam","Headbutt","Ghostly Armor"],"relics":["Burning Blood","The Courier","Singing Bowl","Pear","Black Star","Membership Card","Shuriken","Frozen Eye","Bag of Preparation","Paper Frog","Incense Burner","Bird Faced Urn","Philosopher\u0027s Stone","Blood Vial","Red Skull","Regal Pillow","Oddly Smooth Stone","Bottled Tornado"],"potions_floor_usage":[11,11,16,18,30,30,31,50],"damage_taken":[{"damage":8,"enemies":"Jaw Worm","floor":1,"turns":4},{"damage":3,"enemies":"Small Slimes","floor":2,"turns":3},{"damage":3,"enemies":"Cultist","floor":3,"turns":5},{"damage":16,"enemies":"3 Louse","floor":4,"turns":6},{"damage":6,"enemies":"Looter","floor":8,"turns":4},{"damage":12,"enemies":"Large Slime","floor":10,"turns":9},{"damage":18,"enemies":"Gremlin Gang","floor":11,"turns":5},{"damage":5,"enemies":"2 Fungi Beasts","floor":13,"turns":3},{"damage":16,"enemies":"Gremlin Nob","floor":14,"turns":4},{"damage":31,"enemies":"Hexaghost","floor":16,"turns":8},{"damage":14,"enemies":"Spheric Guardian","floor":18,"turns":5},{"damage":6,"enemies":"Chosen","floor":20,"turns":6},{"damage":7,"enemies":"Centurion and Healer","floor":21,"turns":8},{"damage":5,"enemies":"Snecko","floor":28,"turns":5},{"damage":16,"enemies":"Snake Plant","floor":29,"turns":8},{"damage":62,"enemies":"Slavers","floor":30,"turns":5},{"damage":22,"enemies":"Sentry and Sphere","floor":31,"turns":6},{"damage":45,"enemies":"Champ","floor":33,"turns":11},{"damage":10,"enemies":"Orb Walker","floor":35,"turns":4},{"damage":18,"enemies":"3 Darklings","floor":39,"turns":11},{"damage":56,"enemies":"Reptomancer","floor":41,"turns":8},{"damage":31,"enemies":"Transient","floor":42,"turns":5},{"damage":17,"enemies":"Sphere and 2 Shapes","floor":45,"turns":3},{"damage":13,"enemies":"4 Shapes","floor":46,"turns":6},{"damage":34,"enemies":"Transient","floor":48,"turns":5},{"damage":71,"enemies":"Donu and Deca","floor":50,"turns":8}],"seed_played":"2937305963072520246","potions_obtained":[{"floor":1,"key":"Weak Potion"},{"floor":3,"key":"PowerPotion"},{"floor":11,"key":"Energy Potion"},{"floor":14,"key":"PowerPotion"},{"floor":16,"key":"Regen Potion"},{"floor":18,"key":"AttackPotion"},{"floor":30,"key":"Explosive Potion"},{"floor":33,"key":"Swift Potion"},{"floor":45,"key":"FairyPotion"}],"is_trial":false,"path_per_floor":["?","?","?","?","M","?","?","?"],"character_chosen":"IRONCLAD","items_purchased":["Membership Card","Iron Wave","Shuriken","Frozen Eye","Bag of Preparation","Blood Vial","Shrug It Off","Trip","Red Skull","Regal Pillow"],"campfire_rested":3,"item_purchase_floors":[19,19,24,24,24,36,36,36,36,36],"current_hp_per_floor":[78,80,80,70,52,52,52,52,52,46,34,60,61,61,61,36,90,82,82,82,81,81,81,81,81,81,90,90,80,36,26,53,20,90,86,86,86,86,82,82,42,25,25,25,20,19,61,41,83,28],"gold":1109,"neow_bonus":"ONE_RANDOM_RARE_CARD","is_prod":false,"is_daily":false,"chose_seed":false,"campfire_upgraded":5,"win_rate":0,"timestamp":1552622541,"path_taken":["M","M","M","M","?","R","$","M","T","M","M","?","M","E","R","BOSS","M","$","M","M","?","R","$","R","T","?","M","?","E","M","R","BOSS","M","$","?","?","M","R","E","M","T","?","M","M","R","M","R","BOSS"],"build_version":"2019-01-23","purchased_purges":0,"victory":true,"max_hp_per_floor":[80,80,80,80,80,80,80,80,80,80,80,80,80,90,90,90,90,90,90,90,90,90,90,90,90,90,90,90,90,90,90,90,90,90,90,90,90,90,90,90,90,92,92,92,92,92,92,92,92,92],"card_choices":[{"not_picked":["Anger","Hemokinesis"],"picked":"Metallicize","floor":1},{"not_picked":["Inflame","Evolve"],"picked":"Intimidate","floor":2},{"not_picked":["Wild Strike","Warcry"],"picked":"Armaments","floor":3},{"not_picked":["Body Slam","Rupture"],"picked":"Seeing Red","floor":4},{"not_picked":["Body Slam","True Grit"],"picked":"Twin Strike","floor":8},{"not_picked":["Iron Wave","Headbutt"],"picked":"Carnage","floor":10},{"not_picked":["Warcry","Clash"],"picked":"Disarm","floor":11},{"not_picked":["Rage","Pommel Strike"],"picked":"Shrug It Off","floor":13},{"not_picked":["Reckless Charge","Whirlwind"],"picked":"Double Tap","floor":14},{"not_picked":["Offering","Bludgeon"],"picked":"Immolate","floor":16},{"not_picked":["Clothesline","Iron Wave"],"picked":"Metallicize","floor":18},{"not_picked":["Warcry","Anger+1"],"picked":"Flame Barrier","floor":20},{"not_picked":["Anger","Havoc+1"],"picked":"Iron Wave","floor":21},{"not_picked":["Fire Breathing","Impervious"],"picked":"Thunderclap","floor":28},{"not_picked":["Reckless Charge+1","Cleave"],"picked":"Rage+1","floor":29},{"not_picked":["Thunderclap","Armaments"],"picked":"Metallicize+1","floor":30},{"not_picked":["Fire Breathing","Rupture"],"picked":"Uppercut+1","floor":31},{"not_picked":["Juggernaut","Fiend Fire"],"picked":"Limit Break","floor":33},{"not_picked":["Heavy Blade+1","Inflame","Havoc+1"],"picked":"SKIP","floor":35},{"not_picked":["Spot Weakness","Anger"],"picked":"Shrug It Off+1","floor":39},{"not_picked":["Sword Boomerang","Sentinel"],"picked":"Headbutt","floor":41},{"not_picked":["Thunderclap","Sword Boomerang","Carnage"],"picked":"Singing Bowl","floor":42},{"not_picked":["Infernal Blade+1","Blood for Blood+1"],"picked":"Body Slam","floor":45},{"not_picked":["Fiend Fire","True Grit+1"],"picked":"Headbutt","floor":46},{"not_picked":["Second Wind+1","Sword Boomerang+1"],"picked":"Ghostly Armor","floor":48}],"player_experience":309419,"relics_obtained":[{"floor":9,"key":"Singing Bowl"},{"floor":14,"key":"Pear"},{"floor":26,"key":"Paper Frog"},{"floor":30,"key":"Incense Burner"},{"floor":30,"key":"Bird Faced Urn"},{"floor":41,"key":"Oddly Smooth Stone"},{"floor":41,"key":"Bottled Tornado"}],"event_choices":[{"damage_healed":0,"gold_gain":0,"player_choice":"Success","damage_taken":18,"relics_obtained":["The Courier"],"max_hp_gain":0,"max_hp_loss":0,"event_name":"Scrap Ooze","floor":5,"gold_loss":0},{"damage_healed":26,"gold_gain":0,"player_choice":"Banana","damage_taken":0,"max_hp_gain":0,"max_hp_loss":0,"event_name":"Big Fish","floor":12,"gold_loss":0},{"damage_healed":0,"gold_gain":99,"player_choice":"Stole From Cult","damage_taken":0,"max_hp_gain":0,"max_hp_loss":0,"event_name":"Nest","floor":22,"gold_loss":0},{"cards_removed":["Intimidate"],"damage_healed":9,"gold_gain":0,"player_choice":"Offered Uncommon","damage_taken":0,"max_hp_gain":0,"max_hp_loss":0,"event_name":"Bonfire Elementals","floor":27,"gold_loss":0},{"damage_healed":0,"gold_gain":999,"player_choice":"Gold","damage_taken":0,"max_hp_gain":0,"max_hp_loss":0,"event_name":"MindBloom","floor":37,"gold_loss":0,"cards_obtained":["Normality","Normality"]},{"cards_removed":["Armaments"],"damage_healed":0,"gold_gain":0,"player_choice":"Removed Skill","damage_taken":0,"max_hp_gain":0,"max_hp_loss":0,"event_name":"Falling","floor":38,"gold_loss":0},{"cards_removed":["Normality","Normality"],"damage_healed":0,"gold_gain":0,"player_choice":"Removed Curses","damage_taken":0,"max_hp_gain":0,"max_hp_loss":0,"event_name":"Fountain of Cleansing","floor":44,"gold_loss":0}],"is_beta":false,"boss_relics":[{"not_picked":["Astrolabe","Ectoplasm"],"picked":"Black Star"},{"not_picked":["Empty Cage","Runic Pyramid"],"picked":"Philosopher\u0027s Stone"}],"items_purged_floors":[],"is_endless":false,"potions_floor_spawned":[1,3,11,14,16,18,30,33,45],"ascension_level":0}