{"gold_per_floor":[111,127,52,65,84,109,109,122,148,48,48,48,66,66,66,66],"floor_reached":16,"playtime":543,"items_purged":["Defend_G","Defend_G"],"score":102,"play_id":"31661f62-cf11-4f7d-8f63-1e751250e4d3","local_time":"20180712100311","is_ascension_mode":false,"campfire_choices":[{"floor":7,"key":"REST"},{"floor":11,"key":"REST"},{"data":"1","floor":15,"key":"LIFT"}],"neow_cost":"","seed_source_timestamp":93463399209526,"circlet_count":0,"master_deck":["Defend_G","Defend_G","Defend_G","Strike_G","Strike_G","Strike_G+1","Strike_G+1","Survivor","Neutralize","Blade Dance","Backflip","A Thousand Cuts","Injury"],"relics":["Ring of the Snake","Girya","Whetstone","Golden Idol"],"potions_floor_usage":[4,6],"damage_taken":[{"damage":7,"enemies":"Jaw Worm","floor":1,"turns":5},{"damage":1,"enemies":"Cultist","floor":2,"turns":4},{"damage":0,"enemies":"Small Slimes","floor":4,"turns":3},{"damage":4,"enemies":"Looter","floor":5,"turns":4},{"damage":52,"enemies":"Gremlin Nob","floor":6,"turns":6},{"damage":10,"enemies":"3 Louse","floor":8,"turns":4},{"damage":2,"enemies":"Blue Slaver","floor":13,"turns":3},{"damage":39,"enemies":"Hexaghost","floor":16,"turns":9}],"seed_played":"6808749103932231547","potions_obtained":[{"floor":1,"key":"SpeedPotion"},{"floor":2,"key":"SpeedPotion"}],"is_trial":false,"path_per_floor":["M","M","$","M","M","E","R","M","T","$","R","?","M","?","R"],"character_chosen":"THE_SILENT","items_purchased":[],"campfire_rested":2,"item_purchase_floors":[],"current_hp_per_floor":[63,62,62,62,58,6,27,17,17,17,38,38,36,36,36,0],"gold":66,"neow_bonus":"","is_prod":false,"is_daily":false,"chose_seed":false,"campfire_upgraded":0,"win_rate":0,"timestamp":1531404191,"path_taken":["M","M","$","M","M","E","R","M","T","$","R","?","M","?","R","BOSS"],"build_version":"2018-07-05","purchased_purges":2,"victory":false,"max_hp_per_floor":[70,70,70,70,70,70,70,70,70,70,70,70,70,70,70,70],"card_choices":[{"not_picked":["Cloak And Dagger","Calculated Gamble"],"picked":"Blade Dance","floor":1},{"not_picked":["Poisoned Stab","Choke","Riddle With Holes"],"picked":"SKIP","floor":2},{"not_picked":["Deflect","Prepared"],"picked":"Backflip","floor":4},{"not_picked":["Calculated Gamble","PiercingWail","Concentrate"],"picked":"SKIP","floor":5},{"not_picked":["Leg Sweep","Endless Agony","All Out Attack"],"picked":"SKIP","floor":6},{"not_picked":["Deflect","Quick Slash"],"picked":"A Thousand Cuts","floor":8},{"not_picked":["Reflex","Prepared","Deflect"],"picked":"SKIP","floor":13}],"player_experience":237216,"relics_obtained":[{"floor":6,"key":"Girya"},{"floor":9,"key":"Whetstone"}],"event_choices":[{"event_name":"Purifier","player_choice":"One Purge","floor":12,"damage_taken":0},{"event_name":"Golden Idol","player_choice":"Take Wound","floor":14,"damage_taken":0}],"boss_relics":[],"items_purged_floors":[3,10],"is_endless":false,"potions_floor_spawned":[1,2],"killed_by":"Hexaghost","ascension_level":0}