{"gold_per_floor":[111,36,46,10,27,27,27,27,27,44,44,59,70,89,89,184,184,199,212,226,236,66,66,78,1,1,1],"floor_reached":27,"playtime":917,"items_purged":["PiercingWail","Defend_G"],"score":209,"play_id":"2aa56074-b37c-4d90-8b25-f52d923816d7","local_time":"20180707025106","is_ascension_mode":false,"campfire_choices":[{"floor":6,"key":"REST"},{"data":"Bouncing Flask","floor":8,"key":"SMITH"},{"floor":11,"key":"REST"},{"floor":15,"key":"REST"},{"floor":23,"key":"REST"}],"neow_cost":"FIFTY_PERCENT_DAMAGE","seed_source_timestamp":1385448382551461,"circlet_count":0,"master_deck":["Defend_G","Defend_G","Strike_G","Strike_G","Strike_G","Strike_G","Strike_G","Survivor","Neutralize","Skewer","Backflip","Bouncing Flask+1","Skewer","Noxious Fumes","Bane+1","Prepared","Bouncing Flask","Backstab","J.A.X."],"relics":["Ring of the Snake","Potion Belt","Sozu","Blood Vial"],"potions_floor_usage":[16,16,21],"damage_taken":[{"damage":0,"enemies":"Cultist","floor":1,"turns":3},{"damage":0,"enemies":"Jaw Worm","floor":3,"turns":3},{"damage":0,"enemies":"2 Louse","floor":5,"turns":2},{"damage":26,"enemies":"Lots of Slimes","floor":10,"turns":4},{"damage":0,"enemies":"Exordium Wildlife","floor":12,"turns":3},{"damage":2,"enemies":"Blue Slaver","floor":13,"turns":4},{"damage":18,"enemies":"3 Louse","floor":14,"turns":4},{"damage":47,"enemies":"The Guardian","floor":16,"turns":8},{"damage":13,"enemies":"Shell Parasite","floor":18,"turns":4},{"damage":8,"enemies":"3 Byrds","floor":19,"turns":5},{"damage":23,"enemies":"Cultist and Chosen","floor":20,"turns":5},{"damage":21,"enemies":"Snake Plant","floor":21,"turns":3},{"damage":19,"enemies":"Centurion and Healer","floor":24,"turns":5},{"damage":22,"enemies":"Book of Stabbing","floor":27,"turns":3}],"seed_played":"2824120823316749875","potions_obtained":[{"floor":12,"key":"SpeedPotion"},{"floor":14,"key":"LiquidBronze"},{"floor":16,"key":"Poison Potion"}],"is_trial":false,"path_per_floor":["M","$","M","$","M","R","$","R","T","M","R","M","M","M","R","B",null,"M","M","M","M","$","R","M","?","T"],"character_chosen":"THE_SILENT","items_purchased":["Bouncing Flask","Bouncing Flask"],"campfire_rested":4,"item_purchase_floors":[4,22],"current_hp_per_floor":[35,35,35,35,35,56,56,56,56,30,51,51,49,31,52,5,70,57,49,26,5,5,26,7,7,7,0],"gold":1,"neow_bonus":"TRANSFORM_TWO_CARDS","is_prod":false,"is_daily":false,"chose_seed":false,"campfire_upgraded":1,"win_rate":0.0,"timestamp":1530946266,"path_taken":["M","$","M","$","M","R","?","R","T","M","R","M","M","M","R","BOSS","M","M","M","M","$","R","M","?","T","E"],"build_version":"2018-07-05","purchased_purges":2,"victory":false,"max_hp_per_floor":[70,70,70,70,70,70,70,70,70,70,70,70,70,70,70,70,70,70,70,70,70,70,70,70,70,70,70],"card_choices":[{"not_picked":["Poisoned Stab","Crippling Poison"],"picked":"Backflip","floor":1},{"not_picked":["Sucker Punch","Cloak And Dagger","Underhanded Strike"],"picked":"SKIP","floor":3},{"not_picked":["Acrobatics","Leg Sweep","Riddle With Holes"],"picked":"SKIP","floor":5},{"not_picked":["Backflip","Prepared","Venomology"],"picked":"SKIP","floor":10},{"not_picked":["Terror","Calculated Gamble"],"picked":"Skewer","floor":12},{"not_picked":["Dagger Spray","Underhanded Strike"],"picked":"Noxious Fumes","floor":13},{"not_picked":["Dodge and Roll","Dagger Spray","Dagger Throw"],"picked":"SKIP","floor":14},{"not_picked":["Leg Sweep","Caltrops"],"picked":"Bane+1","floor":18},{"not_picked":["Slice+1","Underhanded Strike+1"],"picked":"Prepared","floor":19},{"not_picked":["Noxious Fumes","Deflect+1","Flechettes"],"picked":"SKIP","floor":20},{"not_picked":["Poisoned Stab","Dagger Throw","Skewer"],"picked":"SKIP","floor":21},{"not_picked":["Accuracy","Calculated Gamble+1"],"picked":"Backstab","floor":24}],"player_experience":110951,"relics_obtained":[{"floor":9,"key":"Potion Belt"},{"floor":26,"key":"Blood Vial"}],"event_choices":[{"event_name":"Drug Dealer","player_choice":"Got JAXXED","floor":25,"damage_taken":0}],"boss_relics":[{"not_picked":["Runic Pyramid","Velvet Choker"],"picked":"Sozu"}],"items_purged_floors":[2,22],"is_endless":false,"potions_floor_spawned":[12,14,16,18,20,21,24],"killed_by":"Book of Stabbing","ascension_level":0}