{"gold_per_floor":[116,136,136,155,168,201,76,76,122,70,70,117,117,132,132,235,235,254,254,154,174,194,194,206,206,230,240,250,268,294,294,294,294],"floor_reached":33,"playtime":1247,"items_purged":["Defend_R","Defend_R"],"score":274,"play_id":"398edd61-03e9-4879-a2a7-cbe4d188dd11","local_time":"20180731093219","is_ascension_mode":false,"campfire_choices":[{"floor":11,"key":"REST"},{"data":"Disarm","floor":13,"key":"SMITH"},{"data":"Shrug It Off","floor":15,"key":"SMITH"},{"data":"Thunderclap","floor":23,"key":"SMITH"},{"floor":32,"key":"REST"}],"neow_cost":"NONE","seed_source_timestamp":1732535903157157,"circlet_count":0,"master_deck":["Strike_R","Strike_R","Strike_R","Strike_R","Strike_R+1","Defend_R","Defend_R+1","Bash+1","Disarm+1","Body Slam+1","Headbutt","Shrug It Off+1","Armaments","Thunderclap+1","Thunderclap+1","Twin Strike+1","Carnage","Necronomicurse"],"relics":["Burning Blood","Oddly Smooth Stone","Pear","Lantern","Anchor","Whetstone","Busted Crown","Singing Bowl","Blood Vial","Red Mask","Necronomicon"],"potions_floor_usage":[16,33],"damage_taken":[{"damage":2,"enemies":"Small Slimes","floor":1,"turns":3},{"damage":10,"enemies":"2 Louse","floor":2,"turns":3},{"damage":7,"enemies":"Cultist","floor":4,"turns":4},{"damage":10,"enemies":"Looter","floor":5,"turns":3},{"damage":35,"enemies":"Lagavulin","floor":6,"turns":8},{"damage":2,"enemies":"3 Louse","floor":14,"turns":3},{"damage":47,"enemies":"Slime Boss","floor":16,"turns":12},{"damage":9,"enemies":"2 Thieves","floor":18,"turns":4},{"damage":10,"enemies":"Spheric Guardian","floor":21,"turns":3},{"damage":10,"enemies":"Centurion and Healer","floor":22,"turns":4},{"damage":8,"enemies":"Snecko","floor":24,"turns":5},{"damage":0,"enemies":"Snake Plant","floor":27,"turns":4},{"damage":6,"enemies":"Cultist and Chosen","floor":28,"turns":5},{"damage":12,"enemies":"3 Cultists","floor":29,"turns":4},{"damage":16,"floor":30,"turns":4},{"damage":78,"enemies":"Automaton","floor":33,"turns":6}],"seed_played":"-4413417684742253676","potions_obtained":[{"floor":2,"key":"SpeedPotion"},{"floor":5,"key":"FearPotion"},{"floor":14,"key":"AttackPotion"},{"floor":18,"key":"Ancient Potion"},{"floor":24,"key":"AttackPotion"}],"is_trial":false,"path_per_floor":["M","M","?","M","M","E","$","?","T","$","R","T","R","M","R","B",null,"M","?","$","M","M","R","M","T","T","M","M","M","?","?","R"],"character_chosen":"IRONCLAD","items_purchased":["Headbutt","Shrug It Off"],"campfire_rested":2,"item_purchase_floors":[7,10],"current_hp_per_floor":[80,76,60,59,55,36,36,36,36,36,63,63,63,67,67,26,90,87,69,69,65,61,61,59,59,59,69,73,69,61,45,74,0],"gold":294,"neow_bonus":"RANDOM_COMMON_RELIC","is_prod":false,"is_daily":false,"chose_seed":false,"campfire_upgraded":3,"win_rate":0,"timestamp":1533043939,"path_taken":["M","M","?","?","M","E","$","?","T","$","R","?","R","?","R","BOSS","M","?","$","?","M","R","M","?","T","M","M","?","?","?","R","BOSS"],"build_version":"2018-07-26","purchased_purges":2,"victory":false,"max_hp_per_floor":[80,80,80,80,80,90,90,90,90,90,90,90,90,90,90,90,90,90,95,95,95,95,95,95,95,95,97,99,99,99,99,99,99],"card_choices":[{"not_picked":["Wild Strike","Fire Breathing"],"picked":"Disarm","floor":1},{"not_picked":["Corruption","Cleave"],"picked":"Body Slam","floor":2},{"not_picked":["Bloodletting","Twin Strike","Evolve"],"picked":"SKIP","floor":4},{"not_picked":["Spot Weakness","Seeing Red","Twin Strike"],"picked":"SKIP","floor":5},{"not_picked":["Infernal Blade","Sword Boomerang","Headbutt"],"picked":"SKIP","floor":6},{"not_picked":["Ghostly Armor","Body Slam"],"picked":"Armaments","floor":14},{"not_picked":[],"picked":"Thunderclap","floor":18},{"not_picked":["Evolve"],"picked":"SKIP","floor":21},{"not_picked":[],"picked":"Thunderclap+1","floor":22},{"not_picked":[],"picked":"Twin Strike+1","floor":24},{"not_picked":["Rupture"],"picked":"Singing Bowl","floor":27},{"not_picked":["Havoc"],"picked":"Singing Bowl","floor":28},{"not_picked":[],"picked":"Carnage","floor":29}],"player_experience":291442,"relics_obtained":[{"floor":6,"key":"Pear"},{"floor":9,"key":"Anchor"},{"floor":12,"key":"Whetstone"},{"floor":25,"key":"Singing Bowl"},{"floor":26,"key":"Blood Vial"},{"floor":30,"key":"Red Mask"},{"floor":31,"key":"Necronomicon"}],"event_choices":[{"event_name":"Shining Light","player_choice":"Entered Light","floor":3,"damage_taken":0},{"event_name":"Dead Adventurer","player_choice":"Searched \u00271\u0027 times","floor":8,"damage_taken":0},{"event_name":"Forgotten Altar","player_choice":"Shed Blood","floor":19,"damage_taken":0},{"event_name":"Masked Bandits","player_choice":"Fought over 268 gold","floor":30,"damage_taken":0},{"event_name":"Cursed Tome","player_choice":"Obtained Book","floor":31,"damage_taken":0}],"is_beta":false,"boss_relics":[{"not_picked":["Philosopher\u0027s Stone","Fusion Hammer"],"picked":"Busted Crown"}],"items_purged_floors":[7,20],"is_endless":false,"potions_floor_spawned":[2,5,14,18,22,24,27],"killed_by":"Automaton","ascension_level":0}