{"gold_per_floor":[114,114,114,131,306,231,245,245,271,271,171,191,191,253,253,350,350,350,225,225,225,75,75,75,75,75,75,75,75,75,75,75,75],"floor_reached":33,"playtime":1564,"items_purged":["Strike_G","Doubt","Defend_G","Defend_G"],"score":253,"play_id":"f59afa47-bb38-4783-8c36-70afdf6d5e16","local_time":"20180711161644","is_ascension_mode":false,"campfire_choices":[{"data":"Sucker Punch","floor":8,"key":"SMITH"},{"data":"Neutralize","floor":10,"key":"SMITH"},{"data":"Backflip","floor":13,"key":"SMITH"},{"floor":15,"key":"REST"},{"floor":23,"key":"REST"},{"floor":27,"key":"REST"},{"floor":30,"key":"REST"},{"data":"Storm of Steel","floor":32,"key":"SMITH"}],"neow_cost":"NONE","seed_source_timestamp":28453399329590,"circlet_count":0,"master_deck":["Defend_G","Strike_G","Strike_G","Strike_G","Strike_G","Survivor","Neutralize+1","Sucker Punch+1","Backflip+1","Storm of Steel+1","Quick Slash+1"],"relics":["Ring of the Snake","Centennial Puzzle","Omamori","Ectoplasm","Bag of Preparation","Vajra","Orichalcum"],"potions_floor_usage":[14,16,18,21,28,31],"damage_taken":[{"damage":0,"enemies":"Jaw Worm","floor":1,"turns":4},{"damage":10,"enemies":"Small Slimes","floor":4,"turns":4},{"damage":0,"enemies":"Cultist","floor":7,"turns":4},{"damage":0,"enemies":"2 Fungi Beasts","floor":12,"turns":4},{"damage":39,"enemies":"Lagavulin Event","floor":14,"turns":9},{"damage":30,"enemies":"The Guardian","floor":16,"turns":23},{"damage":17,"enemies":"Spheric Guardian","floor":18,"turns":5},{"damage":5,"enemies":"3 Byrds","floor":20,"turns":4},{"damage":38,"enemies":"Snake Plant","floor":21,"turns":6},{"damage":19,"enemies":"Sentry and Sphere","floor":24,"turns":4},{"damage":23,"enemies":"Book of Stabbing","floor":28,"turns":6},{"damage":2,"enemies":"Snecko","floor":31,"turns":3},{"damage":55,"enemies":"Automaton","floor":33,"turns":6}],"seed_played":"-6920234238755760834","potions_obtained":[{"floor":4,"key":"SpeedPotion"},{"floor":7,"key":"Weak Potion"},{"floor":12,"key":"GamblersBrew"},{"floor":14,"key":"Dexterity Potion"},{"floor":18,"key":"Swift Potion"},{"floor":24,"key":"EssenceOfSteel"},{"floor":28,"key":"Strength Potion"}],"is_trial":false,"path_per_floor":["M","?","?","M","?","$","M","R","T","R","$","M","R","?","R","B",null,"M","$","M","M","$","R","M","?","T","R","E","T","R","M","R"],"character_chosen":"THE_SILENT","items_purchased":[],"campfire_rested":4,"item_purchase_floors":[],"current_hp_per_floor":[70,63,68,58,58,58,58,58,58,58,58,58,58,19,41,11,75,58,58,53,15,15,37,18,18,18,40,17,17,39,37,37,0],"gold":75,"neow_bonus":"REMOVE_CARD","is_prod":false,"is_daily":false,"chose_seed":false,"campfire_upgraded":4,"win_rate":0,"timestamp":1531340204,"path_taken":["M","?","?","M","?","$","M","R","T","R","$","M","R","?","R","BOSS","M","$","M","M","$","R","M","?","T","R","E","?","R","M","R","BOSS"],"build_version":"2018-07-05","purchased_purges":4,"victory":false,"max_hp_per_floor":[70,70,75,75,75,75,75,75,75,75,75,75,75,75,75,75,75,75,75,75,75,75,75,75,75,75,75,75,75,75,75,75,75],"card_choices":[{"not_picked":["Flechettes","Heel Hook"],"picked":"Sucker Punch","floor":1},{"not_picked":["PiercingWail","Quick Slash","Caltrops"],"picked":"SKIP","floor":4},{"not_picked":["Prepared","Cloak And Dagger","Underhanded Strike"],"picked":"SKIP","floor":7},{"not_picked":["Quick Slash","Poisoned Stab"],"picked":"Backflip","floor":12},{"not_picked":["Bullet Time","Doppelganger"],"picked":"Storm of Steel","floor":16},{"not_picked":["Bane","Dodge and Roll"],"picked":"Quick Slash+1","floor":18},{"not_picked":["Dagger Spray+1","Die Die Die","Deadly Poison"],"picked":"SKIP","floor":20},{"not_picked":["Quick Slash","Slice","Backflip+1"],"picked":"SKIP","floor":21},{"not_picked":["Underhanded Strike","Backstab","Sucker Punch"],"picked":"SKIP","floor":24},{"not_picked":["PiercingWail","Acrobatics+1","Predator"],"picked":"SKIP","floor":28},{"not_picked":["Blade Dance","Skewer","Flying Knee"],"picked":"SKIP","floor":31}],"player_experience":228670,"relics_obtained":[{"floor":9,"key":"Centennial Puzzle"},{"floor":14,"key":"Omamori"},{"floor":26,"key":"Bag of Preparation"},{"floor":28,"key":"Vajra"},{"floor":29,"key":"Orichalcum"}],"event_choices":[{"event_name":"Golden Wing","player_choice":"Card Removal","floor":2,"damage_taken":0},{"event_name":"Big Fish","player_choice":"Donut","floor":3,"damage_taken":0},{"event_name":"Liars Game","player_choice":"agreed","floor":5,"damage_taken":0},{"event_name":"Dead Adventurer","player_choice":"Searched \u00271\u0027 times","floor":14,"damage_taken":0},{"event_name":"Nest","player_choice":"Stole From Cult","floor":25,"damage_taken":0}],"boss_relics":[{"not_picked":["Runic Dome","Empty Cage"],"picked":"Ectoplasm"}],"items_purged_floors":[6,11,19,22],"is_endless":false,"potions_floor_spawned":[4,7,12,14,18,24,28],"killed_by":"Automaton","ascension_level":0}