{"gold_per_floor":[212,230,133,152,7,7,7,24,92,124,135,150,166,66,66,66],"floor_reached":16,"playtime":896,"items_purged":["Defend_B","Strike_B"],"score":104,"play_id":"fe01a082-f1a4-497d-a9cc-596b692a087e","local_time":"20180801094141","is_ascension_mode":false,"campfire_choices":[{"data":"Reboot","floor":6,"key":"SMITH"},{"floor":15,"key":"REST"}],"neow_cost":"NONE","seed_source_timestamp":1819850121929197,"circlet_count":0,"master_deck":["Strike_B","Strike_B","Strike_B","Defend_B","Defend_B","Zap","Dualcast","Go for the Eyes","Beam Cell","Beam Cell","Reboot+1","Gash"],"relics":["Cracked Core","Frozen Egg 2","Bag of Marbles"],"potions_floor_usage":[10,16],"damage_taken":[{"damage":6,"enemies":"Cultist","floor":1,"turns":3},{"damage":8,"enemies":"Small Slimes","floor":2,"turns":2},{"damage":3,"enemies":"Jaw Worm","floor":4,"turns":2},{"damage":2,"enemies":"Exordium Thugs","floor":8,"turns":3},{"damage":28,"enemies":"3 Sentries","floor":10,"turns":5},{"damage":2,"enemies":"Looter","floor":11,"turns":2},{"damage":5,"enemies":"Gremlin Gang","floor":12,"turns":3},{"damage":0,"enemies":"3 Louse","floor":13,"turns":1},{"damage":40,"enemies":"Hexaghost","floor":16,"turns":5}],"seed_played":"-8336743648120144904","potions_obtained":[{"floor":2,"key":"AttackPotion"},{"floor":12,"key":"SteroidPotion"},{"floor":13,"key":"EssenceOfSteel"}],"is_trial":false,"path_per_floor":["M","M","$","M","$","R","?","M","T","E","M","M","M","$","R"],"character_chosen":"DEFECT","items_purchased":["Beam Cell","Reboot"],"campfire_rested":1,"item_purchase_floors":[3,5],"current_hp_per_floor":[69,61,61,58,58,58,51,49,49,21,19,14,14,14,36,0],"gold":66,"neow_bonus":"HUNDRED_GOLD","is_prod":false,"is_daily":false,"chose_seed":false,"campfire_upgraded":1,"win_rate":0,"timestamp":1533130901,"path_taken":["M","?","$","?","$","R","?","?","T","E","M","M","M","$","R","BOSS"],"build_version":"2018-07-26","purchased_purges":2,"victory":false,"max_hp_per_floor":[75,75,75,75,75,75,75,75,75,75,75,75,75,75,75,75],"card_choices":[{"not_picked":["Leap","Cold Snap"],"picked":"Go for the Eyes","floor":1},{"not_picked":["Capacitor","Genetic Algorithm"],"picked":"Beam Cell","floor":2},{"not_picked":["Redo","Ball Lightning","Hologram"],"picked":"SKIP","floor":4},{"not_picked":["Buffer","Streamline","Darkness"],"picked":"SKIP","floor":8},{"not_picked":["Storm+1","Streamline","Hologram"],"picked":"SKIP","floor":10},{"not_picked":["Coolheaded","Leap"],"picked":"Gash","floor":11},{"not_picked":["Defragment+1","Genetic Algorithm","Capacitor+1"],"picked":"SKIP","floor":12},{"not_picked":["Leap","Stack","Capacitor+1"],"picked":"SKIP","floor":13}],"player_experience":299089,"relics_obtained":[{"floor":9,"key":"Frozen Egg 2"},{"floor":10,"key":"Bag of Marbles"}],"event_choices":[{"event_name":"Golden Wing","player_choice":"Card Removal","floor":7,"damage_taken":0}],"is_beta":false,"boss_relics":[],"items_purged_floors":[3,14],"is_endless":false,"potions_floor_spawned":[2,12,13],"killed_by":"Hexaghost","ascension_level":0}