{"gold_per_floor":[111,111,126,27,44,44,73,85,85,36,36,46,46,11,11,112,112,127,127,127,145,156,156,185,185],"floor_reached":25,"playtime":3219,"items_purged":[],"score":211,"play_id":"7f05a53f-f909-4699-a2e8-5cda3db8524d","local_time":"20190130232436","is_ascension_mode":false,"campfire_choices":[{"data":"Steam","floor":6,"key":"SMITH"},{"data":"Redo","floor":11,"key":"SMITH"},{"data":"Zap","floor":13,"key":"SMITH"},{"data":"Strike_B","floor":15,"key":"SMITH"},{"data":"Dualcast","floor":23,"key":"SMITH"}],"neow_cost":"NONE","seed_source_timestamp":731410804700531,"circlet_count":0,"master_deck":["Strike_B+1","Strike_B+1","Strike_B+1","Strike_B+1","Defend_B+1","Defend_B+1","Defend_B+1","Defend_B+1","Zap+1","Dualcast+1","Ball Lightning","Beam Cell","Hologram","Doom and Gloom","Steam+1","Melter","Redo+1","Stack","Coolheaded","Buffer+1","Cold Snap+1","Writhe","Go for the Eyes","FTL","Skim"],"relics":["Cracked Core","Odd Mushroom","Frozen Egg 2","Nuclear Battery","Shuriken","Matryoshka"],"potions_floor_usage":[1,8,25],"damage_taken":[{"damage":12,"enemies":"2 Louse","floor":1,"turns":2},{"damage":0,"enemies":"Small Slimes","floor":3,"turns":2},{"damage":6,"enemies":"Jaw Worm","floor":5,"turns":2},{"damage":3,"enemies":"The Mushroom Lair","floor":7,"turns":3},{"damage":4,"enemies":"Gremlin Gang","floor":8,"turns":4},{"damage":0,"enemies":"3 Louse","floor":12,"turns":2},{"damage":7,"enemies":"Slime Boss","floor":16,"turns":11},{"damage":0,"enemies":"Spheric Guardian","floor":18,"turns":1},{"damage":8,"enemies":"Chosen","floor":21,"turns":5},{"damage":14,"enemies":"Snake Plant","floor":22,"turns":6},{"damage":64,"enemies":"Gremlin Leader","floor":24,"turns":9},{"damage":3,"enemies":"Shelled Parasite and Fungi","floor":25,"turns":1}],"seed_played":"-8084390350045883149","potions_obtained":[{"floor":1,"key":"Fruit Juice"},{"floor":5,"key":"Dexterity Potion"},{"floor":7,"key":"Ancient Potion"},{"floor":21,"key":"Weak Potion"},{"floor":22,"key":"Ancient Potion"}],"is_trial":false,"path_per_floor":["?","?","$","M","?","?","?"],"character_chosen":"DEFECT","items_purchased":["Hologram","Doom and Gloom","Stack"],"campfire_rested":0,"item_purchase_floors":[4,4,10],"current_hp_per_floor":[75,75,75,75,69,69,66,62,62,62,62,62,62,83,83,76,87,87,87,87,79,65,65,1,0],"gold":185,"neow_bonus":"TEN_PERCENT_HP_BONUS","is_prod":false,"is_daily":false,"chose_seed":false,"campfire_upgraded":5,"win_rate":0.0,"timestamp":1548901476,"path_taken":["M","?","M","$","M","R","?","M","T","?","R","?","R","?","R","BOSS","M","?","?","M","M","R","E","M"],"build_version":"2019-01-23","purchased_purges":0,"victory":false,"max_hp_per_floor":[87,87,87,87,87,87,87,87,87,87,87,87,87,87,87,87,87,87,87,87,87,87,87,87,87],"card_choices":[{"not_picked":["Heatsinks","Steam Power"],"picked":"Ball Lightning","floor":1},{"not_picked":["Compile Driver","Hologram"],"picked":"Beam Cell","floor":3},{"not_picked":["Rip and Tear","All For One"],"picked":"Steam","floor":5},{"not_picked":["Doom and Gloom","Beam Cell"],"picked":"Melter","floor":7},{"not_picked":["Cold Snap","Gash"],"picked":"Redo","floor":8},{"not_picked":["Steam","Gash"],"picked":"Coolheaded","floor":12},{"not_picked":["Fission","Rainbow"],"picked":"Buffer+1","floor":16},{"not_picked":["Stack","Skim"],"picked":"Cold Snap+1","floor":18},{"not_picked":["Static Discharge+1","Blizzard+1"],"picked":"Go for the Eyes","floor":21},{"not_picked":["Darkness","Double Energy"],"picked":"FTL","floor":22},{"not_picked":["Coolheaded","Melter"],"picked":"Skim","floor":24}],"player_experience":12719,"relics_obtained":[{"floor":7,"key":"Odd Mushroom"},{"floor":9,"key":"Frozen Egg 2"},{"floor":24,"key":"Matryoshka"}],"event_choices":[{"damage_healed":0,"gold_gain":0,"player_choice":"Ignored","damage_taken":0,"max_hp_gain":0,"max_hp_loss":0,"event_name":"Golden Wing","floor":2,"gold_loss":0},{"damage_healed":0,"gold_gain":0,"player_choice":"Fought Mushrooms","damage_taken":0,"max_hp_gain":0,"max_hp_loss":0,"event_name":"Mushrooms","floor":7,"gold_loss":0},{"damage_healed":21,"gold_gain":0,"player_choice":"Healed","damage_taken":0,"max_hp_gain":0,"max_hp_loss":0,"event_name":"The Cleric","floor":14,"gold_loss":35},{"damage_healed":0,"gold_gain":0,"player_choice":"Simplicity","damage_taken":0,"max_hp_gain":0,"max_hp_loss":0,"event_name":"Back to Basics","floor":19,"gold_loss":0,"cards_upgraded":["Strike_B","Strike_B","Strike_B","Defend_B","Defend_B","Defend_B","Defend_B"]},{"damage_healed":0,"gold_gain":0,"player_choice":"Opened","damage_taken":0,"relics_obtained":["Shuriken"],"max_hp_gain":0,"max_hp_loss":0,"event_name":"The Mausoleum","floor":20,"gold_loss":0,"cards_obtained":["Writhe"]}],"is_beta":false,"boss_relics":[{"not_picked":["Tiny House","Empty Cage"],"picked":"Nuclear Battery"}],"items_purged_floors":[],"is_endless":false,"potions_floor_spawned":[1,5,7,21,22],"killed_by":"Shelled Parasite and Fungi","ascension_level":0}