{"gold_per_floor":[114,124,136,16,36,36,54,54,128,138,138,149,49,106,106,203,233,243,256,268,287,7,39,14,14,14,25,25,25,45,56,56,56],"floor_reached":33,"playtime":2075,"items_purged":["Defend_R","Defend_R","Defend_R"],"score":263,"play_id":"46c56b24-776a-4100-8178-5b3dd18af0ad","local_time":"20180704141222","is_ascension_mode":false,"campfire_choices":[{"data":"Flex","floor":6,"key":"SMITH"},{"data":"Pommel Strike","floor":8,"key":"SMITH"},{"data":"Fire Breathing","floor":11,"key":"SMITH"},{"floor":15,"key":"REST"},{"floor":25,"key":"REST"},{"floor":32,"key":"REST"}],"neow_cost":"TEN_PERCENT_HP_LOSS","seed_source_timestamp":1165961492324891,"circlet_count":0,"master_deck":["Strike_R","Strike_R","Strike_R","Strike_R","Strike_R","Defend_R","Bash","Offering","Pommel Strike","Pommel Strike+1","Fire Breathing+1","Flex+1","Offering","Anger","Iron Wave","Sword Boomerang","Sword Boomerang+1","Bludgeon","Metallicize","Cleave+1","Cleave","Clash","Anger+1","Feed","Headbutt","Seeing Red+1","Berserk","Battle Trance+1","Infernal Blade+1"],"relics":["Burning Blood","Centennial Puzzle","Peace Pipe","Tiny House","Regal Pillow","Toxic Egg 2"],"potions_floor_usage":[7,16,16,21,33,33],"damage_taken":[{"damage":6,"enemies":"Small Slimes","floor":1,"turns":2},{"damage":5,"enemies":"Cultist","floor":2,"turns":3},{"damage":9,"enemies":"2 Louse","floor":3,"turns":2},{"damage":4,"enemies":"Blue Slaver","floor":5,"turns":1},{"damage":18,"enemies":"Lots of Slimes","floor":7,"turns":2},{"damage":8,"enemies":"3 Louse","floor":10,"turns":1},{"damage":13,"enemies":"Red Slaver","floor":12,"turns":2},{"damage":4,"enemies":"Gremlin Nob","floor":14,"turns":1},{"damage":46,"enemies":"Hexaghost","floor":16,"turns":5},{"damage":4,"enemies":"Chosen","floor":18,"turns":2},{"damage":13,"enemies":"3 Byrds","floor":19,"turns":2},{"damage":8,"enemies":"Snake Plant","floor":20,"turns":1},{"damage":16,"enemies":"Centurion and Healer","floor":21,"turns":3},{"damage":40,"enemies":"Slavers","floor":23,"turns":2},{"damage":11,"enemies":"3 Cultists","floor":27,"turns":3},{"damage":8,"enemies":"Snake Plant","floor":30,"turns":2},{"damage":22,"enemies":"Snecko","floor":31,"turns":4},{"damage":91,"enemies":"Champ","floor":33,"turns":6}],"seed_played":"-961879567996889726","potions_obtained":[{"floor":2,"key":"Explosive Potion"},{"floor":7,"key":"SteroidPotion"},{"floor":12,"key":"Block Potion"},{"floor":17,"key":"Fruit Juice"},{"floor":18,"key":"Fire Potion"},{"floor":21,"key":"Ancient Potion"},{"floor":30,"key":"Block Potion"}],"is_trial":false,"path_per_floor":["M","M","M","$","M","R","M","R","T","M","R","M","$","?","R","B",null,"M","M","M","M","$","E","$","R","T","M","?","$","M","M","R"],"character_chosen":"IRONCLAD","items_purchased":["Flex","Feed","Headbutt"],"campfire_rested":3,"item_purchase_floors":[4,22,24],"current_hp_per_floor":[72,72,69,69,71,71,59,59,59,57,57,50,50,52,72,32,77,77,70,68,63,63,29,29,68,68,66,66,66,64,48,85,0],"gold":56,"neow_bonus":"THREE_RARE_CARDS","is_prod":false,"is_daily":false,"chose_seed":false,"campfire_upgraded":3,"win_rate":0.0,"timestamp":1530727942,"path_taken":["M","M","M","$","M","R","M","R","T","M","R","M","$","?","R","BOSS","M","M","M","M","$","E","?","R","T","M","?","$","M","M","R","BOSS"],"build_version":"2018-06-28","purchased_purges":3,"victory":false,"max_hp_per_floor":[72,72,72,72,72,72,72,72,72,72,72,72,72,72,72,72,77,77,77,77,82,82,82,82,82,82,85,85,85,85,85,85,85],"card_choices":[{"not_picked":["Barricade","Demon Form"],"picked":"Offering","floor":0},{"not_picked":["Heavy Blade","True Grit"],"picked":"Pommel Strike","floor":1},{"not_picked":["Power Through","Warcry"],"picked":"Pommel Strike","floor":2},{"not_picked":["Reckless Charge","Clash"],"picked":"Fire Breathing","floor":3},{"not_picked":["Sword Boomerang","True Grit"],"picked":"Offering","floor":5},{"not_picked":["True Grit","Power Through"],"picked":"Anger","floor":7},{"not_picked":["Thunderclap","Corruption"],"picked":"Iron Wave","floor":10},{"not_picked":["Entrench","Heavy Blade"],"picked":"Sword Boomerang","floor":12},{"not_picked":["Dark Embrace","Thunderclap"],"picked":"Sword Boomerang","floor":14},{"not_picked":["Limit Break","Brutality"],"picked":"Bludgeon","floor":16},{"not_picked":["Uppercut","True Grit"],"picked":"Metallicize","floor":17},{"not_picked":["Body Slam","Clothesline+1"],"picked":"Cleave+1","floor":18},{"not_picked":["True Grit","Twin Strike"],"picked":"Cleave","floor":19},{"not_picked":["Feel No Pain","Shockwave"],"picked":"Clash","floor":20},{"not_picked":["Searing Blow+1","Ghostly Armor"],"picked":"Anger+1","floor":21},{"not_picked":["True Grit+1","Dark Embrace","Clothesline"],"picked":"SKIP","floor":23},{"not_picked":["Dropkick","Headbutt"],"picked":"Seeing Red+1","floor":27},{"not_picked":["True Grit+1","Heavy Blade"],"picked":"Battle Trance+1","floor":30},{"not_picked":["Entrench+1","Battle Trance+1"],"picked":"Infernal Blade+1","floor":31}],"player_experience":7966,"relics_obtained":[{"floor":9,"key":"Centennial Puzzle"},{"floor":23,"key":"Regal Pillow"},{"floor":26,"key":"Toxic Egg 2"}],"event_choices":[{"event_name":"Dead Adventurer","player_choice":"Searched \u00273\u0027 times","floor":14,"damage_taken":0},{"event_name":"Match and Keep!","player_choice":"1 cards matched","floor":28,"damage_taken":0}],"boss_relics":[{"not_picked":["Velvet Choker","Philosopher\u0027s Stone"],"picked":"Tiny House"}],"items_purged_floors":[4,13,22],"is_endless":false,"potions_floor_spawned":[2,7,12,18,21,30],"killed_by":"Champ","ascension_level":0}