{"gold_per_floor":[118,136,136,136,152,152,77,91,116,16,32,207,207,240,240,240],"floor_reached":16,"playtime":1432,"items_purged":["Defend_G","Defend_G"],"score":100,"play_id":"3bd0c1bb-9b29-43db-b23e-7eeba7e93a80","local_time":"20180711002425","is_ascension_mode":false,"campfire_choices":[{"data":"Terror","floor":6,"key":"SMITH"},{"data":"Neutralize","floor":13,"key":"SMITH"},{"floor":15,"key":"REST"}],"neow_cost":"TEN_PERCENT_HP_LOSS","seed_source_timestamp":1721727661663420,"circlet_count":0,"master_deck":["Defend_G","Defend_G","Defend_G","Strike_G","Strike_G","Strike_G","Strike_G","Strike_G","Survivor","Neutralize+1","Doppelganger+1","Finisher+1","Flying Knee","Injury","Terror+1","Doubt"],"relics":["Ring of the Snake","Blood Vial","Pen Nib"],"potions_floor_usage":[14,16,16],"damage_taken":[{"damage":1,"enemies":"Jaw Worm","floor":1,"turns":4},{"damage":4,"enemies":"Cultist","floor":2,"turns":3},{"damage":2,"enemies":"Small Slimes","floor":5,"turns":4},{"damage":2,"enemies":"Looter","floor":8,"turns":3},{"damage":3,"enemies":"Exordium Thugs","floor":11,"turns":4},{"damage":20,"enemies":"3 Sentries","floor":14,"turns":9},{"damage":64,"enemies":"Slime Boss","floor":16,"turns":11}],"seed_played":"9167054422538323890","potions_obtained":[{"floor":1,"key":"GhostInAJar"},{"floor":8,"key":"EssenceOfSteel"},{"floor":14,"key":"Regen Potion"}],"is_trial":false,"path_per_floor":["M","M","?","?","M","R","$","M","T","$","M","?","R","E","R"],"character_chosen":"THE_SILENT","items_purchased":[],"campfire_rested":1,"item_purchase_floors":[],"current_hp_per_floor":[62,58,58,58,56,56,56,54,54,54,53,53,53,35,53,0],"gold":240,"neow_bonus":"THREE_RARE_CARDS","is_prod":false,"is_daily":false,"chose_seed":false,"campfire_upgraded":2,"win_rate":0,"timestamp":1531283065,"path_taken":["M","M","?","?","M","R","$","M","T","?","?","?","R","E","R","BOSS"],"build_version":"2018-07-05","purchased_purges":2,"victory":false,"max_hp_per_floor":[63,63,63,63,63,63,63,63,63,63,63,63,63,63,63,63],"card_choices":[{"not_picked":["Glass Knife","Tactician"],"picked":"Doppelganger","floor":0},{"not_picked":["Slice","Reflex"],"picked":"Finisher","floor":1},{"not_picked":["Underhanded Strike","Cloak And Dagger"],"picked":"Flying Knee","floor":2},{"not_picked":["Quick Slash","Acrobatics"],"picked":"Terror","floor":5},{"not_picked":["All Out Attack","Dagger Throw","PiercingWail"],"picked":"SKIP","floor":8},{"not_picked":["Flying Knee","Prepared","Malaise"],"picked":"SKIP","floor":11},{"not_picked":["Deflect","Envenom","Acrobatics"],"picked":"SKIP","floor":14}],"player_experience":201763,"relics_obtained":[{"floor":9,"key":"Blood Vial"},{"floor":14,"key":"Pen Nib"}],"event_choices":[{"event_name":"Accursed Blacksmith","player_choice":"Forge","floor":3,"damage_taken":0},{"event_name":"Upgrade Shrine","player_choice":"Upgraded","floor":4,"damage_taken":0},{"event_name":"Liars Game","player_choice":"agreed","floor":12,"damage_taken":0}],"boss_relics":[],"items_purged_floors":[7,10],"is_endless":false,"potions_floor_spawned":[1,8,14],"killed_by":"Slime Boss","ascension_level":0}