{"gold_per_floor":[111,126,146,221,221,321,321,332,411,424,424,439,439,457,457,561,561,577,362,287,202,10,10,10,28,28,39,39],"floor_reached":28,"playtime":2222,"items_purged":[],"score":210,"play_id":"275d7afe-7af7-402f-ac0c-6e1c6d67b655","local_time":"20190219204709","is_ascension_mode":false,"campfire_choices":[{"data":"Gash","floor":7,"key":"SMITH"},{"floor":13,"key":"REST"},{"floor":15,"key":"REST"},{"floor":23,"key":"REST"}],"neow_cost":"NONE","seed_source_timestamp":358670910504804,"circlet_count":0,"master_deck":["Strike_B","Strike_B","Strike_B","Strike_B","Defend_B","Defend_B","Defend_B","Defend_B","Zap","Dualcast","Cold Snap","Capacitor","Coolheaded","Cold Snap","Echo Form","Gash+1","Rebound","Leap","Gash","Gash+1","Leap+1","Defragment"],"relics":["Cracked Core","NeowsBlessing","Inserter","Lantern","Centennial Puzzle","DollysMirror","Ancient Tea Set"],"potions_floor_usage":[8,10,12,16,16,28,28],"damage_taken":[{"damage":0,"enemies":"Cultist","floor":1,"turns":1},{"damage":0,"enemies":"Small Slimes","floor":2,"turns":1},{"damage":0,"enemies":"Jaw Worm","floor":3,"turns":1},{"damage":14,"enemies":"Gremlin Gang","floor":8,"turns":6},{"damage":13,"enemies":"3 Louse","floor":10,"turns":3},{"damage":8,"enemies":"Exordium Thugs","floor":12,"turns":5},{"damage":4,"enemies":"Blue Slaver","floor":14,"turns":5},{"damage":36,"enemies":"Hexaghost","floor":16,"turns":19},{"damage":16,"enemies":"3 Byrds","floor":18,"turns":7},{"damage":20,"enemies":"2 Thieves","floor":20,"turns":5},{"damage":28,"enemies":"Snake Plant","floor":25,"turns":7},{"damage":30,"enemies":"3 Cultists","floor":27,"turns":8},{"damage":4,"enemies":"Sentry and Sphere","floor":28,"turns":2}],"seed_played":"-2354787237873325749","potions_obtained":[{"floor":2,"key":"EntropicBrew"},{"floor":3,"key":"SpeedPotion"},{"floor":10,"key":"FocusPotion"},{"floor":16,"key":"Dexterity Potion"},{"floor":27,"key":"Dexterity Potion"}],"is_trial":false,"path_per_floor":["?","?","?","M","?","?"],"character_chosen":"DEFECT","items_purchased":["Rebound","Leap","Lantern","DollysMirror"],"campfire_rested":3,"item_purchase_floors":[19,19,19,22],"current_hp_per_floor":[75,75,75,64,64,64,64,50,50,37,42,34,56,52,74,38,75,59,59,39,39,39,61,61,33,33,3,0],"gold":39,"neow_bonus":"THREE_ENEMY_KILL","is_prod":false,"is_daily":false,"chose_seed":false,"campfire_upgraded":1,"win_rate":0,"timestamp":1550620029,"path_taken":["M","M","M","?","?","?","R","M","T","?","?","M","R","M","R","BOSS","M","$","M","?","$","R","$","M","T","M","M"],"build_version":"2019-01-23","purchased_purges":0,"victory":false,"max_hp_per_floor":[75,75,75,75,75,75,75,75,75,75,75,75,75,75,75,75,75,75,75,75,75,75,75,75,75,75,75,75],"card_choices":[{"not_picked":["Coolheaded","Hologram"],"picked":"Gash","floor":1},{"not_picked":["Barrage","Doom and Gloom"],"picked":"Cold Snap","floor":2},{"not_picked":["Go for the Eyes","Turbo","Skim"],"picked":"SKIP","floor":3},{"not_picked":["Steam Power","Tempest"],"picked":"Capacitor","floor":8},{"not_picked":["Ball Lightning","Conserve Battery"],"picked":"Coolheaded","floor":10},{"not_picked":["Beam Cell","Rip and Tear"],"picked":"Cold Snap","floor":12},{"not_picked":["Sweeping Beam","Doom and Gloom","Streamline"],"picked":"SKIP","floor":14},{"not_picked":["All For One","Amplify"],"picked":"Echo Form","floor":16},{"not_picked":["Sweeping Beam","Static Discharge"],"picked":"Gash+1","floor":18},{"not_picked":["Steam+1","Go for the Eyes+1"],"picked":"Gash","floor":20},{"not_picked":["Go for the Eyes","Beam Cell"],"picked":"Leap+1","floor":25},{"not_picked":["Blizzard","Doom and Gloom"],"picked":"Defragment","floor":27}],"player_experience":213245,"relics_obtained":[{"floor":26,"key":"Ancient Tea Set"}],"event_choices":[{"damage_healed":0,"gold_gain":75,"player_choice":"Gather Gold","damage_taken":11,"max_hp_gain":0,"max_hp_loss":0,"event_name":"World of Goop","floor":4,"gold_loss":0},{"damage_healed":0,"gold_gain":0,"player_choice":"Ignored","damage_taken":0,"max_hp_gain":0,"max_hp_loss":0,"event_name":"Golden Wing","floor":5,"gold_loss":0},{"damage_healed":0,"gold_gain":100,"player_choice":"Pray","damage_taken":0,"max_hp_gain":0,"max_hp_loss":0,"event_name":"Golden Shrine","floor":6,"gold_loss":0},{"cards_removed":["Gash"],"damage_healed":5,"gold_gain":0,"player_choice":"Offered Common","damage_taken":0,"max_hp_gain":0,"max_hp_loss":0,"event_name":"Bonfire Elementals","floor":11,"gold_loss":0},{"cards_removed":["Gash"],"damage_healed":5,"gold_gain":0,"player_choice":"Offered Special","damage_taken":0,"max_hp_gain":0,"max_hp_loss":0,"event_name":"Bonfire Elementals","floor":11,"gold_loss":0},{"damage_healed":0,"gold_gain":0,"player_choice":"Obtained Relic","damage_taken":0,"relics_obtained":["Centennial Puzzle"],"max_hp_gain":0,"max_hp_loss":0,"event_name":"Addict","floor":21,"gold_loss":85}],"is_beta":false,"boss_relics":[{"not_picked":["Nuclear Battery","Empty Cage"],"picked":"Inserter"}],"items_purged_floors":[],"is_endless":false,"potions_floor_spawned":[2,3,10,16,27],"killed_by":"Sentry and Sphere","ascension_level":0}