{"gold_per_floor":[112,123,123,142,4,24,24,43,43,55,55,69,81,98,98,202,202,220,220,400,415,415],"floor_reached":22,"playtime":882,"items_purged":[],"score":182,"play_id":"0aeac44c-869b-4aa7-b406-98d85c77e6ce","local_time":"20180706142722","is_ascension_mode":false,"campfire_choices":[{"floor":11,"key":"REST"},{"floor":15,"key":"REST"}],"neow_cost":"NONE","seed_source_timestamp":1340859425097996,"circlet_count":0,"master_deck":["Strike_R","Strike_R","Strike_R","Strike_R","Strike_R","Defend_R","Defend_R","Defend_R","Defend_R","Bash","Thunderclap","Flex","Inflame","Sword Boomerang","Thunderclap","Sword Boomerang","Whirlwind","Offering","Whirlwind"],"relics":["Burning Blood","Regal Pillow","Matryoshka","Letter Opener","Smiling Mask","Runic Dome"],"potions_floor_usage":[14,16,16],"damage_taken":[{"damage":11,"enemies":"2 Louse","floor":1,"turns":2},{"damage":11,"enemies":"Jaw Worm","floor":2,"turns":4},{"damage":0,"enemies":"Small Slimes","floor":4,"turns":3},{"damage":0,"enemies":"2 Fungi Beasts","floor":6,"turns":2},{"damage":35,"enemies":"Exordium Wildlife","floor":8,"turns":4},{"damage":39,"enemies":"Exordium Thugs","floor":10,"turns":4},{"damage":17,"enemies":"3 Louse","floor":12,"turns":3},{"damage":14,"enemies":"2 Fungi Beasts","floor":13,"turns":3},{"damage":21,"enemies":"Large Slime","floor":14,"turns":4},{"damage":20,"enemies":"Slime Boss","floor":16,"turns":7},{"damage":29,"enemies":"2 Thieves","floor":18,"turns":3},{"damage":10,"enemies":"Spheric Guardian","floor":21,"turns":3},{"damage":43,"enemies":"Slaver and Parasite","floor":22,"turns":3}],"seed_played":"-5336012159664125902","potions_obtained":[{"floor":4,"key":"Dexterity Potion"},{"floor":8,"key":"SkillPotion"},{"floor":12,"key":"Ancient Potion"},{"floor":13,"key":"Fire Potion"}],"is_trial":false,"path_per_floor":["M","M","?","M","$","M","?","M","T","M","R","M","M","M","R","B",null,"M","?","?","M"],"character_chosen":"IRONCLAD","items_purchased":["Flex","Inflame","Sword Boomerang"],"campfire_rested":2,"item_purchase_floors":[5,5,5],"current_hp_per_floor":[75,70,75,81,81,85,78,49,49,16,56,45,37,22,62,48,85,62,62,38,34,0],"gold":415,"neow_bonus":"RANDOM_COMMON_RELIC","is_prod":false,"is_daily":false,"chose_seed":false,"campfire_upgraded":0,"win_rate":0,"timestamp":1530901642,"path_taken":["M","M","?","M","$","M","?","M","T","M","R","M","M","M","R","BOSS","M","?","?","?","M"],"build_version":"2018-07-05","purchased_purges":0,"victory":false,"max_hp_per_floor":[80,80,85,85,85,85,85,85,85,85,85,85,85,85,85,85,85,85,85,85,85,85],"card_choices":[{"not_picked":["Twin Strike","Disarm","Clash"],"picked":"SKIP","floor":1},{"not_picked":["Searing Blow","Iron Wave","Headbutt"],"picked":"SKIP","floor":2},{"not_picked":["Headbutt","Heavy Blade"],"picked":"Thunderclap","floor":4},{"not_picked":["Second Wind","Anger"],"picked":"Thunderclap","floor":6},{"not_picked":["Iron Wave","Warcry"],"picked":"Sword Boomerang","floor":8},{"not_picked":["Battle Trance","Uppercut","Sword Boomerang"],"picked":"SKIP","floor":10},{"not_picked":["Clothesline","Sentinel","Body Slam"],"picked":"SKIP","floor":12},{"not_picked":["Rage","Havoc"],"picked":"Whirlwind","floor":13},{"not_picked":["Headbutt","Havoc"],"picked":"Offering","floor":14},{"not_picked":["Havoc","Perfected Strike","Pommel Strike"],"picked":"SKIP","floor":18},{"not_picked":["Armaments+1","Anger+1","Wild Strike"],"picked":"SKIP","floor":21}],"player_experience":95183,"relics_obtained":[{"floor":9,"key":"Letter Opener"},{"floor":9,"key":"Smiling Mask"}],"event_choices":[{"event_name":"Big Fish","player_choice":"Donut","floor":3,"damage_taken":0},{"event_name":"Scrap Ooze","player_choice":"success","floor":7,"damage_taken":7},{"event_name":"The Library","player_choice":"Read","floor":19,"damage_taken":0},{"event_name":"Knowing Skull","player_choice":"GOLD GOLD ","floor":20,"damage_taken":0}],"boss_relics":[{"not_picked":["Empty Cage","Fusion Hammer"],"picked":"Runic Dome"}],"items_purged_floors":[],"is_endless":false,"potions_floor_spawned":[4,8,12,13],"killed_by":"Slaver and Parasite","ascension_level":0}