{"gold_per_floor":[114,5,5,25,74,74,86,106,106,119,24,41,41,52,52,153,153,165,88,104,203,228,238,238,102,155,174,191,191,66,86,86,190,190,202,202,202,202],"floor_reached":38,"playtime":1788,"items_purged":["Defend_G","Defend_G","Defend_G"],"score":568,"play_id":"73e77a74-2ca2-42d6-b44c-7b5e2bc080da","local_time":"20180706093940","is_ascension_mode":false,"campfire_choices":[{"data":"Mind Blast","floor":6,"key":"SMITH"},{"data":"Finisher","floor":13,"key":"SMITH"},{"floor":15,"key":"REST"},{"floor":24,"key":"REST"},{"floor":29,"key":"REST"},{"floor":32,"key":"REST"}],"neow_cost":"NONE","seed_source_timestamp":1322690196724031,"circlet_count":0,"master_deck":["Strike_G","Strike_G","Strike_G","Strike_G","Strike_G","Neutralize+1","Bane","Finisher","Mind Blast+1","Finisher+1","Deadly Poison","Flying Knee","Flash of Steel","Flying Knee","Dagger Throw+1","Finisher+1","J.A.X.","Blade Dance","Poisoned Stab"],"relics":["Empty Cage","Anchor","Matryoshka","Velvet Choker","Red Mask","Potion Belt","Whetstone","Philosopher\u0027s Stone","Torii"],"potions_floor_usage":[16,16,16,16,16,33,33,36,36,38],"damage_taken":[{"damage":6,"enemies":"Cultist","floor":1,"turns":3},{"damage":0,"enemies":"Small Slimes","floor":4,"turns":2},{"damage":1,"enemies":"Jaw Worm","floor":7,"turns":3},{"damage":11,"enemies":"Blue Slaver","floor":8,"turns":3},{"damage":2,"enemies":"3 Louse","floor":10,"turns":2},{"damage":1,"enemies":"Exordium Wildlife","floor":12,"turns":2},{"damage":12,"enemies":"Large Slime","floor":14,"turns":4},{"damage":0,"enemies":"Slime Boss","floor":16,"turns":4},{"damage":0,"enemies":"Spheric Guardian","floor":18,"turns":2},{"damage":3,"enemies":"Chosen","floor":20,"turns":2},{"damage":26,"floor":22,"turns":4},{"damage":30,"enemies":"Snake Plant","floor":23,"turns":4},{"damage":7,"enemies":"Chosen and Byrds","floor":27,"turns":4},{"damage":3,"enemies":"Snecko","floor":28,"turns":3},{"damage":20,"enemies":"Snake Plant","floor":31,"turns":3},{"damage":28,"enemies":"Collector","floor":33,"turns":6},{"damage":25,"enemies":"3 Shapes","floor":35,"turns":3},{"damage":50,"floor":36,"turns":4},{"damage":3,"enemies":"3 Darklings","floor":38,"turns":2}],"seed_played":"2268712641953905794","potions_obtained":[{"floor":1,"key":"PowerPotion"},{"floor":7,"key":"SteroidPotion"},{"floor":8,"key":"EntropicBrew"},{"floor":22,"key":"FairyPotion"},{"floor":23,"key":"Energy Potion"},{"floor":31,"key":"GamblersBrew"},{"floor":33,"key":"FearPotion"},{"floor":35,"key":"PowerPotion"},{"floor":36,"key":"Strength Potion"}],"is_trial":false,"path_per_floor":["M","$","?","M","T","R","M","M","T","M","$","M","R","M","R","B",null,"M","?","M","?","?","M","R","$","T","M","M","R","$","M","R","B",null,"M","?","?"],"character_chosen":"THE_SILENT","items_purchased":["Finisher","Flash of Steel","Blade Dance"],"campfire_rested":4,"item_purchase_floors":[2,11,25],"current_hp_per_floor":[64,64,64,64,64,64,63,52,52,50,50,49,49,37,58,58,70,70,70,67,67,41,11,32,32,32,25,22,43,43,23,44,16,70,45,2,2,0],"gold":202,"neow_bonus":"BOSS_RELIC","is_prod":false,"is_daily":false,"chose_seed":false,"campfire_upgraded":2,"win_rate":0.0,"timestamp":1530884380,"path_taken":["M","?","?","M","?","R","M","M","T","M","$","M","R","M","R","BOSS","M","?","M","?","?","M","R","?","T","M","M","R","$","M","R","BOSS","M","?","?","?"],"build_version":"2018-07-05","purchased_purges":3,"victory":false,"max_hp_per_floor":[70,70,70,70,70,70,70,70,70,70,70,70,70,70,70,70,70,70,70,70,70,70,70,70,70,70,70,70,70,70,70,70,70,70,70,70,70,70],"card_choices":[{"not_picked":["Bouncing Flask","Blade Dance"],"picked":"Bane","floor":1},{"not_picked":["Prepared","Acrobatics"],"picked":"Finisher","floor":4},{"not_picked":["Bouncing Flask","Reflex"],"picked":"Deadly Poison","floor":7},{"not_picked":["Night Terror","Deflect"],"picked":"Flying Knee","floor":8},{"not_picked":["Dodge and Roll","Blur","Calculated Gamble"],"picked":"SKIP","floor":10},{"not_picked":["Dagger Spray","PiercingWail"],"picked":"Flying Knee","floor":12},{"not_picked":["Catalyst","Quick Slash"],"picked":"Dagger Throw","floor":14},{"not_picked":["Flying Knee","Heel Hook"],"picked":"Finisher+1","floor":18},{"not_picked":["Deflect","Flying Knee+1","Calculated Gamble"],"picked":"SKIP","floor":20},{"not_picked":["Flying Knee","Dagger Spray+1","Backflip"],"picked":"SKIP","floor":23},{"not_picked":["All Out Attack","Acrobatics"],"picked":"Poisoned Stab","floor":27},{"not_picked":["PiercingWail","Dagger Spray+1","Prepared"],"picked":"SKIP","floor":28},{"not_picked":["Catalyst+1","Riddle With Holes","Footwork"],"picked":"SKIP","floor":31},{"not_picked":["Flying Knee","Acrobatics","Deflect+1"],"picked":"SKIP","floor":35}],"player_experience":77852,"relics_obtained":[{"floor":5,"key":"Anchor"},{"floor":9,"key":"Matryoshka"},{"floor":22,"key":"Red Mask"},{"floor":26,"key":"Potion Belt"},{"floor":26,"key":"Whetstone"},{"floor":36,"key":"Torii"}],"event_choices":[{"event_name":"Match and Keep!","player_choice":"1 cards matched","floor":3,"damage_taken":0},{"event_name":"Drug Dealer","player_choice":"Got JAXXED","floor":19,"damage_taken":0},{"event_name":"Nest","player_choice":"Stole From Cult","floor":21,"damage_taken":0},{"event_name":"Masked Bandits","player_choice":"Fought over 203 gold","floor":22,"damage_taken":0},{"event_name":"MindBloom","player_choice":"Fight","floor":36,"damage_taken":0},{"event_name":"Falling","player_choice":"Removed Skill","floor":37,"damage_taken":0}],"boss_relics":[{"not_picked":["Runic Pyramid","Eternal Feather"],"picked":"Velvet Choker"},{"not_picked":["Black Star","White Beast Statue"],"picked":"Philosopher\u0027s Stone"}],"items_purged_floors":[2,25,30],"is_endless":false,"potions_floor_spawned":[1,7,8,14,22,23,31,33,35,36],"killed_by":"3 Darklings","ascension_level":0}