{"gold_per_floor":[109,31,44,44,56,91,111,111,111,111,92,122,141,159,159,260,260,271,287,55,65,78,104,104,104,104,116,132,132],"floor_reached":29,"playtime":5498,"items_purged":[],"score":261,"play_id":"f7f3ca7f-f884-41f6-b8ae-5fb97a5e5236","local_time":"20190318160225","is_ascension_mode":false,"campfire_choices":[{"data":"Neutralize","floor":8.0,"key":"SMITH"},{"floor":15.0,"key":"REST"},{"data":"Caltrops","floor":24,"key":"SMITH"}],"neow_cost":"NONE","seed_source_timestamp":438408306472585,"circlet_count":0,"master_deck":["Defend_G","Defend_G","Defend_G","Defend_G","Defend_G","Strike_G","Strike_G","Strike_G","Strike_G","Survivor","Neutralize+1","Dagger Spray","Infinite Blades","Caltrops+1","Well Laid Plans","Burst","Leg Sweep","PiercingWail","Backflip","Die Die Die","Accuracy+1","Malaise","Infinite Blades","Backflip","Noxious Fumes","Cloak And Dagger","Noxious Fumes","Backstab+1"],"special_seed":0,"relics":["Ring of the Snake","Bottled Tornado","Bottled Lightning","Question Card","WristBlade","Membership Card","Bag of Preparation"],"potions_floor_usage":[21,22,23,28],"damage_taken":[{"damage":8.0,"enemies":"Cultist","floor":1.0,"turns":5.0},{"damage":3.0,"enemies":"2 Louse","floor":3.0,"turns":3.0},{"damage":0.0,"enemies":"Small Slimes","floor":5.0,"turns":3.0},{"damage":21.0,"enemies":"Lagavulin","floor":6.0,"turns":9.0},{"damage":5.0,"enemies":"2 Fungi Beasts","floor":7.0,"turns":3.0},{"damage":4.0,"enemies":"Exordium Thugs","floor":11.0,"turns":6.0},{"damage":33.0,"enemies":"Gremlin Nob","floor":12.0,"turns":5.0},{"damage":0.0,"enemies":"Exordium Wildlife","floor":13.0,"turns":4.0},{"damage":2.0,"enemies":"3 Louse","floor":14.0,"turns":4.0},{"damage":22.0,"enemies":"The Guardian","floor":16.0,"turns":22.0},{"damage":0,"enemies":"Chosen","floor":18,"turns":8},{"damage":10,"enemies":"3 Byrds","floor":19,"turns":4},{"damage":3,"enemies":"Cultist and Chosen","floor":21,"turns":6},{"damage":12,"enemies":"Centurion and Healer","floor":22,"turns":9},{"damage":9,"enemies":"Book of Stabbing","floor":23,"turns":9},{"damage":31,"enemies":"Sentry and Sphere","floor":27,"turns":7},{"damage":7,"enemies":"Snecko","floor":28,"turns":5},{"damage":10,"enemies":"Snake Plant","floor":29,"turns":2}],"seed_played":"-2464817210591759544","potions_obtained":[{"floor":6.0,"key":"GamblersBrew"},{"floor":11.0,"key":"LiquidBronze"},{"floor":12.0,"key":"Strength Potion"},{"floor":16.0,"key":"Ancient Potion"},{"floor":19,"key":"Fire Potion"},{"floor":21,"key":"SkillPotion"},{"floor":27,"key":"LiquidBronze"}],"is_trial":false,"path_per_floor":["$","?","?","?"],"character_chosen":"THE_SILENT","items_purchased":["Infinite Blades","Membership Card","Infinite Blades"],"campfire_rested":1,"item_purchase_floors":[2,20,20],"current_hp_per_floor":[69,69,66,66,66,45,40,40,40,40,36,3,3,1,24,2,77,77,67,67,64,52,43,43,43,43,12,5,0],"gold":132,"neow_bonus":"TEN_PERCENT_HP_BONUS","is_prod":false,"is_daily":false,"chose_seed":false,"campfire_upgraded":2,"win_rate":0,"timestamp":1552935745,"path_taken":["M","?","M","?","M","E","M","R","T","?","M","E","M","M","R","BOSS","M","M","$","M","M","E","R","?","T","M","M","M"],"build_version":"2019-01-23","purchased_purges":0,"victory":false,"max_hp_per_floor":[77,77,77,77,77,77,77,77,77,77,77,77,77,77,77,77,77,77,77,77,77,77,77,77,77,77,77,77,77],"card_choices":[{"not_picked":["Backflip","Slice"],"picked":"Dagger Spray","floor":1.0},{"not_picked":["Cloak And Dagger","Dagger Throw"],"picked":"Caltrops","floor":3.0},{"not_picked":["Setup","Outmaneuver","Underhanded Strike"],"picked":"SKIP","floor":5.0},{"not_picked":["Riddle With Holes","Acrobatics"],"picked":"Well Laid Plans","floor":6.0},{"not_picked":["Deadly Poison","Phantasmal Killer","Expertise"],"picked":"SKIP","floor":7.0},{"not_picked":["Cloak And Dagger","Flying Knee"],"picked":"Leg Sweep","floor":11.0},{"not_picked":["Deadly Poison","Grand Finale","Setup"],"picked":"SKIP","floor":12.0},{"not_picked":["Heel Hook","Bouncing Flask","Masterful Stab"],"picked":"PiercingWail","floor":13.0},{"not_picked":["Flying Knee","Bane","Infinite Blades"],"picked":"Backflip","floor":14.0},{"not_picked":["Burst","Night Terror","Doppelganger"],"picked":"Die Die Die","floor":16.0},{"not_picked":["Riddle With Holes","Underhanded Strike+1","Slice"],"picked":"Accuracy+1","floor":18},{"not_picked":["Dagger Throw+1","Dodge and Roll","Poisoned Stab+1"],"picked":"Malaise","floor":19},{"not_picked":["Escape Plan","Bane","Slice"],"picked":"Backflip","floor":21},{"not_picked":["Eviscerate","PiercingWail","Deadly Poison"],"picked":"Noxious Fumes","floor":22},{"not_picked":["Slice","PiercingWail","Predator+1"],"picked":"Cloak And Dagger","floor":23},{"not_picked":["Sucker Punch","Backflip","Phantasmal Killer"],"picked":"Noxious Fumes","floor":27},{"not_picked":["All Out Attack","Sucker Punch","Underhanded Strike"],"picked":"Backstab+1","floor":28}],"player_experience":345426,"relics_obtained":[{"floor":6.0,"key":"Bottled Tornado"},{"floor":9.0,"key":"Bottled Lightning"},{"floor":12.0,"key":"Question Card"},{"floor":23,"key":"Bag of Preparation"}],"event_choices":[{"damage_healed":0.0,"max_hp_gain":0.0,"max_hp_loss":0.0,"gold_gain":0.0,"event_name":"Liars Game","player_choice":"Ignored","floor":4.0,"gold_loss":0.0,"damage_taken":0.0},{"damage_healed":0.0,"max_hp_gain":0.0,"max_hp_loss":0.0,"gold_gain":0.0,"cards_transformed":["Strike_G"],"event_name":"Transmorgrifier","player_choice":"Transformed","floor":10.0,"gold_loss":0.0,"damage_taken":0.0,"cards_obtained":["Burst"]},{"damage_healed":0,"gold_gain":0,"player_choice":"Ignored","damage_taken":0,"max_hp_gain":0,"max_hp_loss":0,"event_name":"Ghosts","floor":25,"gold_loss":0}],"is_beta":false,"boss_relics":[{"not_picked":["Runic Pyramid","Runic Dome"],"picked":"WristBlade"}],"items_purged_floors":[],"is_endless":false,"potions_floor_spawned":[6,11,12,16,19,21,27],"killed_by":"Snake Plant","ascension_level":0}