{"gold_per_floor":[115,133,208,222,172,172,192,208,232,248,266,266],"floor_reached":12,"playtime":920,"items_purged":[],"score":74,"play_id":"6ee80178-f8cf-46a0-ab72-c2bcae224bb0","local_time":"20180730155003","is_ascension_mode":false,"campfire_choices":[{"data":"Neutralize","floor":6,"key":"SMITH"}],"neow_cost":"NONE","seed_source_timestamp":1669125580425761,"circlet_count":0,"master_deck":["Defend_G","Defend_G","Defend_G","Defend_G","Strike_G","Strike_G","Strike_G","Strike_G","Strike_G","Survivor","Neutralize+1"],"relics":["Ring of the Snake","Regal Pillow"],"potions_floor_usage":[1,1,1,11],"damage_taken":[{"damage":3,"enemies":"Jaw Worm","floor":1,"turns":3},{"damage":0,"enemies":"Cultist","floor":2,"turns":4},{"damage":8,"enemies":"2 Louse","floor":4,"turns":3},{"damage":5,"enemies":"Blue Slaver","floor":7,"turns":4},{"damage":19,"enemies":"Red Slaver","floor":8,"turns":3},{"damage":26,"enemies":"Exordium Thugs","floor":10,"turns":7},{"damage":6,"enemies":"Blue Slaver","floor":11,"turns":4},{"damage":9,"enemies":"2 Fungi Beasts","floor":12,"turns":2}],"seed_played":"-8742875040064364139","potions_obtained":[{"floor":7,"key":"PowerPotion"},{"floor":8,"key":"SpeedPotion"},{"floor":10,"key":"LiquidBronze"},{"floor":11,"key":"GhostInAJar"}],"is_trial":false,"path_per_floor":["M","M","?","M","?","R","M","M","T","M","M"],"character_chosen":"THE_SILENT","items_purchased":[],"campfire_rested":0,"item_purchase_floors":[],"current_hp_per_floor":[77,77,69,61,61,61,56,37,37,11,5,0],"gold":266,"neow_bonus":"THREE_SMALL_POTIONS","is_prod":false,"is_daily":false,"chose_seed":false,"campfire_upgraded":1,"win_rate":0,"timestamp":1532980203,"path_taken":["M","M","?","M","?","R","M","M","T","M","?","M"],"build_version":"2018-07-26","purchased_purges":0,"victory":false,"max_hp_per_floor":[80,80,80,80,80,80,80,80,80,80,80,80],"card_choices":[{"not_picked":["PiercingWail","Deadly Poison","Underhanded Strike"],"picked":"SKIP","floor":1},{"not_picked":["Catalyst","Tactician","Dagger Spray"],"picked":"SKIP","floor":2},{"not_picked":["Dagger Throw","Outmaneuver","Crippling Poison"],"picked":"SKIP","floor":4},{"not_picked":["Dagger Spray","Calculated Gamble","Well Laid Plans"],"picked":"SKIP","floor":7},{"not_picked":["Escape Plan","Flechettes","Heel Hook"],"picked":"SKIP","floor":8},{"not_picked":["Setup","Catalyst","PiercingWail"],"picked":"SKIP","floor":10},{"not_picked":["Heel Hook","Underhanded Strike","Escape Plan"],"picked":"SKIP","floor":11}],"player_experience":287414,"relics_obtained":[{"floor":9,"key":"Regal Pillow"}],"event_choices":[{"event_name":"FaceTrader","player_choice":"Touch","floor":3,"damage_taken":0},{"event_name":"The Cleric","player_choice":"Card Removal","floor":5,"damage_taken":0}],"is_beta":false,"boss_relics":[],"items_purged_floors":[],"is_endless":false,"potions_floor_spawned":[7,8,10,11],"killed_by":"2 Fungi Beasts","ascension_level":0}