{"gold_per_floor":[119,21,37,37,54,54,7,7,7,23,23,23,23,39,39,143,193,209,227,6,6],"floor_reached":21,"playtime":449,"items_purged":["Defend_R"],"score":213,"play_id":"6c236da5-dd6e-41ab-8bba-5ec39223cf44","local_time":"20180923031235","is_ascension_mode":true,"campfire_choices":[{"data":"Offering","floor":6,"key":"SMITH"},{"data":"Shrug It Off","floor":8,"key":"SMITH"},{"data":"Bash","floor":15,"key":"SMITH"}],"neow_cost":"","seed_source_timestamp":144359095734040,"circlet_count":0,"master_deck":["Strike_R","Strike_R","Strike_R","Strike_R","Strike_R+1","Defend_R","Defend_R","Bash+1","Twin Strike+1","Shrug It Off+1","Offering+1","Shrug It Off","Regret","Whirlwind"],"relics":["Burning Blood","Gremlin Horn","Pear","Tiny House","Vajra"],"potions_floor_usage":[11,16],"damage_taken":[{"damage":12,"enemies":"Jaw Worm","floor":1,"turns":2},{"damage":0,"enemies":"Cultist","floor":3,"turns":3},{"damage":0,"enemies":"2 Louse","floor":5,"turns":2},{"damage":6,"enemies":"Looter","floor":10,"turns":2},{"damage":0,"enemies":"3 Louse","floor":11,"turns":1},{"damage":24,"enemies":"Exordium Thugs","floor":14,"turns":3},{"damage":25,"enemies":"Slime Boss","floor":16,"turns":6},{"damage":17,"enemies":"Chosen","floor":18,"turns":4},{"damage":31,"enemies":"Spheric Guardian","floor":19,"turns":4},{"damage":59,"enemies":"Shelled Parasite and Fungi","floor":21,"turns":2}],"seed_played":"-8991251208139863195","potions_obtained":[{"floor":3,"key":"Strength Potion"},{"floor":5,"key":"Explosive Potion"},{"floor":14,"key":"Dexterity Potion"},{"floor":17,"key":"PowerPotion"},{"floor":19,"key":"SmokeBomb"}],"is_trial":false,"path_per_floor":["M","$","M","?","M","R","$","R","T","M","M","?","?","M","R","B",null,"M","M","$"],"character_chosen":"IRONCLAD","items_purchased":["Shrug It Off","Shrug It Off","Whirlwind","Vajra"],"campfire_rested":0,"item_purchase_floors":[2,7,20,20],"current_hp_per_floor":[74,74,80,80,80,80,80,80,80,80,80,80,90,72,72,53,95,84,59,59,0],"gold":6,"neow_bonus":"","is_prod":false,"is_daily":false,"chose_seed":false,"campfire_upgraded":3,"win_rate":0,"timestamp":1537686755,"path_taken":["M","$","M","?","M","R","$","R","T","?","M","?","?","M","R","BOSS","M","?","$","M"],"build_version":"2018-09-20","purchased_purges":1,"victory":false,"max_hp_per_floor":[80,80,80,80,80,80,80,80,80,80,80,80,90,90,90,90,95,95,95,95,95],"card_choices":[{"not_picked":["Body Slam","Heavy Blade"],"picked":"Twin Strike","floor":1},{"not_picked":["Body Slam","Clothesline","Dual Wield"],"picked":"SKIP","floor":3},{"not_picked":["True Grit","Metallicize"],"picked":"Offering","floor":5},{"not_picked":["Shrug It Off","Sentinel","Shockwave"],"picked":"SKIP","floor":10},{"not_picked":["Feel No Pain","Twin Strike","Pummel"],"picked":"SKIP","floor":11},{"not_picked":["Heavy Blade","Armaments","Headbutt"],"picked":"SKIP","floor":14},{"not_picked":["Entrench","Iron Wave","Rupture"],"picked":"SKIP","floor":18},{"not_picked":["Anger","Pummel","Body Slam"],"picked":"SKIP","floor":19}],"player_experience":384364,"relics_obtained":[{"floor":9,"key":"Gremlin Horn"}],"event_choices":[{"event_name":"Bonfire Elementals","player_choice":"BASIC","floor":4,"damage_taken":0},{"event_name":"Living Wall","player_choice":"Grow","floor":12,"damage_taken":0},{"event_name":"Big Fish","player_choice":"Box","floor":13,"damage_taken":0}],"is_beta":false,"boss_relics":[{"not_picked":["Eternal Feather","Calling Bell"],"picked":"Tiny House"}],"items_purged_floors":[2],"is_endless":false,"potions_floor_spawned":[3,5,11,14,19],"killed_by":"Shelled Parasite and Fungi","ascension_level":2}