{"gold_per_floor":[109,126,126,136,156,156,186,202,202,127,138,148,168,68,68,172,172,184,184,184,59,79,79,91,102,147,147,147,157,177,196,196,196],"floor_reached":33,"playtime":1564,"items_purged":["Defend_B","Defend_B","Strike_B"],"score":255,"play_id":"c0afb991-618d-41bb-9d58-0a53d709071c","local_time":"20180709151142","is_ascension_mode":false,"campfire_choices":[{"data":"Coolheaded","floor":6,"key":"SMITH"},{"floor":15,"key":"REST"},{"data":"Rainbow","floor":23,"key":"SMITH"},{"floor":32,"key":"REST"}],"neow_cost":"NONE","seed_source_timestamp":1602040192863308,"circlet_count":0,"master_deck":["Strike_B+1","Strike_B","Strike_B","Defend_B+1","Defend_B+1","Zap","Dualcast+1","Cold Snap","Ball Lightning","Coolheaded+1","Ball Lightning","Cold Snap","Static Discharge","Seek","Rainbow+1","Parasite","Doubt"],"relics":["Cursed Key","Omamori","War Paint","Runic Pyramid","Centennial Puzzle","Pen Nib","Bottled Tornado"],"potions_floor_usage":[16,31,33,33],"damage_taken":[{"damage":0,"enemies":"2 Louse","floor":1,"turns":2},{"damage":0,"enemies":"Jaw Worm","floor":2,"turns":4},{"damage":0,"enemies":"Small Slimes","floor":4,"turns":3},{"damage":4,"enemies":"Gremlin Gang","floor":5,"turns":4},{"damage":14,"enemies":"3 Sentries","floor":7,"turns":7},{"damage":2,"enemies":"3 Louse","floor":8,"turns":4},{"damage":0,"enemies":"Exordium Thugs","floor":11,"turns":3},{"damage":0,"enemies":"Looter","floor":12,"turns":2},{"damage":5,"enemies":"Blue Slaver","floor":13,"turns":3},{"damage":15,"enemies":"The Guardian","floor":16,"turns":9},{"damage":8,"enemies":"Chosen","floor":18,"turns":4},{"damage":7,"enemies":"Shell Parasite","floor":22,"turns":4},{"damage":1,"enemies":"Snecko","floor":24,"turns":5},{"damage":16,"enemies":"Snake Plant","floor":25,"turns":3},{"damage":0,"enemies":"Centurion and Healer","floor":29,"turns":8},{"damage":19,"enemies":"Cultist and Chosen","floor":30,"turns":4},{"damage":2,"enemies":"Snake Plant","floor":31,"turns":3},{"damage":59,"enemies":"Champ","floor":33,"turns":9}],"seed_played":"-3830302474667520002","potions_obtained":[{"floor":4,"key":"LiquidBronze"},{"floor":8,"key":"Block Potion"},{"floor":11,"key":"Swift Potion"},{"floor":16,"key":"SpeedPotion"},{"floor":31,"key":"SteroidPotion"}],"is_trial":false,"path_per_floor":["M","M","?","M","M","R","E","M","T","$","M","M","M","$","R","B",null,"M","?","?","$","M","R","M","M","T","$","T","M","M","M","R"],"character_chosen":"DEFECT","items_purchased":[],"campfire_rested":2,"item_purchase_floors":[],"current_hp_per_floor":[75,75,60,60,56,56,42,40,40,40,40,40,35,35,57,42,75,67,67,67,67,60,60,59,43,43,43,43,43,24,22,44,0],"gold":196,"neow_bonus":"BOSS_RELIC","is_prod":false,"is_daily":false,"chose_seed":false,"campfire_upgraded":2,"win_rate":0.0,"timestamp":1531163502,"path_taken":["M","M","?","M","?","R","E","M","T","$","M","M","M","$","R","BOSS","M","?","?","$","?","R","M","M","T","?","?","M","M","M","R","BOSS"],"build_version":"2018-07-05","purchased_purges":3,"victory":false,"max_hp_per_floor":[75,75,75,75,75,75,75,75,75,75,75,75,75,75,75,75,75,75,75,75,75,75,75,75,75,75,75,75,75,75,75,75,75],"card_choices":[{"not_picked":["Go for the Eyes","Scrape","Redo"],"picked":"SKIP","floor":1},{"not_picked":["Compile Driver","Doom and Gloom"],"picked":"Cold Snap","floor":2},{"not_picked":["Reprogram","Capacitor"],"picked":"Ball Lightning","floor":4},{"not_picked":["Go for the Eyes","Storm"],"picked":"Coolheaded","floor":5},{"not_picked":["Reinforced Body","Go for the Eyes","Tempest"],"picked":"SKIP","floor":7},{"not_picked":["Sweeping Beam","Skim"],"picked":"Ball Lightning","floor":8},{"not_picked":["Scrape","Hologram"],"picked":"Cold Snap","floor":11},{"not_picked":["Gash","White Noise"],"picked":"Static Discharge","floor":12},{"not_picked":["Conserve Battery","Gash"],"picked":"Seek","floor":13},{"not_picked":["Meteor Strike","Thunder Strike"],"picked":"Rainbow","floor":16},{"not_picked":["White Noise","Barrage+1","Static Discharge"],"picked":"SKIP","floor":18},{"not_picked":["Ball Lightning","Melter","Glacier"],"picked":"SKIP","floor":22},{"not_picked":["Turbo","Rebound+1","Skim"],"picked":"SKIP","floor":24},{"not_picked":["Gash+1","Rebound","Undo"],"picked":"SKIP","floor":25},{"not_picked":["Fusion","Streamline+1","Ball Lightning"],"picked":"SKIP","floor":29},{"not_picked":["Streamline+1","Darkness","Sunder"],"picked":"SKIP","floor":30},{"not_picked":["Leap","Gash","Stack+1"],"picked":"SKIP","floor":31}],"player_experience":153738,"relics_obtained":[{"floor":7,"key":"Omamori"},{"floor":9,"key":"War Paint"},{"floor":26,"key":"Pen Nib"},{"floor":28,"key":"Bottled Tornado"}],"event_choices":[{"event_name":"Shining Light","player_choice":"Entered Light","floor":3,"damage_taken":0},{"event_name":"N\u0027loth","player_choice":"Ignored","floor":19,"damage_taken":0},{"event_name":"The Mausoleum","player_choice":"Yes","floor":20,"damage_taken":0}],"boss_relics":[{"not_picked":["Coffee Dripper","Eternal Feather"],"picked":"Runic Pyramid"}],"items_purged_floors":[10,14,21],"is_endless":false,"potions_floor_spawned":[4,8,11,12,16,22,25,29,31],"killed_by":"Champ","ascension_level":0}