{"gold_per_floor":[117,42,60,60,72,72,72,72,72,103,118,18,35,0,0,98,98,118,136,136,61,71,90,90,106,131,131,144,144,144,157,157,261,261,272,272,282,157,7,7,33,44,44,44,44,44,44,55,55,55],"floor_reached":50,"playtime":2023,"items_purged":["Defend_R","Bash+1","Defend_R","Defend_R"],"score":497,"play_id":"524bb6af-198c-4798-96a0-4c73182e26b5","local_time":"20180720143225","is_ascension_mode":false,"campfire_choices":[{"data":"Perfected Strike","floor":6,"key":"SMITH"},{"data":"Bash","floor":8,"key":"SMITH"},{"data":"Perfected Strike","floor":15,"key":"SMITH"},{"floor":24,"key":"REST"},{"floor":27,"key":"REST"},{"floor":32,"key":"REST"},{"floor":40,"key":"REST"},{"floor":44,"key":"REST"},{"floor":47,"key":"REST"},{"floor":49,"key":"REST"}],"neow_cost":"NONE","seed_source_timestamp":799344007389663,"circlet_count":0,"master_deck":["Strike_R","Strike_R","Strike_R","Strike_R","Strike_R","Perfected Strike+1","Perfected Strike+1","Perfected Strike+1","Pommel Strike+1","Perfected Strike","Flex+1","Writhe"],"relics":["Burning Blood","Kunai","Ginger","Fusion Hammer","Orichalcum","Lizard Tail","Ice Cream","Incense Burner"],"potions_floor_usage":[18,25,25,33,33,33,50],"damage_taken":[{"damage":6,"enemies":"Cultist","floor":1,"turns":3},{"damage":1,"enemies":"2 Louse","floor":3,"turns":2},{"damage":13,"enemies":"Jaw Worm","floor":5,"turns":3},{"damage":19,"enemies":"3 Sentries","floor":10,"turns":5},{"damage":0,"enemies":"Large Slime","floor":11,"turns":3},{"damage":10,"enemies":"Looter","floor":13,"turns":2},{"damage":75,"enemies":"The Guardian","floor":16,"turns":7},{"damage":10,"enemies":"2 Thieves","floor":18,"turns":2},{"damage":28,"enemies":"3 Byrds","floor":19,"turns":4},{"damage":10,"enemies":"Snecko","floor":22,"turns":3},{"damage":0,"enemies":"Snake Plant","floor":23,"turns":2},{"damage":14,"enemies":"Cultist and Chosen","floor":25,"turns":4},{"damage":7,"enemies":"Chosen and Byrds","floor":28,"turns":4},{"damage":2,"enemies":"Centurion and Healer","floor":31,"turns":3},{"damage":62,"enemies":"Collector","floor":33,"turns":7},{"damage":16,"enemies":"3 Shapes","floor":35,"turns":3},{"damage":22,"enemies":"3 Darklings","floor":37,"turns":3},{"damage":101,"enemies":"Giant Head","floor":41,"turns":8},{"damage":23,"enemies":"Maw","floor":42,"turns":5},{"damage":12,"enemies":"Flame Bruiser 2 Orb","floor":48,"turns":2},{"damage":108,"enemies":"Awakened One","floor":50,"turns":9}],"seed_played":"7758840848463275258","potions_obtained":[{"floor":1,"key":"AttackPotion"},{"floor":5,"key":"Ancient Potion"},{"floor":11,"key":"Poison Potion"},{"floor":19,"key":"Poison Potion"},{"floor":23,"key":"Energy Potion"},{"floor":28,"key":"Energy Potion"},{"floor":31,"key":"SteroidPotion"},{"floor":42,"key":"SkillPotion"}],"is_trial":false,"path_per_floor":["M","$","M","$","M","R","?","R","T","E","M","$","M","?","R","B",null,"M","M","$","?","M","M","R","M","T","R","M","?","?","M","R","B",null,"M","?","M","$","$","R","E","M","T","R","?","$","R","M","R"],"character_chosen":"IRONCLAD","items_purchased":[],"campfire_rested":7,"item_purchase_floors":[],"current_hp_per_floor":[80,80,80,80,73,73,73,73,73,60,66,66,62,80,80,11,80,76,54,54,54,50,56,80,72,72,80,79,79,79,80,80,24,80,70,80,64,64,64,80,46,29,29,53,53,53,77,71,80,0],"gold":55,"neow_bonus":"THREE_CARDS","is_prod":false,"is_daily":false,"chose_seed":false,"campfire_upgraded":3,"win_rate":0,"timestamp":1532111545,"path_taken":["M","$","M","?","M","R","?","R","T","E","M","$","M","?","R","BOSS","M","?","$","?","M","M","R","M","T","R","?","?","?","M","R","BOSS","M","?","?","?","$","R","E","M","T","R","?","$","R","?","R","BOSS"],"build_version":"2018-07-19v2","purchased_purges":4,"victory":false,"max_hp_per_floor":[80,80,80,80,80,80,80,80,80,80,80,80,80,80,80,80,80,80,80,80,80,80,80,80,80,80,80,80,80,80,80,80,80,80,80,80,80,80,80,80,80,80,80,80,80,80,80,80,80,80],"card_choices":[{"not_picked":["Twin Strike","Intimidate"],"picked":"Perfected Strike","floor":0},{"not_picked":["Dropkick","Thunderclap","Metallicize"],"picked":"SKIP","floor":1},{"not_picked":["True Grit","Warcry","Heavy Blade"],"picked":"SKIP","floor":3},{"not_picked":["Anger","Iron Wave"],"picked":"Perfected Strike","floor":5},{"not_picked":["Offering","Cleave"],"picked":"Perfected Strike","floor":10},{"not_picked":["True Grit","Headbutt"],"picked":"Perfected Strike","floor":11},{"not_picked":["Sword Boomerang","Infernal Blade","Disarm"],"picked":"SKIP","floor":13},{"not_picked":["Corruption","Combust","Armaments"],"picked":"SKIP","floor":18},{"not_picked":["Heavy Blade","Sever Soul+1","Headbutt"],"picked":"SKIP","floor":19},{"not_picked":["Spot Weakness","Cleave+1","Disarm"],"picked":"SKIP","floor":22},{"not_picked":["Sword Boomerang","Armaments+1"],"picked":"Pommel Strike+1","floor":23},{"not_picked":["Twin Strike","Spot Weakness","Clothesline+1"],"picked":"SKIP","floor":25},{"not_picked":["Brutality","Searing Blow","Rupture"],"picked":"SKIP","floor":28},{"not_picked":["Clash","Whirlwind"],"picked":"Flex+1","floor":31},{"not_picked":["Reckless Charge+1","Dual Wield+1","Heavy Blade+1"],"picked":"SKIP","floor":35},{"not_picked":["Sentinel+1","Flex","Shockwave"],"picked":"SKIP","floor":37},{"not_picked":["Disarm+1","Havoc","Dual Wield"],"picked":"SKIP","floor":41},{"not_picked":["Disarm+1","Havoc","Dual Wield"],"picked":"SKIP","floor":41},{"not_picked":["Burning Pact+1","Flex+1","Clothesline+1"],"picked":"SKIP","floor":42},{"not_picked":["Clash","True Grit","Spot Weakness"],"picked":"SKIP","floor":48}],"player_experience":269529,"relics_obtained":[{"floor":9,"key":"Kunai"},{"floor":10,"key":"Ginger"},{"floor":26,"key":"Orichalcum"},{"floor":41,"key":"Ice Cream"},{"floor":43,"key":"Incense Burner"}],"event_choices":[{"event_name":"Living Wall","player_choice":"Grow","floor":7,"damage_taken":0},{"event_name":"The Cleric","player_choice":"Healed","floor":14,"damage_taken":0},{"event_name":"Beggar","player_choice":"Gave Gold","floor":21,"damage_taken":0},{"event_name":"The Library","player_choice":"Read","floor":29,"damage_taken":0},{"event_name":"Transmorgrifier","player_choice":"Transform","floor":30,"damage_taken":0},{"event_name":"Winding Halls","player_choice":"Writhe","floor":36,"damage_taken":0},{"event_name":"Falling","player_choice":"Removed Power","floor":45,"damage_taken":0}],"is_beta":false,"boss_relics":[{"not_picked":["Calling Bell","Tiny House"],"picked":"Fusion Hammer"},{"not_picked":["Eternal Feather","Philosopher\u0027s Stone"],"picked":"Lizard Tail"}],"items_purged_floors":[2,12,38,39],"is_endless":false,"potions_floor_spawned":[1,5,11,16,19,23,28,31,42],"killed_by":"Awakened One","ascension_level":0}