{"gold_per_floor":[117,136,61,61,74,74,108,108,132,150,166,166,182,257,257,257],"floor_reached":16,"playtime":1919,"items_purged":["Defend_R"],"score":102,"play_id":"c118ceba-bb59-4a8f-9772-d100d375bdcc","local_time":"20190308143902","is_ascension_mode":false,"campfire_choices":[{"data":"Ghostly Armor","floor":6,"key":"SMITH"},{"data":"Ghostly Armor","floor":8,"key":"SMITH"},{"data":"Shrug It Off","floor":15,"key":"SMITH"}],"neow_cost":"NONE","seed_source_timestamp":6452800571890506,"circlet_count":0,"master_deck":["Strike_R","Strike_R","Strike_R","Strike_R","Strike_R","Defend_R","Defend_R","Bash","Battle Trance","Ghostly Armor+1","Ghostly Armor+1","Shrug It Off+1"],"relics":["Burning Blood","NeowsBlessing","Red Skull","Orichalcum"],"potions_floor_usage":[7,11,16,16],"damage_taken":[{"damage":0,"enemies":"Small Slimes","floor":1,"turns":1},{"damage":0,"enemies":"Cultist","floor":2,"turns":1},{"damage":0,"enemies":"2 Louse","floor":5,"turns":1},{"damage":14,"enemies":"3 Sentries","floor":7,"turns":5},{"damage":6,"enemies":"Lots of Slimes","floor":10,"turns":5},{"damage":13,"enemies":"Exordium Thugs","floor":11,"turns":5},{"damage":7,"enemies":"2 Fungi Beasts","floor":13,"turns":4},{"damage":46,"enemies":"Slime Boss","floor":16,"turns":9}],"seed_played":"6741409920520823111","potions_obtained":[{"floor":2,"key":"PowerPotion"},{"floor":10,"key":"PowerPotion"},{"floor":11,"key":"SteroidPotion"},{"floor":13,"key":"Strength Potion"}],"is_trial":false,"path_per_floor":["M","M","$","?","M","R","E","R","T","M","M","$","M","?","R","B"],"character_chosen":"IRONCLAD","items_purchased":[],"campfire_rested":0,"item_purchase_floors":[],"current_hp_per_floor":[80,80,80,80,80,80,72,72,72,72,65,65,64,53,53,7],"gold":257,"neow_bonus":"THREE_ENEMY_KILL","is_prod":false,"is_daily":false,"chose_seed":false,"campfire_upgraded":3,"win_rate":0,"timestamp":1552073942,"path_taken":["M","M","$","?","M","R","E","R","T","M","M","?","M","?","R","BOSS"],"build_version":"2019-01-23","purchased_purges":1,"victory":false,"max_hp_per_floor":[80,80,80,80,80,80,80,80,80,80,80,80,80,80,80,80],"card_choices":[{"not_picked":["Clash","Warcry"],"picked":"Battle Trance","floor":1},{"not_picked":["Clothesline","Fire Breathing","Warcry"],"picked":"SKIP","floor":2},{"not_picked":["Evolve","Clothesline"],"picked":"Ghostly Armor","floor":5},{"not_picked":["Dual Wield","True Grit"],"picked":"Ghostly Armor","floor":7},{"not_picked":["Evolve","Feed"],"picked":"Shrug It Off","floor":10},{"not_picked":["Twin Strike","Flex","Whirlwind"],"picked":"SKIP","floor":11},{"not_picked":["Dual Wield","Wild Strike","Iron Wave"],"picked":"SKIP","floor":13}],"player_experience":452418,"relics_obtained":[{"floor":7,"key":"Red Skull"},{"floor":9,"key":"Orichalcum"}],"event_choices":[{"cards_removed":["Defend_R"],"damage_healed":0,"gold_gain":0,"player_choice":"Purged","damage_taken":0,"max_hp_gain":0,"max_hp_loss":0,"event_name":"Purifier","floor":4,"gold_loss":0},{"damage_healed":0,"gold_gain":75,"player_choice":"Gather Gold","damage_taken":11,"max_hp_gain":0,"max_hp_loss":0,"event_name":"World of Goop","floor":14,"gold_loss":0}],"is_beta":false,"boss_relics":[],"items_purged_floors":[3],"is_endless":false,"potions_floor_spawned":[2,10,11,13],"killed_by":"Slime Boss","ascension_level":0}