{"gold_per_floor":[364,338,350,350,369,369,398,398,398,415,258,289,289,319,319,424,424,444,543,643,359,378,412,422,422,473,498,516,533,330,330,330,425,425,436,33,33,52,68,68,100,114,114,114,146,146,171,188,188,188],"floor_reached":51,"playtime":2958,"items_purged":["Strike_B","Regret","Defend_B"],"score":1013,"play_id":"08bf3b32-9715-4298-b6ea-c3c1f0ae9a87","local_time":"20190323011230","is_ascension_mode":true,"campfire_choices":[{"data":"Genetic Algorithm","floor":6,"key":"SMITH"},{"data":"Defragment","floor":13,"key":"SMITH"},{"data":"Static Discharge","floor":15,"key":"SMITH"},{"floor":25,"key":"REST"},{"data":"Electrodynamics","floor":32,"key":"SMITH"},{"data":"Apotheosis","floor":40,"key":"SMITH"},{"data":"Defragment","floor":44,"key":"SMITH"},{"data":"Static Discharge","floor":46,"key":"SMITH"},{"data":"Heatsinks","floor":49,"key":"SMITH"}],"neow_cost":"TEN_PERCENT_HP_LOSS","seed_source_timestamp":47681399587800,"circlet_count":0,"master_deck":["Strike_B","Defend_B+1","Defend_B+1","Defend_B","Zap","Dualcast","Self Repair","Ball Lightning","Genetic Algorithm+1","Ball Lightning","Defragment+1","Electrodynamics+1","Static Discharge+1","Biased Cognition","Skim+1","Capacitor","Ghostly","Ghostly","Ghostly","Ghostly","Ghostly","Electrodynamics","Apotheosis+1","Sunder","Static Discharge+1","Parasite","Storm+1","Electrodynamics","Defragment+1","Normality","White Noise+1","Force Field","Heatsinks+1"],"relics":["Cracked Core","Kunai","Happy Flower","Bottled Lightning","War Paint","Thread and Needle","Cursed Key","Calipers","The Courier","Medical Kit","Pen Nib","Oddly Smooth Stone","Prayer Wheel","DataDisk","Sozu","ClockworkSouvenir","Pantograph","Dodecahedron","Bag of Preparation","Letter Opener"],"potions_floor_usage":[23],"damage_taken":[{"damage":0,"enemies":"Small Slimes","floor":1,"turns":2},{"damage":1,"enemies":"Jaw Worm","floor":3,"turns":3},{"damage":0,"enemies":"2 Louse","floor":5,"turns":1},{"damage":21,"enemies":"Lagavulin","floor":7,"turns":6},{"damage":12,"enemies":"Large Slime","floor":10,"turns":5},{"damage":2,"enemies":"3 Sentries","floor":12,"turns":3},{"damage":10,"enemies":"Lagavulin","floor":14,"turns":6},{"damage":0,"enemies":"Slime Boss","floor":16,"turns":5},{"damage":16,"enemies":"Spheric Guardian","floor":18,"turns":4},{"damage":11,"enemies":"Colosseum Slavers","floor":20,"turns":3},{"damage":11,"enemies":"Colosseum Nobs","floor":20,"turns":3},{"damage":6,"enemies":"2 Thieves","floor":22,"turns":3},{"damage":17,"enemies":"Book of Stabbing","floor":23,"turns":4},{"damage":4,"enemies":"Centurion and Healer","floor":24,"turns":3},{"damage":18,"enemies":"Gremlin Leader","floor":27,"turns":4},{"damage":0,"enemies":"3 Cultists","floor":28,"turns":2},{"damage":9,"enemies":"Snake Plant","floor":29,"turns":3},{"damage":6,"enemies":"Collector","floor":33,"turns":8},{"damage":0,"enemies":"3 Shapes","floor":35,"turns":2},{"damage":0,"enemies":"Orb Walker","floor":38,"turns":2},{"damage":0,"enemies":"Writhing Mass","floor":39,"turns":6},{"damage":0,"enemies":"Nemesis","floor":41,"turns":5},{"damage":0,"enemies":"Sphere and 2 Shapes","floor":42,"turns":2},{"damage":0,"enemies":"Giant Head","floor":45,"turns":6},{"damage":22,"enemies":"Reptomancer","floor":47,"turns":3},{"damage":0,"enemies":"3 Darklings","floor":48,"turns":2},{"damage":0,"enemies":"Time Eater","floor":50,"turns":5}],"seed_played":"7905499945791953600","potions_obtained":[{"floor":7,"key":"LiquidBronze"},{"floor":10,"key":"Dexterity Potion"},{"floor":12,"key":"Poison Potion"},{"floor":23,"key":"LiquidBronze"}],"is_trial":false,"path_per_floor":["?","?","$","?","?","?","?","M"],"character_chosen":"DEFECT","items_purchased":["Ball Lightning","Electrodynamics","Medical Kit","Capacitor","DataDisk","ClockworkSouvenir","Apotheosis"],"campfire_rested":1,"item_purchase_floors":[2,11,21,21,30,36,36],"current_hp_per_floor":[68,68,68,68,68,68,54,42,42,37,37,42,42,39,39,39,68,59,59,44,44,45,35,38,58,58,47,54,52,52,34,34,34,34,34,34,34,34,34,34,34,34,34,34,34,34,19,26,26,34],"gold":188,"neow_bonus":"TWO_FIFTY_GOLD","is_prod":false,"is_daily":false,"chose_seed":false,"campfire_upgraded":8,"win_rate":0,"timestamp":1553317950,"path_taken":["M","$","M","?","M","R","E","?","T","M","?","E","R","E","R","BOSS","M","?","?","$","M","E","M","R","T","E","M","M","$","?","R","BOSS","M","$","?","M","?","R","E","M","T","R","E","R","E","M","R","BOSS"],"build_version":"2019-01-23","purchased_purges":3,"victory":true,"max_hp_per_floor":[68,68,68,68,68,68,68,68,68,68,68,68,68,68,68,68,68,68,68,68,68,68,68,68,68,68,68,68,68,68,34,34,34,34,34,34,34,34,34,34,34,34,34,34,34,34,34,34,34,34],"card_choices":[{"not_picked":["Coolheaded","Turbo"],"picked":"Self Repair","floor":1},{"not_picked":["Barrage","Coolheaded"],"picked":"Genetic Algorithm","floor":3},{"not_picked":["Beam Cell","Doom and Gloom"],"picked":"Ball Lightning","floor":5},{"not_picked":["Steam Power","Scrape","Chill"],"picked":"SKIP","floor":7},{"not_picked":["Go for the Eyes","Beam Cell"],"picked":"Defragment","floor":10},{"not_picked":["Beam Cell","Meteor Strike","Recycle"],"picked":"SKIP","floor":12},{"not_picked":["Storm","Gash"],"picked":"Static Discharge","floor":14},{"not_picked":["Rainbow","Fission"],"picked":"Biased Cognition","floor":16},{"not_picked":["Sweeping Beam+1","Gash+1"],"picked":"Skim+1","floor":18},{"not_picked":["Recycle","Chaos","Melter+1"],"picked":"SKIP","floor":22},{"not_picked":["Storm","Turbo","Gash+1"],"picked":"SKIP","floor":23},{"not_picked":["Consume","Sweeping Beam","Amplify"],"picked":"SKIP","floor":24},{"not_picked":["Stack","Coolheaded+1","Darkness+1"],"picked":"SKIP","floor":27},{"not_picked":["Go for the Eyes+1","Genetic Algorithm","Gash"],"picked":"SKIP","floor":28},{"not_picked":["Beam Cell","Sweeping Beam","Cold Snap+1"],"picked":"SKIP","floor":28},{"not_picked":["Go for the Eyes","Double Energy","Compile Driver"],"picked":"SKIP","floor":29},{"not_picked":["Streamline+1","Redo","Steam"],"picked":"SKIP","floor":29},{"not_picked":["Meteor Strike","Biased Cognition"],"picked":"Electrodynamics","floor":33},{"not_picked":["Sweeping Beam+1","Conserve Battery+1","Gash+1"],"picked":"SKIP","floor":35},{"not_picked":["Go for the Eyes","Undo","Genetic Algorithm+1"],"picked":"SKIP","floor":35},{"not_picked":["Cold Snap","Glacier+1"],"picked":"Static Discharge","floor":38},{"not_picked":["Coolheaded+1","Skim+1","Barrage"],"picked":"SKIP","floor":38},{"not_picked":["Defragment","Static Discharge"],"picked":"Storm+1","floor":39},{"not_picked":["Steam Power","Double Energy+1","Compile Driver+1"],"picked":"SKIP","floor":39},{"not_picked":["Recycle","Hologram"],"picked":"Electrodynamics","floor":41},{"not_picked":["Coolheaded","Stack"],"picked":"Defragment","floor":42},{"not_picked":["Rebound","Reinforced Body+1","Go for the Eyes"],"picked":"SKIP","floor":42},{"not_picked":["Rebound+1","Auto Shields"],"picked":"White Noise+1","floor":45},{"not_picked":["Compile Driver+1","Blizzard"],"picked":"Force Field","floor":47},{"not_picked":["Fusion","FTL"],"picked":"Heatsinks","floor":48},{"not_picked":["Recycle","Darkness+1","Skim+1"],"picked":"SKIP","floor":48}],"player_experience":231584,"relics_obtained":[{"floor":7,"key":"Kunai"},{"floor":9,"key":"Bottled Lightning"},{"floor":12,"key":"War Paint"},{"floor":14,"key":"Thread and Needle"},{"floor":20,"key":"Calipers"},{"floor":20,"key":"The Courier"},{"floor":23,"key":"Pen Nib"},{"floor":26,"key":"Oddly Smooth Stone"},{"floor":27,"key":"Prayer Wheel"},{"floor":41,"key":"Pantograph"},{"floor":43,"key":"Dodecahedron"},{"floor":45,"key":"Bag of Preparation"},{"floor":47,"key":"Letter Opener"}],"event_choices":[{"cards_removed":["Strike_B"],"damage_healed":0,"gold_gain":0,"player_choice":"Forget","damage_taken":0,"max_hp_gain":0,"max_hp_loss":0,"event_name":"Living Wall","floor":4,"gold_loss":0},{"damage_healed":0,"gold_gain":0,"player_choice":"Success","damage_taken":12,"relics_obtained":["Happy Flower"],"max_hp_gain":0,"max_hp_loss":0,"event_name":"Scrap Ooze","floor":8,"gold_loss":0},{"damage_healed":0,"gold_gain":99,"player_choice":"Stole From Cult","damage_taken":0,"max_hp_gain":0,"max_hp_loss":0,"event_name":"Nest","floor":19,"gold_loss":0},{"damage_healed":0,"gold_gain":0,"player_choice":"Fight","damage_taken":0,"max_hp_gain":0,"max_hp_loss":0,"event_name":"Colosseum","floor":20,"gold_loss":0},{"damage_healed":0,"gold_gain":0,"player_choice":"Fought Nobs","damage_taken":0,"max_hp_gain":0,"max_hp_loss":0,"event_name":"Colosseum","floor":20,"gold_loss":0},{"damage_healed":0,"gold_gain":0,"player_choice":"Became a Ghost","damage_taken":0,"max_hp_gain":0,"max_hp_loss":34,"event_name":"Ghosts","floor":31,"gold_loss":0,"cards_obtained":["Ghostly","Ghostly","Ghostly","Ghostly","Ghostly"]},{"damage_healed":0,"gold_gain":0,"cards_transformed":["Strike_B"],"player_choice":"Transformed","damage_taken":0,"max_hp_gain":0,"max_hp_loss":0,"event_name":"Transmorgrifier","floor":37,"gold_loss":0,"cards_obtained":["Sunder"]}],"is_beta":false,"boss_relics":[{"not_picked":["Inserter","Ectoplasm"],"picked":"Cursed Key"},{"not_picked":["Busted Crown","FrozenCore"],"picked":"Sozu"}],"items_purged_floors":[21,30,36],"is_endless":false,"potions_floor_spawned":[7,10,12,16,20,22,23,29,35,47,48],"ascension_level":1}