{"gold_per_floor":[117,130,145,145,27,27,62,62,89,89,144,109,134,144,144,217,217,217,217,217,217,30,30,30,30,30,30,30,30,30,30,30,30,30,30,30,0,0,0,0,0,0,0,0,0,0,0,0,0,0],"floor_reached":51,"playtime":1117,"items_purged":["Strike_R"],"score":1713,"play_id":"f59fae7d-8679-4302-b0af-f55939c456d6","local_time":"20190324134305","is_ascension_mode":true,"campfire_choices":[{"data":"Uppercut","floor":6,"key":"SMITH"},{"data":"Body Slam","floor":8,"key":"SMITH"},{"data":"Spot Weakness","floor":10,"key":"SMITH"},{"floor":15,"key":"REST"},{"data":"Spot Weakness","floor":23,"key":"SMITH"},{"data":"Seeing Red","floor":25,"key":"SMITH"},{"data":"Inflame","floor":28,"key":"SMITH"},{"data":"Heavy Blade","floor":32,"key":"SMITH"},{"data":"Limit Break","floor":40,"key":"SMITH"},{"data":"Offering","floor":42,"key":"SMITH"},{"floor":49,"key":"REST"}],"neow_cost":"PERCENT_DAMAGE","seed_source_timestamp":353994159141508,"circlet_count":0,"master_deck":["AscendersBane","Strike_R","Strike_R+1","Defend_R","Defend_R","Defend_R+1","Bash","Spot Weakness+1","Body Slam+1","Shrug It Off","Uppercut+1","Carnage","Pummel","Pummel","Heavy Blade+1","Offering+1","Spot Weakness+1","Writhe","Shrug It Off","Seeing Red+1","Inflame+1","Pummel","Feed","Limit Break+1","Immolate"],"relics":["Burning Blood","Centennial Puzzle","Orichalcum","Bag of Preparation","Bag of Marbles","Ectoplasm","Ancient Tea Set","Oddly Smooth Stone","PreservedInsect","Incense Burner","Du-Vu Doll","MutagenicStrength","Philosopher\u0027s Stone","Red Mask","Omamori","Bronze Scales","Kunai"],"potions_floor_usage":[7,13,16,24,27,33,38,46,50],"damage_taken":[{"damage":14,"enemies":"Jaw Worm","floor":1,"turns":4},{"damage":0,"enemies":"2 Louse","floor":2,"turns":3},{"damage":7,"enemies":"Small Slimes","floor":3,"turns":3},{"damage":8,"enemies":"Gremlin Nob","floor":7,"turns":3},{"damage":15,"enemies":"Gremlin Nob","floor":11,"turns":4},{"damage":16,"enemies":"Lagavulin","floor":13,"turns":5},{"damage":0,"enemies":"Blue Slaver","floor":14,"turns":1},{"damage":22,"enemies":"Hexaghost","floor":16,"turns":8},{"damage":6,"enemies":"Shell Parasite","floor":18,"turns":1},{"damage":11,"enemies":"Spheric Guardian","floor":21,"turns":3},{"damage":11,"enemies":"Slavers","floor":24,"turns":2},{"damage":0,"enemies":"Gremlin Leader","floor":27,"turns":2},{"damage":6,"enemies":"Snecko","floor":29,"turns":2},{"damage":6,"enemies":"Shelled Parasite and Fungi","floor":31,"turns":1},{"damage":1,"enemies":"Collector","floor":33,"turns":2},{"damage":0,"enemies":"3 Shapes","floor":35,"turns":2},{"damage":19,"enemies":"3 Darklings","floor":36,"turns":3},{"damage":6,"enemies":"Writhing Mass","floor":38,"turns":2},{"damage":0,"enemies":"Transient","floor":39,"turns":6},{"damage":6,"enemies":"Nemesis","floor":41,"turns":1},{"damage":6,"enemies":"Spire Growth","floor":46,"turns":2},{"damage":0,"enemies":"Reptomancer","floor":47,"turns":2},{"damage":21,"enemies":"Maw","floor":48,"turns":3},{"damage":31,"enemies":"Awakened One","floor":50,"turns":5}],"seed_played":"5892165638381301708","potions_obtained":[{"floor":2,"key":"Strength Potion"},{"floor":11,"key":"Ancient Potion"},{"floor":14,"key":"AttackPotion"},{"floor":16,"key":"Ancient Potion"},{"floor":21,"key":"AttackPotion"},{"floor":24,"key":"AttackPotion"},{"floor":31,"key":"Strength Potion"},{"floor":35,"key":"FearPotion"},{"floor":41,"key":"GamblersBrew"},{"floor":48,"key":"AttackPotion"}],"is_trial":false,"path_per_floor":["M","M","M","?","$","R","E","R","T","R","?","?","E","M","R","B",null,"M","$","?","M","$","R","E","R","T","E","R","M","?","M","R","B",null,"M","M","?","M","M","R","E","R","T","?","?","M","E","M","R","B",null],"character_chosen":"IRONCLAD","items_purchased":["Pummel","Oddly Smooth Stone","Shrug It Off"],"campfire_rested":2,"item_purchase_floors":[5,22,22],"current_hp_per_floor":[42,48,47,24,24,24,22,22,22,22,13,31,21,27,49,33,65,65,65,65,60,60,60,55,55,55,61,61,61,61,61,61,66,73,75,62,62,62,68,68,68,68,68,68,68,68,74,59,75,50],"gold":0,"neow_bonus":"TRANSFORM_TWO_CARDS","is_prod":false,"is_daily":false,"chose_seed":false,"campfire_upgraded":9,"win_rate":0,"timestamp":1553431385,"path_taken":["M","M","M","?","$","R","E","R","T","R","?","?","E","M","R","BOSS","M","$","?","M","$","R","E","R","T","E","R","M","?","M","R","BOSS","M","M","?","M","M","R","E","R","T","?","?","?","E","?","R","BOSS"],"build_version":"2019-01-23","purchased_purges":1,"victory":true,"max_hp_per_floor":[75,75,75,75,75,75,75,75,75,75,75,75,75,75,75,75,75,75,75,75,75,75,75,75,75,75,75,75,75,75,75,75,75,75,75,75,75,75,75,75,75,75,75,75,75,75,75,75,75,75],"card_choices":[{"not_picked":["Sentinel","Sword Boomerang"],"picked":"Shrug It Off","floor":1},{"not_picked":["Body Slam","Cleave"],"picked":"Uppercut","floor":2},{"not_picked":["Entrench","Clothesline"],"picked":"Carnage","floor":3},{"not_picked":["Clothesline","Infernal Blade"],"picked":"Pummel","floor":7},{"not_picked":["Brutality","Wild Strike"],"picked":"Heavy Blade","floor":13},{"not_picked":["Searing Blow","Perfected Strike","Dual Wield"],"picked":"SKIP","floor":14},{"not_picked":["Dark Embrace","Berserk"],"picked":"Offering","floor":16},{"not_picked":["Clash","Pummel"],"picked":"Spot Weakness","floor":18},{"not_picked":["Twin Strike","Headbutt","Havoc"],"picked":"SKIP","floor":21},{"not_picked":["Sever Soul","Body Slam"],"picked":"Seeing Red","floor":24},{"not_picked":["Warcry","Rampage"],"picked":"Inflame","floor":27},{"not_picked":["Clothesline","Feel No Pain"],"picked":"Pummel","floor":29},{"not_picked":["Power Through","Hemokinesis","Clash"],"picked":"SKIP","floor":31},{"not_picked":["Demon Form","Brutality"],"picked":"Feed","floor":33},{"not_picked":["Cleave","Body Slam","Wild Strike"],"picked":"SKIP","floor":35},{"not_picked":["Entrench+1","Iron Wave","Pommel Strike+1"],"picked":"SKIP","floor":36},{"not_picked":["Clothesline","Metallicize+1"],"picked":"Limit Break","floor":38},{"not_picked":["Bloodletting","Thunderclap","Iron Wave"],"picked":"SKIP","floor":39},{"not_picked":["Sword Boomerang","Cleave+1","Armaments"],"picked":"SKIP","floor":41},{"not_picked":["Clash","Iron Wave","Wild Strike"],"picked":"SKIP","floor":46},{"not_picked":["True Grit","Perfected Strike","Sword Boomerang"],"picked":"SKIP","floor":47},{"not_picked":["Second Wind","Thunderclap","Wild Strike"],"picked":"SKIP","floor":48}],"player_experience":1103605,"relics_obtained":[{"floor":7,"key":"Centennial Puzzle"},{"floor":9,"key":"Orichalcum"},{"floor":11,"key":"Bag of Preparation"},{"floor":13,"key":"Bag of Marbles"},{"floor":24,"key":"PreservedInsect"},{"floor":26,"key":"Incense Burner"},{"floor":27,"key":"Du-Vu Doll"},{"floor":41,"key":"Omamori"},{"floor":43,"key":"Bronze Scales"},{"floor":47,"key":"Kunai"}],"event_choices":[{"damage_healed":0,"gold_gain":0,"player_choice":"Entered Light","damage_taken":23,"max_hp_gain":0,"max_hp_loss":0,"event_name":"Shining Light","floor":4,"gold_loss":0,"cards_upgraded":["Defend_R","Strike_R"]},{"damage_healed":0,"gold_gain":0,"player_choice":"Searched \u00271\u0027 times","damage_taken":0,"max_hp_gain":0,"max_hp_loss":0,"event_name":"Dead Adventurer","floor":11,"gold_loss":0},{"damage_healed":18,"gold_gain":0,"player_choice":"Healed","damage_taken":0,"max_hp_gain":0,"max_hp_loss":0,"event_name":"The Cleric","floor":12,"gold_loss":35},{"damage_healed":0,"gold_gain":0,"player_choice":"Opened","damage_taken":0,"relics_obtained":["Ancient Tea Set"],"max_hp_gain":0,"max_hp_loss":0,"event_name":"The Mausoleum","floor":20,"gold_loss":0,"cards_obtained":["Writhe"]},{"damage_healed":0,"gold_gain":0,"player_choice":"Inject Mutagens","damage_taken":0,"relics_obtained":["MutagenicStrength"],"max_hp_gain":0,"max_hp_loss":0,"event_name":"Drug Dealer","floor":30,"gold_loss":0},{"damage_healed":0,"gold_gain":0,"player_choice":"Paid","damage_taken":0,"relics_obtained":["Red Mask"],"max_hp_gain":0,"max_hp_loss":0,"event_name":"Tomb of Lord Red Mask","floor":37,"gold_loss":30},{"damage_healed":0,"gold_gain":0,"player_choice":"Memory 1","damage_taken":0,"max_hp_gain":0,"max_hp_loss":0,"event_name":"SensoryStone","floor":44,"gold_loss":0},{"damage_healed":0,"gold_gain":0,"cards_transformed":["Strike_R"],"player_choice":"Transformed","damage_taken":0,"max_hp_gain":0,"max_hp_loss":0,"event_name":"Transmorgrifier","floor":45,"gold_loss":0,"cards_obtained":["Immolate"]}],"is_beta":false,"boss_relics":[{"not_picked":["Lizard Tail","Runic Cube"],"picked":"Ectoplasm"},{"not_picked":["Empty Cage","Eternal Feather"],"picked":"Philosopher\u0027s Stone"}],"items_purged_floors":[5],"is_endless":false,"potions_floor_spawned":[2,11,14,16,21,24,31,35,36,41,48],"ascension_level":19}