{"gold_per_floor":[112,125,141,161,236,268,268,280,280,280,313,371,76,87,87,87],"floor_reached":16,"playtime":904,"items_purged":["Strike_R"],"score":174,"play_id":"2e13f372-f502-4457-a77b-6bdf94a15fc4","local_time":"20190312151834","is_ascension_mode":true,"campfire_choices":[{"data":"Bash","floor":7,"key":"SMITH"},{"data":"Anger","floor":10,"key":"SMITH"},{"floor":15,"key":"REST"}],"neow_cost":"NONE","seed_source_timestamp":937804261231729,"circlet_count":0,"master_deck":["AscendersBane","Strike_R","Strike_R","Strike_R","Strike_R","Defend_R","Defend_R","Defend_R","Defend_R","Bash+1","Shrug It Off","Pommel Strike","Havoc","Flame Barrier","Cleave","Anger+1","Immolate","Corruption","Shrug It Off"],"relics":["Burning Blood","Ginger","Prayer Wheel","Pocketwatch","Lantern"],"potions_floor_usage":[1,6,8,11,14],"damage_taken":[{"damage":3,"enemies":"2 Louse","floor":1,"turns":4},{"damage":2,"enemies":"Jaw Worm","floor":2,"turns":5},{"damage":0,"enemies":"Cultist","floor":3,"turns":3},{"damage":7,"enemies":"2 Fungi Beasts","floor":4,"turns":5},{"damage":50,"enemies":"3 Sentries","floor":6,"turns":13},{"damage":13,"enemies":"Large Slime","floor":8,"turns":4},{"damage":20,"enemies":"Lagavulin","floor":11,"turns":5},{"damage":3,"enemies":"Lots of Slimes","floor":14,"turns":2},{"damage":48,"enemies":"Slime Boss","floor":16,"turns":9}],"seed_played":"1918048448047494112","potions_obtained":[{"floor":0,"key":"PowerPotion"},{"floor":0,"key":"EntropicBrew"},{"floor":0,"key":"EssenceOfSteel"},{"floor":2,"key":"Regen Potion"},{"floor":6,"key":"SteroidPotion"},{"floor":11,"key":"Poison Potion"}],"is_trial":false,"path_per_floor":["M","M","M","M","?","E","R","M","T","R","E","?","$","M","R","B"],"character_chosen":"IRONCLAD","items_purchased":["Corruption","Lantern"],"campfire_rested":1,"item_purchase_floors":[13,13],"current_hp_per_floor":[75,79,80,79,68,39,39,32,32,32,18,18,18,21,45,0],"gold":87,"neow_bonus":"THREE_SMALL_POTIONS","is_prod":false,"is_daily":false,"chose_seed":false,"campfire_upgraded":2,"win_rate":0,"timestamp":1552418314,"path_taken":["M","M","M","M","?","E","R","M","T","R","E","?","$","M","R","BOSS"],"build_version":"2019-01-23","purchased_purges":1,"victory":false,"max_hp_per_floor":[80,80,80,80,80,80,80,80,80,80,80,80,80,80,80,80],"card_choices":[{"not_picked":["Warcry","Seeing Red"],"picked":"Shrug It Off","floor":1},{"not_picked":["Combust","Warcry"],"picked":"Pommel Strike","floor":2},{"not_picked":["Sentinel","Shrug It Off"],"picked":"Havoc","floor":3},{"not_picked":["Armaments","Inflame"],"picked":"Flame Barrier","floor":4},{"not_picked":["Double Tap","Warcry"],"picked":"Cleave","floor":6},{"not_picked":["Heavy Blade","Burning Pact"],"picked":"Anger","floor":8},{"not_picked":["Evolve","Havoc"],"picked":"Immolate","floor":11},{"not_picked":["Headbutt","Sever Soul"],"picked":"Shrug It Off","floor":14},{"not_picked":["Perfected Strike","Anger","Twin Strike"],"picked":"SKIP","floor":14}],"player_experience":1830691,"relics_obtained":[{"floor":6,"key":"Ginger"},{"floor":9,"key":"Prayer Wheel"},{"floor":11,"key":"Pocketwatch"}],"event_choices":[{"damage_healed":0,"gold_gain":75,"player_choice":"Gather Gold","damage_taken":11,"max_hp_gain":0,"max_hp_loss":0,"event_name":"World of Goop","floor":5,"gold_loss":0},{"damage_healed":0,"gold_gain":58,"player_choice":"Gained Gold","damage_taken":0,"max_hp_gain":0,"max_hp_loss":0,"event_name":"Golden Wing","floor":12,"gold_loss":0}],"is_beta":false,"boss_relics":[],"items_purged_floors":[13],"is_endless":false,"potions_floor_spawned":[2,6,11],"killed_by":"Slime Boss","ascension_level":11}