{"gold_per_floor":[115,134,209,68,33,67,67,85,108,125,125,137,38,66,66,142,142,159,209,209,219,15,15,30,56,56,70,70,90,115,11,11,85,85,97,97,110,30,41,70,84,96,96,96,129,144,161,18,18,18],"floor_reached":51,"playtime":4217,"items_purged":["Strike_G","Strike_G","Regret"],"score":1411,"play_id":"35f9a9e0-6567-4cef-8e9e-17949b988c57","local_time":"20190307154633","is_ascension_mode":true,"campfire_choices":[{"data":"Footwork","floor":7,"key":"SMITH"},{"floor":11,"key":"REST"},{"data":"Night Terror","floor":15,"key":"SMITH"},{"floor":23,"key":"REST"},{"data":"Apotheosis","floor":28,"key":"SMITH"},{"floor":32,"key":"REST"},{"floor":44,"key":"REST"},{"floor":49,"key":"REST"}],"neow_cost":"NONE","seed_source_timestamp":83347527343616,"circlet_count":0,"master_deck":["AscendersBane","Defend_G","Defend_G","Defend_G","Defend_G","Defend_G","Strike_G","Strike_G","Strike_G","Survivor","Neutralize","Skewer","Bouncing Flask","Footwork+1","Crippling Poison","Night Terror+1","Well Laid Plans","Caltrops","Deadly Poison","Die Die Die","Dodge and Roll","Acrobatics","Apotheosis+1","Backflip","Footwork","Dodge and Roll","Backflip","PiercingWail"],"relics":["Ring of the Snake","Regal Pillow","PreservedInsect","Ancient Tea Set","Matryoshka","Velvet Choker","Calipers","Shuriken","Meat on the Bone","The Courier","Cursed Key","Dodecahedron","Strawberry","Blue Candle"],"potions_floor_usage":[6,12,16,16,30,40,41,46,50,50],"damage_taken":[{"damage":2,"enemies":"Jaw Worm","floor":1,"turns":6},{"damage":2,"enemies":"2 Louse","floor":2,"turns":3},{"damage":26,"enemies":"Gremlin Nob","floor":6,"turns":5},{"damage":2,"enemies":"Small Slimes","floor":8,"turns":4},{"damage":7,"enemies":"3 Louse","floor":10,"turns":3},{"damage":0,"enemies":"Gremlin Gang","floor":12,"turns":5},{"damage":24,"enemies":"3 Sentries","floor":14,"turns":8},{"damage":4,"enemies":"Hexaghost","floor":16,"turns":11},{"damage":7,"enemies":"Shell Parasite","floor":18,"turns":7},{"damage":20,"enemies":"3 Byrds","floor":21,"turns":5},{"damage":0,"enemies":"Snake Plant","floor":24,"turns":6},{"damage":11,"enemies":"Book of Stabbing","floor":25,"turns":7},{"damage":22,"enemies":"Snecko","floor":27,"turns":7},{"damage":13,"enemies":"3 Cultists","floor":29,"turns":4},{"damage":0,"enemies":"Gremlin Leader","floor":30,"turns":5},{"damage":2,"enemies":"Champ","floor":33,"turns":16},{"damage":13,"enemies":"Orb Walker","floor":35,"turns":6},{"damage":11,"enemies":"3 Darklings","floor":37,"turns":6},{"damage":0,"enemies":"Maw","floor":39,"turns":9},{"damage":0,"enemies":"Reptomancer","floor":40,"turns":8},{"damage":28,"enemies":"Writhing Mass","floor":41,"turns":7},{"damage":12,"enemies":"Jaw Worm Horde","floor":42,"turns":8},{"damage":0,"enemies":"Giant Head","floor":45,"turns":11},{"damage":53,"enemies":"Transient","floor":46,"turns":5},{"damage":4,"enemies":"Writhing Mass","floor":47,"turns":8},{"damage":15,"enemies":"Donu and Deca","floor":50,"turns":18}],"seed_played":"-7933037366866073111","potions_obtained":[{"floor":2,"key":"Block Potion"},{"floor":6,"key":"Fire Potion"},{"floor":12,"key":"GamblersBrew"},{"floor":25,"key":"Weak Potion"},{"floor":27,"key":"SpeedPotion"},{"floor":29,"key":"GhostInAJar"},{"floor":40,"key":"Fire Potion"},{"floor":46,"key":"SteroidPotion"}],"is_trial":false,"path_per_floor":["M","M","?","$","?","E","R","M","T","M","R","M","$","E","R","B",null,"M","?","?","M","$","R","M","E","T","M","R","M","E","$","R","B",null,"M","?","M","$","M","E","M","M","T","R","E","M","M","$","R","B",null],"character_chosen":"THE_SILENT","items_purchased":["Footwork","PowerPotion","Caltrops","Deadly Poison","Apotheosis","Energy Potion","Swift Potion"],"campfire_rested":5,"item_purchase_floors":[4,4,13,13,22,31,48],"current_hp_per_floor":[57,55,44,44,60,34,34,32,32,25,59,59,59,35,35,31,57,50,50,50,30,30,64,64,53,53,43,43,42,42,42,66,64,66,53,66,55,55,55,55,39,39,46,73,73,32,40,40,73,58],"gold":18,"neow_bonus":"RANDOM_COMMON_RELIC","is_prod":false,"is_daily":false,"chose_seed":false,"campfire_upgraded":3,"win_rate":0,"timestamp":1551991593,"path_taken":["M","M","?","$","?","E","R","M","T","M","R","M","$","E","R","BOSS","M","?","?","M","$","R","M","E","T","M","R","M","E","$","R","BOSS","M","?","?","?","M","E","M","M","T","R","E","M","M","$","R","BOSS"],"build_version":"2019-01-23","purchased_purges":3,"victory":true,"max_hp_per_floor":[66,66,66,66,66,66,66,66,66,66,66,66,66,66,66,66,66,66,66,66,66,66,66,66,66,66,66,66,66,66,66,66,66,66,66,66,66,66,66,66,66,66,73,73,73,73,73,73,73,73],"card_choices":[{"not_picked":["Underhanded Strike","Dagger Spray"],"picked":"Skewer","floor":1},{"not_picked":["Slice","Deadly Poison"],"picked":"Bouncing Flask","floor":2},{"not_picked":["Dodge and Roll","Dagger Spray"],"picked":"Crippling Poison","floor":6},{"not_picked":["Blade Dance","Slice"],"picked":"Night Terror","floor":8},{"not_picked":["Poisoned Stab","Deflect"],"picked":"Well Laid Plans","floor":10},{"not_picked":["Prepared","Flying Knee","Acrobatics"],"picked":"SKIP","floor":12},{"not_picked":["Dagger Throw","Escape Plan","Night Terror"],"picked":"SKIP","floor":14},{"not_picked":["Bullet Time","Night Terror"],"picked":"Die Die Die","floor":16},{"not_picked":["Blade Dance+1","Accuracy+1"],"picked":"Dodge and Roll","floor":18},{"not_picked":["Cloak And Dagger","Crippling Poison"],"picked":"Acrobatics","floor":21},{"not_picked":["Choke","Quick Slash"],"picked":"Backflip","floor":24},{"not_picked":["Tactician","Venomology","All Out Attack"],"picked":"SKIP","floor":25},{"not_picked":["Underhanded Strike","Acrobatics","Terror+1"],"picked":"SKIP","floor":27},{"not_picked":["Cloak And Dagger","Flying Knee","Outmaneuver"],"picked":"SKIP","floor":29},{"not_picked":["Heel Hook","Poisoned Stab"],"picked":"Footwork","floor":30},{"not_picked":["Well Laid Plans+1","Deadly Poison"],"picked":"Dodge and Roll","floor":35},{"not_picked":["Dash","Crippling Poison+1","Well Laid Plans"],"picked":"SKIP","floor":37},{"not_picked":["Terror+1","Concentrate+1","Setup+1"],"picked":"SKIP","floor":39},{"not_picked":["Terror+1","Concentrate+1","Setup+1"],"picked":"SKIP","floor":39},{"not_picked":["Masterful Stab","Eviscerate","Underhanded Strike+1"],"picked":"SKIP","floor":40},{"not_picked":["Tactician","Infinite Blades","Setup"],"picked":"SKIP","floor":41},{"not_picked":["Dash","Underhanded Strike","Blade Dance"],"picked":"SKIP","floor":42},{"not_picked":["All Out Attack","Deflect+1"],"picked":"Backflip","floor":45},{"not_picked":["Endless Agony","Blade Dance"],"picked":"PiercingWail","floor":46},{"not_picked":["Flechettes","Cloak And Dagger","Leg Sweep"],"picked":"SKIP","floor":47}],"player_experience":567338,"relics_obtained":[{"floor":6,"key":"PreservedInsect"},{"floor":9,"key":"Ancient Tea Set"},{"floor":14,"key":"Matryoshka"},{"floor":25,"key":"Calipers"},{"floor":26,"key":"Shuriken"},{"floor":26,"key":"Meat on the Bone"},{"floor":30,"key":"The Courier"},{"floor":40,"key":"Dodecahedron"},{"floor":43,"key":"Strawberry"},{"floor":45,"key":"Blue Candle"}],"event_choices":[{"damage_healed":0,"gold_gain":75,"player_choice":"Gather Gold","damage_taken":11,"max_hp_gain":0,"max_hp_loss":0,"event_name":"World of Goop","floor":3,"gold_loss":0},{"damage_healed":16,"gold_gain":0,"player_choice":"Healed","damage_taken":0,"max_hp_gain":0,"max_hp_loss":0,"event_name":"The Cleric","floor":5,"gold_loss":35},{"damage_healed":0,"gold_gain":50,"player_choice":"Stole From Cult","damage_taken":0,"max_hp_gain":0,"max_hp_loss":0,"event_name":"Nest","floor":19,"gold_loss":0},{"damage_healed":0,"gold_gain":0,"player_choice":"Ignored","damage_taken":0,"max_hp_gain":0,"max_hp_loss":0,"event_name":"Beggar","floor":20,"gold_loss":0},{"damage_healed":13,"gold_gain":0,"player_choice":"Full Heal","damage_taken":0,"max_hp_gain":0,"max_hp_loss":0,"event_name":"Wheel of Change","floor":36,"gold_loss":0}],"is_beta":false,"boss_relics":[{"not_picked":["Empty Cage","Black Star"],"picked":"Velvet Choker"},{"not_picked":["WristBlade","Eternal Feather"],"picked":"Cursed Key"}],"items_purged_floors":[31,38,48],"is_endless":false,"potions_floor_spawned":[2,6,10,12,25,27,29,33,35,40,46],"ascension_level":16}