{"gold_per_floor":[111,111,121,131,146,117,147,147,147,147,147,159,159,173,173,248,248,261,461,474,474,490,490,490,490,566,580,580,633,633,109,109,188,188,198,32,32,32,48,48],"floor_reached":40,"playtime":1091,"items_purged":["Strike_R"],"score":793,"play_id":"e237bc97-8ef4-4ee9-95af-fc239ec3101a","local_time":"20190223180405","is_ascension_mode":true,"campfire_choices":[{"data":"Inflame","floor":8.0,"key":"SMITH"},{"data":"Uppercut","floor":10.0,"key":"SMITH"},{"floor":15.0,"key":"REST"},{"floor":23.0,"key":"REST"},{"floor":30.0,"key":"REST"},{"data":"Inflame","floor":32.0,"key":"SMITH"}],"neow_cost":"NONE","seed_source_timestamp":3995096402488,"circlet_count":0,"master_deck":["AscendersBane","Strike_R","Strike_R","Strike_R","Defend_R","Defend_R","Defend_R","Defend_R","Bash+1","Uppercut+1","Inflame+1","Shrug It Off","Wild Strike","Twin Strike","Armaments+1","Immolate","Inflame+1","Heavy Blade","Inflame+1","Evolve","Disarm","Carnage+1","Disarm","Power Through","True Grit","Headbutt"],"special_seed":0,"relics":["Burning Blood","Dream Catcher","Anchor","Velvet Choker","Enchiridion","Ornamental Fan","Blood Vial","Bottled Lightning","Orrery","Bag of Marbles"],"potions_floor_usage":[40],"damage_taken":[{"damage":19.0,"enemies":"Small Slimes","floor":1.0,"turns":4.0},{"damage":1.0,"enemies":"Cultist","floor":3.0,"turns":4.0},{"damage":1.0,"enemies":"2 Louse","floor":4.0,"turns":2.0},{"damage":12.0,"enemies":"Blue Slaver","floor":5.0,"turns":4.0},{"damage":37.0,"enemies":"3 Sentries","floor":7.0,"turns":7.0},{"damage":9.0,"enemies":"Exordium Wildlife","floor":12.0,"turns":4.0},{"damage":3.0,"enemies":"Lots of Slimes","floor":14.0,"turns":3.0},{"damage":40.0,"enemies":"The Guardian","floor":16.0,"turns":15.0},{"damage":20.0,"enemies":"Spheric Guardian","floor":18.0,"turns":4.0},{"damage":10.0,"enemies":"Shell Parasite","floor":20.0,"turns":3.0},{"damage":3.0,"enemies":"Snake Plant","floor":22.0,"turns":3.0},{"damage":9.0,"enemies":"Centurion and Healer","floor":27.0,"turns":5.0},{"damage":12.0,"enemies":"Colosseum Slavers","floor":28.0,"turns":4.0},{"damage":58.0,"enemies":"Collector","floor":33.0,"turns":8.0},{"damage":26.0,"enemies":"3 Darklings","floor":35.0,"turns":3.0},{"damage":4.0,"enemies":"3 Shapes","floor":39.0,"turns":2.0},{"damage":76,"enemies":"Nemesis","floor":40,"turns":8}],"seed_played":"4071869995366257852","potions_obtained":[{"floor":3.0,"key":"Strength Potion"},{"floor":5.0,"key":"PowerPotion"},{"floor":7.0,"key":"SteroidPotion"},{"floor":16.0,"key":"LiquidBronze"},{"floor":20.0,"key":"Swift Potion"},{"floor":33.0,"key":"Block Potion"}],"is_trial":false,"path_per_floor":["M","?","M","M","M","$","E","R","T","R","?","M","?","M","R","B",null,"M","?","M","?","M","R","?","?","T","M","?","T","R","$","R","B",null,"M","$","?","?","M","E"],"character_chosen":"IRONCLAD","items_purchased":["Twin Strike","Evolve","Bottled Lightning","Disarm","Bag of Marbles"],"campfire_rested":3,"item_purchase_floors":[6,31,31,31,36],"current_hp_per_floor":[55,55,60,65,59,59,28,28,28,28,28,25,25,28,50,16,60,46,46,42,21,24,46,46,46,46,43,37,37,59,59,59,9,59,41,41,41,41,45,0],"gold":48,"neow_bonus":"UPGRADE_CARD","is_prod":false,"is_daily":false,"chose_seed":false,"campfire_upgraded":3,"win_rate":0,"timestamp":1550945045,"path_taken":["M","?","M","?","?","$","E","R","T","R","?","M","?","M","R","BOSS","M","?","?","?","M","R","?","?","T","M","?","?","R","?","R","BOSS","M","$","?","?","M","E"],"build_version":"2019-01-23","purchased_purges":1,"victory":false,"max_hp_per_floor":[75,75,75,75,75,75,75,75,75,75,75,75,75,75,75,75,75,75,75,75,75,75,75,75,75,75,75,75,75,75,75,75,75,75,75,75,75,75,75,75],"card_choices":[{"not_picked":["Heavy Blade","Power Through"],"picked":"Uppercut","floor":1.0},{"not_picked":["Armaments","Thunderclap"],"picked":"Shrug It Off","floor":3.0},{"not_picked":["Perfected Strike","Twin Strike"],"picked":"Wild Strike","floor":4.0},{"not_picked":["Rampage","Intimidate","Warcry"],"picked":"SKIP","floor":5.0},{"not_picked":["Whirlwind","Juggernaut"],"picked":"Armaments","floor":7.0},{"not_picked":["Searing Blow","Flex","Thunderclap"],"picked":"SKIP","floor":12.0},{"not_picked":["Twin Strike","Wild Strike","Fire Breathing"],"picked":"SKIP","floor":14.0},{"not_picked":["Brutality","Bludgeon"],"picked":"Immolate","floor":16.0},{"not_picked":["Battle Trance","Wild Strike","Uppercut+1"],"picked":"SKIP","floor":18.0},{"not_picked":["Burning Pact","Cleave","Second Wind"],"picked":"SKIP","floor":20.0},{"not_picked":["Shrug It Off","Pommel Strike"],"picked":"Inflame+1","floor":22.0},{"not_picked":["Cleave","Thunderclap"],"picked":"Heavy Blade","floor":27.0},{"not_picked":["Heavy Blade","Thunderclap"],"picked":"Inflame","floor":30.0},{"not_picked":["Blood for Blood","Clothesline"],"picked":"Carnage+1","floor":34.0},{"not_picked":["Body Slam","Hemokinesis"],"picked":"Disarm","floor":34.0},{"not_picked":["Cleave","Havoc"],"picked":"Power Through","floor":34.0},{"not_picked":["Immolate","Entrench+1"],"picked":"True Grit","floor":35.0},{"not_picked":["Rampage+1","Pommel Strike+1"],"picked":"Headbutt","floor":39.0}],"player_experience":539587,"relics_obtained":[{"floor":7.0,"key":"Dream Catcher"},{"floor":9.0,"key":"Anchor"},{"floor":21.0,"key":"Enchiridion"},{"floor":26.0,"key":"Ornamental Fan"},{"floor":29.0,"key":"Blood Vial"}],"event_choices":[{"damage_healed":0.0,"max_hp_gain":0.0,"max_hp_loss":0.0,"gold_gain":0.0,"cards_transformed":["Strike_R"],"event_name":"Transmorgrifier","player_choice":"Transformed","floor":2.0,"gold_loss":0.0,"damage_taken":0.0,"cards_obtained":["Inflame"]},{"damage_healed":0.0,"max_hp_gain":0.0,"max_hp_loss":0.0,"gold_gain":0.0,"event_name":"Living Wall","player_choice":"Grow","floor":11.0,"gold_loss":0.0,"damage_taken":0.0,"cards_upgraded":["Armaments"]},{"damage_healed":0.0,"max_hp_gain":0.0,"max_hp_loss":0.0,"gold_gain":0.0,"event_name":"Liars Game","player_choice":"Ignored","floor":13.0,"gold_loss":0.0,"damage_taken":0.0},{"damage_healed":0.0,"max_hp_gain":0.0,"max_hp_loss":0.0,"gold_gain":200.0,"event_name":"Wheel of Change","player_choice":"Gold","floor":19.0,"gold_loss":0.0,"damage_taken":0.0},{"damage_healed":0.0,"max_hp_gain":0.0,"max_hp_loss":0.0,"gold_gain":0.0,"event_name":"Cursed Tome","player_choice":"Obtained Book","floor":21.0,"gold_loss":0.0,"damage_taken":21.0},{"damage_healed":0.0,"max_hp_gain":0.0,"max_hp_loss":0.0,"gold_gain":0.0,"event_name":"Vampires","player_choice":"Ignored","floor":24.0,"gold_loss":0.0,"damage_taken":0.0},{"damage_healed":0.0,"max_hp_gain":0.0,"max_hp_loss":0.0,"gold_gain":0.0,"event_name":"Ghosts","player_choice":"Ignored","floor":25.0,"gold_loss":0.0,"damage_taken":0.0},{"damage_healed":0.0,"max_hp_gain":0.0,"max_hp_loss":0.0,"gold_gain":0.0,"event_name":"Colosseum","player_choice":"Fight","floor":28.0,"gold_loss":0.0,"damage_taken":0.0},{"damage_healed":0.0,"max_hp_gain":0.0,"max_hp_loss":0.0,"gold_gain":0.0,"event_name":"Colosseum","player_choice":"Fled From Nobs","floor":28.0,"gold_loss":0.0,"damage_taken":0.0},{"damage_healed":0.0,"max_hp_gain":0.0,"max_hp_loss":0.0,"gold_gain":0.0,"event_name":"SensoryStone","player_choice":"Memory 1","floor":37.0,"gold_loss":0.0,"damage_taken":0.0},{"damage_healed":0.0,"max_hp_gain":0.0,"max_hp_loss":0.0,"gold_gain":0.0,"event_name":"Mysterious Sphere","player_choice":"Ignored","floor":38.0,"gold_loss":0.0,"damage_taken":0.0}],"is_beta":false,"boss_relics":[{"not_picked":["Runic Pyramid","Coffee Dripper"],"picked":"Velvet Choker"},{"not_picked":["Fusion Hammer","Black Star"],"picked":"Orrery"}],"items_purged_floors":[31],"is_endless":false,"potions_floor_spawned":[3,5,7,16,20,28,33,39],"killed_by":"Nemesis","ascension_level":20}