{"gold_per_floor":[116,116,126,145,145,145,159,159,159,159,186,204,232,232,232,329,329,329,4,4,4,0,0,0,0,0,0,0,0,0,0,0,0,0,0,0,0,0,0,0,0,0,0,0,0,0],"floor_reached":46,"playtime":8088,"items_purged":["Strike_B"],"score":849,"play_id":"0b1dffa9-9629-46d2-a0d6-3ad2aec3ee9b","local_time":"20190318235208","is_ascension_mode":true,"campfire_choices":[{"data":"Zap","floor":6.0,"key":"SMITH"},{"data":"Doom and Gloom","floor":8.0,"key":"SMITH"},{"floor":10.0,"key":"REST"},{"floor":15.0,"key":"REST"},{"data":"Defragment","floor":23.0,"key":"SMITH"},{"floor":25.0,"key":"REST"},{"data":"Reinforced Body","floor":28.0,"key":"SMITH"},{"floor":32.0,"key":"REST"},{"data":"Buffer","floor":40,"key":"SMITH"},{"floor":44,"key":"REST"}],"neow_cost":"NONE","seed_source_timestamp":0,"circlet_count":0,"master_deck":["AscendersBane","Defend_B","Defend_B","Defend_B","Defend_B","Zap+1","Dualcast","Ball Lightning","Cold Snap","Doom and Gloom+1","Seek","Defragment+1","Electrodynamics","Shame","Reinforced Body+1","Buffer+1","Biased Cognition+1","Glacier+1","Steam+1","Dark Shackles","Impatience","Bandage Up","Hologram","Compile Driver","Recycle+1"],"special_seed":0,"relics":["Cracked Core","Singing Bowl","Calipers","Blue Candle","Ectoplasm","Matryoshka","Darkstone Periapt","Bag of Marbles","Old Coin","Question Card","Happy Flower","Bronze Scales","FossilizedHelix","Astrolabe","Prayer Wheel","Red Mask","Gremlin Horn"],"potions_floor_usage":[46,46],"damage_taken":[{"damage":10.0,"enemies":"Small Slimes","floor":1.0,"turns":3.0},{"damage":0.0,"enemies":"Cultist","floor":3.0,"turns":3.0},{"damage":0.0,"enemies":"2 Louse","floor":4.0,"turns":2.0},{"damage":12.0,"enemies":"2 Fungi Beasts","floor":7.0,"turns":2.0},{"damage":19.0,"enemies":"3 Sentries","floor":11.0,"turns":6.0},{"damage":27.0,"enemies":"Exordium Thugs","floor":12.0,"turns":3.0},{"damage":2.0,"enemies":"Gremlin Nob","floor":13.0,"turns":3.0},{"damage":21.0,"enemies":"The Guardian","floor":16.0,"turns":10.0},{"damage":18.0,"enemies":"Shell Parasite","floor":18.0,"turns":4.0},{"damage":46.0,"enemies":"Book of Stabbing","floor":24.0,"turns":5.0},{"damage":1.0,"enemies":"Gremlin Leader","floor":27.0,"turns":5.0},{"damage":14.0,"enemies":"Colosseum Slavers","floor":29.0,"turns":2.0},{"damage":11.0,"enemies":"2 Thieves","floor":31.0,"turns":2.0},{"damage":14.0,"enemies":"Automaton","floor":33.0,"turns":10.0},{"damage":0.0,"enemies":"3 Shapes","floor":35.0,"turns":4.0},{"damage":0.0,"enemies":"Orb Walker","floor":37.0,"turns":3.0},{"damage":9.0,"enemies":"4 Shapes","floor":38.0,"turns":2.0},{"damage":8,"enemies":"2 Orb Walkers","floor":39,"turns":5},{"damage":30,"enemies":"Nemesis","floor":42,"turns":9},{"damage":109,"enemies":"Giant Head","floor":46,"turns":12}],"seed_played":"3224977711340916165","potions_obtained":[{"floor":3.0,"key":"Strength Potion"},{"floor":12.0,"key":"EssenceOfSteel"},{"floor":18.0,"key":"FearPotion"},{"floor":31.0,"key":"SteroidPotion"},{"floor":33.0,"key":"Explosive Potion"},{"floor":37.0,"key":"LiquidBronze"},{"floor":38.0,"key":"Fire Potion"},{"floor":42,"key":"Swift Potion"}],"is_trial":false,"path_per_floor":["M","?","M","M","?","R","M","R","T","R","E","M","E","?","R","B",null,"M","$","?","T","?","R","E","R","T","E","R","?","$","M","R","B",null,"M","?","M","M","?","R","?","E","T","R","$","E"],"character_chosen":"DEFECT","items_purchased":["Matryoshka"],"campfire_rested":5,"item_purchase_floors":[19],"current_hp_per_floor":[58,51,51,51,51,51,39,39,39,61,42,17,15,15,38,17,62,46,46,52,52,52,52,8,34,34,33,33,19,19,10,36,22,72,74,64,68,63,61,61,61,35,35,62,62,0],"gold":0,"neow_bonus":"THREE_CARDS","is_prod":false,"is_daily":false,"chose_seed":false,"campfire_upgraded":5,"win_rate":0,"timestamp":1552967528,"path_taken":["M","?","M","M","?","R","M","R","T","R","E","?","E","?","R","BOSS","M","$","?","?","?","R","E","R","T","E","R","?","?","?","R","BOSS","M","?","M","M","?","R","?","E","T","R","$","E"],"build_version":"2019-01-23","purchased_purges":1,"victory":false,"max_hp_per_floor":[75,75,75,75,75,75,75,75,75,75,75,77,77,77,77,77,77,79,79,85,85,85,85,87,87,87,87,87,87,87,89,89,89,89,91,91,91,91,93,93,93,93,93,93,93,93],"card_choices":[{"not_picked":["Reprogram","Streamline"],"picked":"Ball Lightning","floor":0.0},{"not_picked":["White Noise","Reprogram"],"picked":"Cold Snap","floor":1.0},{"not_picked":["Leap","Chaos"],"picked":"Streamline","floor":3.0},{"not_picked":["Undo","Scrape","Hologram"],"picked":"SKIP","floor":4.0},{"not_picked":["Undo","Aggregate"],"picked":"Doom and Gloom","floor":7.0},{"not_picked":["Steam","Buffer"],"picked":"Seek","floor":11.0},{"not_picked":["Reinforced Body","Darkness","Sweeping Beam"],"picked":"Singing Bowl","floor":12.0},{"not_picked":["White Noise","Genetic Algorithm"],"picked":"Defragment","floor":13.0},{"not_picked":["Seek","Amplify"],"picked":"Electrodynamics","floor":16.0},{"not_picked":["Steam","Doom and Gloom","Cold Snap+1"],"picked":"Singing Bowl","floor":18.0},{"not_picked":["Sunder+1","Rebound","Gash"],"picked":"Singing Bowl","floor":24.0},{"not_picked":["Hologram","BootSequence","White Noise"],"picked":"Reinforced Body","floor":27.0},{"not_picked":["Sunder","Rip and Tear+1","Reinforced Body","Genetic Algorithm"],"picked":"Singing Bowl","floor":31.0},{"not_picked":["Fission","Thunder Strike","Amplify"],"picked":"Buffer","floor":33.0},{"not_picked":["Coolheaded","Genetic Algorithm+1","Heatsinks","Darkness"],"picked":"Singing Bowl","floor":35.0},{"not_picked":["Trip","HandOfGreed","Good Instincts"],"picked":"Dark Shackles","floor":36.0},{"not_picked":["Violence","Panacea","Finesse"],"picked":"Impatience","floor":36.0},{"not_picked":["Deep Breath","Purity","Blind"],"picked":"Bandage Up","floor":36.0},{"not_picked":["Reinforced Body","Ball Lightning","Beam Cell"],"picked":"Hologram","floor":37.0},{"not_picked":["Glacier","Rebound+1","Hologram"],"picked":"Compile Driver","floor":38.0},{"not_picked":["Gash+1","Ball Lightning","Darkness+1","Consume"],"picked":"Singing Bowl","floor":39},{"not_picked":["Scrape+1","Consume","Cold Snap"],"picked":"Recycle+1","floor":42}],"player_experience":1930203,"relics_obtained":[{"floor":9.0,"key":"Singing Bowl"},{"floor":11.0,"key":"Calipers"},{"floor":13.0,"key":"Blue Candle"},{"floor":21.0,"key":"Bag of Marbles"},{"floor":21.0,"key":"Old Coin"},{"floor":24.0,"key":"Question Card"},{"floor":26.0,"key":"Happy Flower"},{"floor":26.0,"key":"Bronze Scales"},{"floor":27.0,"key":"FossilizedHelix"},{"floor":39,"key":"Prayer Wheel"},{"floor":42,"key":"Gremlin Horn"}],"event_choices":[{"cards_removed":["Strike_B"],"damage_healed":0.0,"max_hp_gain":0.0,"max_hp_loss":0.0,"gold_gain":0.0,"event_name":"Golden Wing","player_choice":"Card Removal","floor":2.0,"gold_loss":0.0,"damage_taken":7.0},{"damage_healed":0.0,"max_hp_gain":0.0,"max_hp_loss":0.0,"gold_gain":0.0,"event_name":"FaceTrader","player_choice":"Leave","floor":5.0,"gold_loss":0.0,"damage_taken":0.0},{"damage_healed":0.0,"max_hp_gain":0.0,"max_hp_loss":0.0,"gold_gain":0.0,"event_name":"Liars Game","player_choice":"Ignored","floor":14.0,"gold_loss":0.0,"damage_taken":0.0},{"damage_healed":0.0,"max_hp_gain":0.0,"max_hp_loss":0.0,"gold_gain":0.0,"event_name":"Addict","player_choice":"Stole Relic","floor":20.0,"gold_loss":0.0,"damage_taken":0.0,"relics_obtained":["Darkstone Periapt"],"cards_obtained":["Shame"]},{"damage_healed":0.0,"max_hp_gain":0.0,"max_hp_loss":0.0,"gold_gain":0.0,"event_name":"Masked Bandits","player_choice":"Paid Fearfully","floor":22.0,"gold_loss":4.0,"damage_taken":0.0},{"damage_healed":0.0,"max_hp_gain":0.0,"max_hp_loss":0.0,"gold_gain":0.0,"event_name":"Colosseum","player_choice":"Fight","floor":29.0,"gold_loss":0.0,"damage_taken":0.0},{"damage_healed":0.0,"max_hp_gain":0.0,"max_hp_loss":0.0,"gold_gain":0.0,"event_name":"Colosseum","player_choice":"Fled From Nobs","floor":29.0,"gold_loss":0.0,"damage_taken":0.0},{"damage_healed":0.0,"max_hp_gain":0.0,"max_hp_loss":0.0,"gold_gain":0.0,"event_name":"SensoryStone","player_choice":"Memory 3","floor":36.0,"gold_loss":0.0,"damage_taken":10.0},{"damage_healed":0,"gold_gain":0,"player_choice":"Fight","damage_taken":0,"max_hp_gain":0,"max_hp_loss":0,"event_name":"Mysterious Sphere","floor":39,"gold_loss":0},{"damage_healed":0,"gold_gain":0,"player_choice":"Paid","damage_taken":0,"relics_obtained":["Red Mask"],"max_hp_gain":0,"max_hp_loss":0,"event_name":"Tomb of Lord Red Mask","floor":41,"gold_loss":0}],"is_beta":false,"boss_relics":[{"not_picked":["Philosopher\u0027s Stone","Pandora\u0027s Box"],"picked":"Ectoplasm"},{"not_picked":["Fusion Hammer","White Beast Statue"],"picked":"Astrolabe"}],"items_purged_floors":[19],"is_endless":false,"potions_floor_spawned":[3,12,18,31,33,37,38,42],"killed_by":"Giant Head","ascension_level":12}