{"gold_per_floor":[113,124,135,153,153,153,163,163,188,221,371,391,41,60,60,131,131,151,161,261,261,261],"floor_reached":22,"playtime":614,"items_purged":["Doubt"],"score":415,"play_id":"15741b40-7641-40a8-bbd0-f0f5ec51a606","local_time":"20190324130102","is_ascension_mode":true,"campfire_choices":[{"data":"Perfected Strike","floor":6.0,"key":"SMITH"},{"data":"Inflame","floor":8.0,"key":"SMITH"},{"data":"Rage","floor":15.0,"key":"SMITH"}],"neow_cost":"NONE","seed_source_timestamp":351932487786428,"circlet_count":0,"master_deck":["AscendersBane","Strike_R","Strike_R+1","Strike_R","Strike_R+1","Strike_R","Defend_R","Defend_R","Defend_R","Defend_R","Bash","Perfected Strike+1","Cleave","Inflame+1","Battle Trance","Pommel Strike","Ghostly Armor","Rage+1","Twin Strike","Limit Break","Disarm","Whirlwind","Seeing Red+1"],"special_seed":0,"relics":["Burning Blood","PreservedInsect","Whetstone","Paper Frog","Coffee Dripper","Magic Flower","Letter Opener"],"potions_floor_usage":[22],"damage_taken":[{"damage":4.0,"enemies":"Small Slimes","floor":1.0,"turns":4.0},{"damage":14.0,"enemies":"Jaw Worm","floor":2.0,"turns":3.0},{"damage":1.0,"enemies":"Cultist","floor":3.0,"turns":3.0},{"damage":14.0,"enemies":"Blue Slaver","floor":4.0,"turns":4.0},{"damage":13.0,"enemies":"3 Louse","floor":7.0,"turns":3.0},{"damage":0.0,"enemies":"Lagavulin","floor":10.0,"turns":3.0},{"damage":0.0,"enemies":"Large Slime","floor":12.0,"turns":2.0},{"damage":13.0,"enemies":"Exordium Thugs","floor":14.0,"turns":4.0},{"damage":11.0,"enemies":"Slime Boss","floor":16.0,"turns":8.0},{"damage":17.0,"enemies":"2 Thieves","floor":18.0,"turns":4.0},{"damage":21.0,"enemies":"Shell Parasite","floor":19.0,"turns":4.0},{"damage":20.0,"enemies":"Colosseum Slavers","floor":20.0,"turns":3.0},{"damage":7.0,"enemies":"Colosseum Nobs","floor":20.0,"turns":4.0},{"damage":19,"enemies":"3 Cultists","floor":22,"turns":3}],"seed_played":"3345935579422395044","potions_obtained":[{"floor":3.0,"key":"SkillPotion"},{"floor":4.0,"key":"AttackPotion"},{"floor":7.0,"key":"Regen Potion"},{"floor":10.0,"key":"SpeedPotion"},{"floor":12.0,"key":"Block Potion"},{"floor":19.0,"key":"Swift Potion"},{"floor":20.0,"key":"LiquidBronze"}],"is_trial":false,"path_per_floor":["M","M","M","M","?","R","M","R","T","E","?","M","$","M","R","B",null,"M","M","?","?","M"],"character_chosen":"IRONCLAD","items_purchased":["Paper Frog"],"campfire_rested":0,"item_purchase_floors":[13],"current_hp_per_floor":[70,62,67,59,64,64,57,57,57,68,68,74,74,67,67,62,76,65,50,35,12,0],"gold":261,"neow_bonus":"THREE_CARDS","is_prod":false,"is_daily":false,"chose_seed":false,"campfire_upgraded":3,"win_rate":0,"timestamp":1553428862,"path_taken":["M","M","M","M","?","R","M","R","T","E","?","M","$","M","R","BOSS","M","M","?","?","M"],"build_version":"2019-01-23","purchased_purges":1,"victory":false,"max_hp_per_floor":[75,75,75,75,80,80,80,80,80,80,80,80,80,80,80,80,80,80,80,80,85,85],"card_choices":[{"not_picked":["Anger","Armaments"],"picked":"Perfected Strike","floor":0.0},{"not_picked":["Flex","Body Slam"],"picked":"Cleave","floor":1.0},{"not_picked":["Corruption","Evolve"],"picked":"Inflame","floor":2.0},{"not_picked":["Corruption","Wild Strike"],"picked":"Battle Trance","floor":3.0},{"not_picked":["Reckless Charge","Wild Strike"],"picked":"Pommel Strike","floor":4.0},{"not_picked":["Power Through","Heavy Blade","Clash"],"picked":"SKIP","floor":7.0},{"not_picked":["Clothesline","Wild Strike"],"picked":"Ghostly Armor","floor":10.0},{"not_picked":["Clothesline","Flex"],"picked":"Rage","floor":12.0},{"not_picked":["Inflame","Headbutt"],"picked":"Twin Strike","floor":14.0},{"not_picked":["Offering","Reaper"],"picked":"Limit Break","floor":16.0},{"not_picked":["Evolve+1","Iron Wave"],"picked":"Disarm","floor":18.0},{"not_picked":["Flex","Heavy Blade"],"picked":"Whirlwind","floor":19.0},{"not_picked":["Power Through","Battle Trance"],"picked":"Seeing Red+1","floor":20.0}],"player_experience":1101636,"relics_obtained":[{"floor":9.0,"key":"PreservedInsect"},{"floor":10.0,"key":"Whetstone"},{"floor":20.0,"key":"Magic Flower"},{"floor":20.0,"key":"Letter Opener"}],"event_choices":[{"damage_healed":0.0,"max_hp_gain":5.0,"max_hp_loss":0.0,"gold_gain":0.0,"event_name":"Big Fish","player_choice":"Donut","floor":5.0,"gold_loss":0.0,"damage_taken":0.0},{"damage_healed":0.0,"max_hp_gain":0.0,"max_hp_loss":0.0,"gold_gain":150.0,"event_name":"Liars Game","player_choice":"AGREE","floor":11.0,"gold_loss":0.0,"damage_taken":0.0,"cards_obtained":["Doubt"]},{"damage_healed":0.0,"max_hp_gain":0.0,"max_hp_loss":0.0,"gold_gain":0.0,"event_name":"Colosseum","player_choice":"Fight","floor":20.0,"gold_loss":0.0,"damage_taken":0.0},{"damage_healed":0.0,"max_hp_gain":0.0,"max_hp_loss":0.0,"gold_gain":0.0,"event_name":"Colosseum","player_choice":"Fought Nobs","floor":20.0,"gold_loss":0.0,"damage_taken":0.0},{"damage_healed":0.0,"max_hp_gain":5.0,"max_hp_loss":0.0,"gold_gain":0.0,"event_name":"Forgotten Altar","player_choice":"Shed Blood","floor":21.0,"gold_loss":0.0,"damage_taken":28.0}],"is_beta":false,"boss_relics":[{"not_picked":["White Beast Statue","Orrery"],"picked":"Coffee Dripper"}],"items_purged_floors":[13],"is_endless":false,"potions_floor_spawned":[3,4,7,10,12,19,20,20],"killed_by":"3 Cultists","ascension_level":19}