{"gold_per_floor":[113,113,124,139,11,11,11,22,72,72,102,102,133,152,152,229,229,240,108,108,158,169,169,169,169,194,223,67,67,82,101,101,101],"floor_reached":33,"playtime":697,"items_purged":["Strike_R","Strike_R"],"score":546,"play_id":"a406cab8-9994-4010-90bc-334c3026ea0b","local_time":"20190321170914","is_ascension_mode":true,"campfire_choices":[{"data":"Uppercut","floor":6.0,"key":"SMITH"},{"data":"Bludgeon","floor":12,"key":"SMITH"},{"data":"Bash","floor":15,"key":"SMITH"},{"data":"Double Tap","floor":23,"key":"SMITH"},{"floor":25,"key":"REST"},{"data":"Cleave","floor":29,"key":"SMITH"},{"floor":32,"key":"REST"}],"neow_cost":"NONE","seed_source_timestamp":352538498144,"circlet_count":0,"master_deck":["AscendersBane","Strike_R","Strike_R","Strike_R","Defend_R+1","Defend_R","Defend_R","Defend_R+1","Bash+1","Uppercut+1","Cleave+1","Reckless Charge","Shrug It Off","Bludgeon+1","Twin Strike","Double Tap+1","Disarm","Wild Strike","Evolve","Shrug It Off+1","Clothesline+1"],"special_seed":0,"relics":["Burning Blood","PreservedInsect","Sundial","Orichalcum","Omamori","Cursed Key","Singing Bowl","War Paint","Molten Egg 2"],"potions_floor_usage":[11,16,16,30,33],"damage_taken":[{"damage":16.0,"enemies":"Jaw Worm","floor":1.0,"turns":4.0},{"damage":9.0,"enemies":"Cultist","floor":3.0,"turns":4.0},{"damage":0.0,"enemies":"2 Louse","floor":4.0,"turns":2.0},{"damage":1.0,"enemies":"Blue Slaver","floor":8.0,"turns":3.0},{"damage":20,"enemies":"Lagavulin","floor":11,"turns":5},{"damage":14,"enemies":"3 Sentries","floor":13,"turns":7},{"damage":0,"enemies":"Exordium Thugs","floor":14,"turns":4},{"damage":24,"enemies":"Hexaghost","floor":16,"turns":7},{"damage":20,"enemies":"3 Byrds","floor":18,"turns":6},{"damage":15,"enemies":"Shell Parasite","floor":22,"turns":2},{"damage":26,"enemies":"Gremlin Leader","floor":27,"turns":4},{"damage":20,"enemies":"3 Cultists","floor":30,"turns":6},{"damage":4,"enemies":"Snecko","floor":31,"turns":3},{"damage":105,"enemies":"Collector","floor":33,"turns":9}],"seed_played":"2214701091555492676","potions_obtained":[{"floor":1.0,"key":"LiquidBronze"},{"floor":3.0,"key":"SkillPotion"},{"floor":14,"key":"Poison Potion"},{"floor":16,"key":"SpeedPotion"},{"floor":22,"key":"SpeedPotion"},{"floor":30,"key":"SpeedPotion"}],"is_trial":false,"path_per_floor":["M","?","M","M","$","R","$","M","T","T","E","R","E","M","R","B",null,"M","$","?","?","M","R","?","R","T","E","$","R","M","M","R","B"],"character_chosen":"IRONCLAD","items_purchased":["Reckless Charge","Shrug It Off","Wild Strike","Clothesline+1"],"campfire_rested":2,"item_purchase_floors":[5,5,19,28],"current_hp_per_floor":[58,85,82,85,85,85,85,85,85,85,71,71,63,69,69,51,77,63,63,63,63,54,54,54,79,79,59,59,59,47,51,77,0],"gold":101,"neow_bonus":"ONE_RANDOM_RARE_CARD","is_prod":false,"is_daily":false,"chose_seed":false,"campfire_upgraded":5,"win_rate":0,"timestamp":1553188154,"path_taken":["M","?","M","?","$","R","$","M","T","?","E","R","E","M","R","BOSS","M","$","?","?","M","R","?","R","T","E","?","R","?","M","R","BOSS"],"build_version":"2019-01-23","purchased_purges":2,"victory":false,"max_hp_per_floor":[75,85,85,85,85,85,85,85,85,85,85,85,85,85,85,85,85,85,85,85,85,85,85,85,85,85,85,85,85,87,89,89,89],"card_choices":[{"not_picked":["Sentinel","True Grit"],"picked":"Uppercut","floor":1.0},{"not_picked":["Body Slam","Hemokinesis"],"picked":"Cleave","floor":3.0},{"not_picked":["Warcry","Seeing Red","Burning Pact"],"picked":"SKIP","floor":4.0},{"not_picked":["Heavy Blade","Warcry","True Grit"],"picked":"SKIP","floor":8.0},{"not_picked":["Bloodletting","Immolate"],"picked":"Bludgeon","floor":11},{"not_picked":["Warcry","Perfected Strike"],"picked":"Twin Strike","floor":13},{"not_picked":["Heavy Blade","Sword Boomerang","Perfected Strike"],"picked":"SKIP","floor":14},{"not_picked":["Reaper","Impervious"],"picked":"Double Tap","floor":16},{"not_picked":["Second Wind","Headbutt"],"picked":"Disarm","floor":18},{"not_picked":["Dual Wield","Sentinel"],"picked":"Evolve","floor":22},{"not_picked":["Rampage","Shockwave"],"picked":"Shrug It Off+1","floor":27},{"not_picked":["True Grit","Clash+1","Perfected Strike+1"],"picked":"Singing Bowl","floor":30},{"not_picked":["Evolve","Heavy Blade+1","Rampage+1"],"picked":"Singing Bowl","floor":31}],"player_experience":560513,"relics_obtained":[{"floor":9.0,"key":"PreservedInsect"},{"floor":10.0,"key":"Sundial"},{"floor":11,"key":"Orichalcum"},{"floor":13,"key":"Omamori"},{"floor":26,"key":"War Paint"},{"floor":27,"key":"Molten Egg 2"}],"event_choices":[{"cards_removed":["Barricade"],"damage_healed":17.0,"max_hp_gain":10.0,"max_hp_loss":0.0,"gold_gain":0.0,"event_name":"Bonfire Elementals","player_choice":"Offered Rare","floor":2.0,"gold_loss":0.0,"damage_taken":0.0},{"damage_healed":0,"gold_gain":0,"player_choice":"Ignored","damage_taken":0,"max_hp_gain":0,"max_hp_loss":0,"event_name":"Vampires","floor":20,"gold_loss":0},{"damage_healed":0,"gold_gain":50,"player_choice":"Stole From Cult","damage_taken":0,"max_hp_gain":0,"max_hp_loss":0,"event_name":"Nest","floor":21,"gold_loss":0},{"damage_healed":0,"gold_gain":0,"player_choice":"Opened","damage_taken":0,"relics_obtained":["Singing Bowl"],"max_hp_gain":0,"max_hp_loss":0,"event_name":"The Mausoleum","floor":24,"gold_loss":0,"cards_obtained":["Writhe"]}],"is_beta":false,"boss_relics":[{"not_picked":["Tiny House","Black Star"],"picked":"Cursed Key"}],"items_purged_floors":[19,28],"is_endless":false,"potions_floor_spawned":[1,3,8,14,16,22,30],"killed_by":"Collector","ascension_level":20}