{"gold_per_floor":[110,110,127,145,145,145,183,183,240,283,283,301,344,23,23,118,118,141,189,314,332,61,61,61,61,61,61,94,107,6,25,25,102,102,119,30,130,130,143,143,177,189,189,89,89,101,121,139,139,139,139],"floor_reached":51,"playtime":1277,"items_purged":["Strike_R","Strike_R","Strike_R"],"score":1376,"play_id":"2c9efb74-618c-4655-aa6f-7ea718ee4502","local_time":"20190315224703","is_ascension_mode":true,"campfire_choices":[{"data":"Flex","floor":6.0,"key":"SMITH"},{"data":"Fiend Fire","floor":8.0,"key":"SMITH"},{"floor":15.0,"key":"REST"},{"floor":23.0,"key":"REST"},{"data":"Uppercut","floor":25.0,"key":"SMITH"},{"data":"Pommel Strike","floor":27.0,"key":"SMITH"},{"data":"Flame Barrier","floor":32.0,"key":"SMITH"},{"floor":40.0,"key":"REST"},{"floor":45.0,"key":"REST"},{"floor":49.0,"key":"RECALL"}],"neow_cost":"NONE","seed_source_timestamp":184828718069074,"circlet_count":0,"master_deck":["AscendersBane","Strike_R","Strike_R","Defend_R+1","Defend_R","Defend_R+1","Defend_R","Bash","Fiend Fire+1","Flex+1","Pommel Strike+1","Metallicize","Twin Strike","Uppercut+1","Wild Strike+1","Bludgeon+1","Shrug It Off+1","Blood for Blood+1","Power Through","Spot Weakness","Anger+1","Flame Barrier+1","Double Tap","Inflame","Carnage+1","True Grit","Uppercut+1"],"special_seed":0,"relics":["Burning Blood","Bloody Idol","Happy Flower","Tiny Chest","Lantern","PreservedInsect","Incense Burner","Molten Egg 2","Velvet Choker","Bag of Marbles","Gambling Chip","The Courier","Paper Frog","Bottled Flame","War Paint","Fusion Hammer","StoneCalendar","Meat on the Bone","Darkstone Periapt","Shuriken"],"potions_floor_usage":[],"damage_taken":[{"damage":1.0,"enemies":"Cultist","floor":1.0,"turns":3.0},{"damage":1.0,"enemies":"2 Louse","floor":3.0,"turns":2.0},{"damage":2.0,"enemies":"Jaw Worm","floor":4.0,"turns":3.0},{"damage":17.0,"enemies":"Lagavulin","floor":7.0,"turns":5.0},{"damage":8.0,"enemies":"Gremlin Nob","floor":10.0,"turns":3.0},{"damage":9.0,"enemies":"Red Slaver","floor":12.0,"turns":2.0},{"damage":16.0,"enemies":"3 Sentries","floor":13.0,"turns":5.0},{"damage":39.0,"enemies":"Slime Boss","floor":16.0,"turns":12.0},{"damage":21.0,"enemies":"Shell Parasite","floor":18.0,"turns":2.0},{"damage":21.0,"enemies":"Colosseum Slavers","floor":20.0,"turns":3.0},{"damage":1.0,"enemies":"Colosseum Nobs","floor":20.0,"turns":2.0},{"damage":8.0,"enemies":"3 Byrds","floor":21.0,"turns":5.0},{"damage":0.0,"enemies":"Book of Stabbing","floor":28.0,"turns":1.0},{"damage":0.0,"enemies":"Cultist and Chosen","floor":29.0,"turns":3.0},{"damage":0.0,"enemies":"Snecko","floor":31.0,"turns":1.0},{"damage":36.0,"enemies":"Collector","floor":33.0,"turns":4.0},{"damage":0.0,"enemies":"3 Shapes","floor":35.0,"turns":3.0},{"damage":0.0,"enemies":"Mind Bloom Boss Battle","floor":37.0,"turns":2.0},{"damage":0.0,"enemies":"Orb Walker","floor":39.0,"turns":1.0},{"damage":14.0,"enemies":"Nemesis","floor":41.0,"turns":3.0},{"damage":5.0,"enemies":"Jaw Worm Horde","floor":42.0,"turns":4.0},{"damage":1.0,"enemies":"Transient","floor":46.0,"turns":6.0},{"damage":1.0,"enemies":"Maw","floor":47.0,"turns":5.0},{"damage":0.0,"enemies":"Spire Growth","floor":48.0,"turns":2.0},{"damage":45.0,"enemies":"Awakened One","floor":50.0,"turns":14.0},{"damage":55,"enemies":"Donu and Deca","floor":51,"turns":4}],"seed_played":"47052039479109879","potions_obtained":[{"floor":2.0,"key":"Energy Potion"},{"floor":2.0,"key":"Fire Potion"},{"floor":16.0,"key":"BloodPotion"},{"floor":18.0,"key":"Energy Potion"},{"floor":20.0,"key":"Explosive Potion"},{"floor":29.0,"key":"EssenceOfSteel"},{"floor":35.0,"key":"Strength Potion"},{"floor":39.0,"key":"Poison Potion"},{"floor":42.0,"key":"Energy Potion"},{"floor":46.0,"key":"GamblersBrew"}],"is_trial":false,"path_per_floor":["M","?","M","M","?","R","E","R","T","E","T","M","E","$","R","B",null,"M","T","?","M","$","R","?","R","T","R","E","M","$","M","R","B",null,"M","$","?","T","M","R","E","M","T","$","R","M","M","M","R","B","B"],"character_chosen":"IRONCLAD","items_purchased":["Molten Egg 2","Wild Strike+1","Paper Frog","Anger+1","Inflame","Carnage+1"],"campfire_rested":4,"item_purchase_floors":[14,14,22,30,36,36],"current_hp_per_floor":[73,73,75,75,49,49,38,38,38,36,36,33,23,23,45,12,59,44,44,41,39,39,61,61,61,61,61,72,75,75,75,75,50,69,75,75,75,75,75,75,72,75,75,75,75,75,75,75,75,48,0],"gold":139,"neow_bonus":"ONE_RANDOM_RARE_CARD","is_prod":false,"is_daily":false,"chose_seed":false,"campfire_upgraded":5,"win_rate":0,"timestamp":1552690023,"path_taken":["M","?","?","?","?","R","E","R","T","E","?","M","E","$","R","BOSS","M","?","?","M","?","R","?","R","T","R","E","M","$","M","R","BOSS","M","$","?","?","M","R","E","M","T","$","R","M","M","M","R","BOSS","BOSS"],"build_version":"2019-01-23","purchased_purges":3,"victory":false,"max_hp_per_floor":[75,75,75,75,75,75,75,75,75,75,75,75,75,75,75,75,75,75,75,75,75,75,75,75,75,75,75,75,75,75,75,75,75,75,75,75,75,75,75,75,75,75,75,75,75,75,75,75,75,75,75],"card_choices":[{"not_picked":["Burning Pact","Armaments"],"picked":"Flex","floor":1.0},{"not_picked":["Thunderclap","Flex"],"picked":"Pommel Strike","floor":3.0},{"not_picked":["Armaments","True Grit"],"picked":"Metallicize","floor":4.0},{"not_picked":["Perfected Strike","Blood for Blood","Bloodletting"],"picked":"SKIP","floor":7.0},{"not_picked":["Headbutt","Body Slam"],"picked":"Twin Strike","floor":10.0},{"not_picked":["Juggernaut","Sentinel","Body Slam"],"picked":"SKIP","floor":12.0},{"not_picked":["Clash","Rage"],"picked":"Uppercut","floor":13.0},{"not_picked":["Immolate+1","Brutality"],"picked":"Bludgeon+1","floor":16.0},{"not_picked":["Warcry","Iron Wave+1"],"picked":"Shrug It Off+1","floor":18.0},{"not_picked":["Body Slam+1","Brutality"],"picked":"Blood for Blood+1","floor":21.0},{"not_picked":["Headbutt+1","Pommel Strike+1"],"picked":"Power Through","floor":28.0},{"not_picked":["Twin Strike+1","Cleave+1"],"picked":"Spot Weakness","floor":29.0},{"not_picked":["Cleave+1","Perfected Strike+1"],"picked":"Flame Barrier","floor":31.0},{"not_picked":["Fiend Fire+1","Dark Embrace"],"picked":"Double Tap","floor":33.0},{"not_picked":["Twin Strike+1","Anger+1","Thunderclap+1"],"picked":"SKIP","floor":35.0},{"not_picked":["Havoc","Body Slam+1"],"picked":"True Grit","floor":37.0},{"not_picked":["Sword Boomerang+1","Iron Wave+1","Flame Barrier"],"picked":"SKIP","floor":39.0},{"not_picked":["Hemokinesis+1","Bloodletting+1","Sever Soul+1"],"picked":"SKIP","floor":41.0},{"not_picked":["Shrug It Off","Dual Wield","Havoc"],"picked":"SKIP","floor":42.0},{"not_picked":["Iron Wave+1","Shrug It Off"],"picked":"Uppercut+1","floor":46.0},{"not_picked":["Perfected Strike+1","Iron Wave+1","Fire Breathing+1"],"picked":"SKIP","floor":47.0},{"not_picked":["Heavy Blade+1","Sword Boomerang+1","Body Slam+1"],"picked":"SKIP","floor":48.0}],"player_experience":557017,"relics_obtained":[{"floor":7.0,"key":"Happy Flower"},{"floor":9.0,"key":"Tiny Chest"},{"floor":10.0,"key":"Lantern"},{"floor":11.0,"key":"PreservedInsect"},{"floor":13.0,"key":"Incense Burner"},{"floor":19.0,"key":"Bag of Marbles"},{"floor":20.0,"key":"Gambling Chip"},{"floor":20.0,"key":"The Courier"},{"floor":26.0,"key":"Bottled Flame"},{"floor":28.0,"key":"War Paint"},{"floor":37.0,"key":"StoneCalendar"},{"floor":38.0,"key":"Meat on the Bone"},{"floor":41.0,"key":"Darkstone Periapt"},{"floor":43.0,"key":"Shuriken"}],"event_choices":[{"damage_healed":0.0,"max_hp_gain":0.0,"max_hp_loss":0.0,"gold_gain":0.0,"event_name":"Lab","player_choice":"Got Potions","floor":2.0,"gold_loss":0.0,"damage_taken":0.0},{"damage_healed":0.0,"max_hp_gain":0.0,"max_hp_loss":0.0,"gold_gain":0.0,"event_name":"Golden Idol","player_choice":"Take Damage","floor":5.0,"gold_loss":0.0,"damage_taken":26.0,"relics_obtained":["Golden Idol"]},{"damage_healed":0.0,"max_hp_gain":0.0,"max_hp_loss":0.0,"gold_gain":0.0,"event_name":"Colosseum","player_choice":"Fight","floor":20.0,"gold_loss":0.0,"damage_taken":0.0},{"damage_healed":0.0,"max_hp_gain":0.0,"max_hp_loss":0.0,"gold_gain":0.0,"event_name":"Colosseum","player_choice":"Fought Nobs","floor":20.0,"gold_loss":0.0,"damage_taken":0.0},{"damage_healed":0.0,"max_hp_gain":0.0,"max_hp_loss":0.0,"gold_gain":0.0,"event_name":"Forgotten Altar","player_choice":"Gave Idol","floor":24.0,"relics_lost":["Golden Idol"],"gold_loss":0.0,"damage_taken":0.0,"relics_obtained":["Bloody Idol"]},{"damage_healed":0.0,"max_hp_gain":0.0,"max_hp_loss":0.0,"gold_gain":0.0,"event_name":"MindBloom","player_choice":"Fight","floor":37.0,"gold_loss":0.0,"damage_taken":0.0}],"is_beta":false,"boss_relics":[{"not_picked":["Mark of Pain","Philosopher\u0027s Stone"],"picked":"Velvet Choker"},{"not_picked":["White Beast Statue","Black Blood"],"picked":"Fusion Hammer"}],"items_purged_floors":[22,30,44],"is_endless":false,"potions_floor_spawned":[4,16,18,20,29,31,35,39,42,46],"killed_by":"Donu and Deca","ascension_level":20}