{"gold_per_floor":[217,217,217,228,238,238,273,286,337,337],"floor_reached":10,"playtime":230,"items_purged":[],"score":136,"play_id":"43fcee58-fa7f-478d-8605-c68f3542bd76","local_time":"20190219141027","is_ascension_mode":true,"campfire_choices":[{"data":"Zap","floor":6,"key":"SMITH"}],"neow_cost":"NONE","seed_source_timestamp":0,"circlet_count":0,"master_deck":["AscendersBane","Strike_B","Strike_B","Strike_B","Defend_B","Defend_B","Defend_B","Defend_B","Zap+1","Dualcast","Coolheaded","Sweeping Beam","Loop","Consume"],"special_seed":0,"relics":["Cracked Core","Gremlin Horn","Boot","Omamori"],"potions_floor_usage":[],"damage_taken":[{"damage":2,"enemies":"Jaw Worm","floor":1,"turns":3},{"damage":2,"enemies":"Small Slimes","floor":4,"turns":6},{"damage":0,"enemies":"Cultist","floor":5,"turns":3},{"damage":40,"enemies":"Gremlin Nob","floor":7,"turns":4},{"damage":6,"enemies":"Looter","floor":8,"turns":3},{"damage":3,"enemies":"3 Sentries","floor":10,"turns":1}],"seed_played":"3278004084519393667","potions_obtained":[{"floor":1,"key":"Ancient Potion"}],"is_trial":false,"path_per_floor":["M","?","?","M","M","R","E","M","T","E"],"character_chosen":"DEFECT","items_purchased":[],"campfire_rested":0,"item_purchase_floors":[],"current_hp_per_floor":[62,51,51,49,49,49,9,3,3,0],"gold":337,"neow_bonus":"HUNDRED_GOLD","is_prod":false,"is_daily":false,"chose_seed":false,"campfire_upgraded":1,"win_rate":0,"timestamp":1550585427,"path_taken":["M","?","?","M","M","R","E","M","T","E"],"build_version":"2019-01-23","purchased_purges":0,"victory":false,"max_hp_per_floor":[71,71,71,71,71,71,71,71,71,71],"card_choices":[{"not_picked":["Chill","Redo"],"picked":"Coolheaded","floor":1},{"not_picked":["Go for the Eyes","Stack"],"picked":"Sweeping Beam","floor":4},{"not_picked":["Sweeping Beam","Gash"],"picked":"Loop","floor":5},{"not_picked":["Amplify","Coolheaded"],"picked":"Consume","floor":7},{"not_picked":["Barrage","Coolheaded","Redo"],"picked":"SKIP","floor":8}],"player_experience":534281,"relics_obtained":[{"floor":7,"key":"Boot"},{"floor":9,"key":"Omamori"}],"event_choices":[{"damage_healed":0,"gold_gain":0,"player_choice":"Success","damage_taken":11,"relics_obtained":["Gremlin Horn"],"max_hp_gain":0,"max_hp_loss":0,"event_name":"Scrap Ooze","floor":2,"gold_loss":0},{"cards_removed":["Strike_B"],"damage_healed":0,"gold_gain":0,"player_choice":"Purged","damage_taken":0,"max_hp_gain":0,"max_hp_loss":0,"event_name":"Purifier","floor":3,"gold_loss":0}],"is_beta":false,"boss_relics":[],"items_purged_floors":[],"is_endless":false,"potions_floor_spawned":[1],"killed_by":"3 Sentries","ascension_level":20}