{"gold_per_floor":[363,373,388,406,239,264,264,42,42,58,75,94,94,104,104,178,178,188,188,128],"floor_reached":20,"playtime":606,"items_purged":["Normality"],"score":338,"play_id":"4fc4141d-57e9-4f02-94d0-9c99aa2681b9","local_time":"20190306173145","is_ascension_mode":true,"campfire_choices":[{"data":"Perfected Strike","floor":7.0,"key":"SMITH"},{"data":"Armaments","floor":13.0,"key":"SMITH"},{"floor":15.0,"key":"REST"}],"neow_cost":"CURSE","seed_source_timestamp":0,"circlet_count":0,"master_deck":["AscendersBane","Strike_R","Strike_R","Strike_R","Strike_R","Strike_R","Defend_R","Defend_R","Defend_R","Defend_R","Bash","Pommel Strike","Cleave","Perfected Strike+1","Twin Strike","Ghostly Armor","True Grit","Disarm","Shrug It Off","Feed","Shockwave","Armaments+1","Perfected Strike","Demon Form","Feel No Pain+1","Perfected Strike+1"],"special_seed":0,"relics":["Black Blood","Gremlin Horn","Shuriken"],"potions_floor_usage":[],"damage_taken":[{"damage":2.0,"enemies":"Cultist","floor":1.0,"turns":4.0},{"damage":14.0,"enemies":"2 Louse","floor":2.0,"turns":3.0},{"damage":19.0,"enemies":"Jaw Worm","floor":3.0,"turns":4.0},{"damage":12.0,"enemies":"2 Fungi Beasts","floor":4.0,"turns":3.0},{"damage":20.0,"enemies":"3 Sentries","floor":6.0,"turns":5.0},{"damage":11.0,"enemies":"Looter","floor":10.0,"turns":3.0},{"damage":1.0,"enemies":"3 Louse","floor":11.0,"turns":2.0},{"damage":7.0,"enemies":"Large Slime","floor":12.0,"turns":4.0},{"damage":14.0,"enemies":"Lots of Slimes","floor":14.0,"turns":5.0},{"damage":37.0,"enemies":"Slime Boss","floor":16.0,"turns":7.0},{"damage":27,"enemies":"Chosen","floor":18,"turns":6},{"damage":12,"enemies":"2 Thieves","floor":20,"turns":2}],"seed_played":"6425432490280673856","potions_obtained":[{"floor":1.0,"key":"PowerPotion"},{"floor":4.0,"key":"LiquidBronze"},{"floor":10.0,"key":"SneckoOil"},{"floor":14.0,"key":"Explosive Potion"},{"floor":18,"key":"Dexterity Potion"}],"is_trial":false,"path_per_floor":["M","M","M","M","$","E","R","$","T","M","M","M","R","M","R","B",null,"M","?","M"],"character_chosen":"IRONCLAD","items_purchased":["Ghostly Armor","True Grit","Shrug It Off","Feed"],"campfire_rested":1,"item_purchase_floors":[5,5,8,8],"current_hp_per_floor":[72,64,51,45,45,31,31,31,31,26,31,30,30,25,48,20,66,49,49,37],"gold":128,"neow_bonus":"TWO_FIFTY_GOLD","is_prod":false,"is_daily":false,"chose_seed":false,"campfire_upgraded":2,"win_rate":0,"timestamp":1551889905,"path_taken":["M","M","?","M","$","E","R","$","T","?","M","M","R","M","R","BOSS","M","?","?"],"build_version":"2019-01-23","purchased_purges":1,"victory":false,"max_hp_per_floor":[75,75,75,75,75,75,75,75,75,75,75,75,75,78,78,81,81,81,81,81],"card_choices":[{"not_picked":["True Grit","Heavy Blade"],"picked":"Pommel Strike","floor":1.0},{"not_picked":["Disarm","Anger"],"picked":"Cleave","floor":2.0},{"not_picked":["Carnage","Dropkick"],"picked":"Perfected Strike","floor":3.0},{"not_picked":["Rampage","Flex"],"picked":"Twin Strike","floor":4.0},{"not_picked":["Hemokinesis","Wild Strike"],"picked":"Disarm","floor":6.0},{"not_picked":["Dropkick","Cleave","Brutality"],"picked":"SKIP","floor":10.0},{"not_picked":["Iron Wave","Thunderclap"],"picked":"Shockwave","floor":11.0},{"not_picked":["Iron Wave","Warcry"],"picked":"Armaments","floor":12.0},{"not_picked":["Twin Strike","Combust"],"picked":"Perfected Strike","floor":14.0},{"not_picked":["Bludgeon","Reaper"],"picked":"Demon Form","floor":16.0},{"not_picked":["Sword Boomerang","Clothesline"],"picked":"Feel No Pain+1","floor":18}],"player_experience":908040,"relics_obtained":[{"floor":6.0,"key":"Gremlin Horn"},{"floor":9.0,"key":"Shuriken"}],"event_choices":[{"damage_healed":0,"gold_gain":0,"player_choice":"Copied","damage_taken":0,"max_hp_gain":0,"max_hp_loss":0,"event_name":"Duplicator","floor":19,"gold_loss":0,"cards_obtained":["Perfected Strike"]}],"is_beta":false,"boss_relics":[{"not_picked":["Busted Crown","Black Star"],"picked":"Black Blood"}],"items_purged_floors":[5],"is_endless":false,"potions_floor_spawned":[1,4,10,14,18],"killed_by":"2 Thieves","ascension_level":18}