{"gold_per_floor":[111,65,165,184,59,92,92,120,166,183,199,199,82,128,128,228,228,239,689,706,718,732,732,761,761],"floor_reached":25,"playtime":798,"items_purged":["Strike_R"],"score":243,"play_id":"4e1dfe11-b3d9-4e8c-bddf-3748af868f13","local_time":"20190209151647","is_ascension_mode":true,"campfire_choices":[{"data":"Wild Strike","floor":7.0,"key":"SMITH"},{"data":"Inflame","floor":12.0,"key":"SMITH"},{"data":"Flame Barrier","floor":15.0,"key":"SMITH"},{"floor":23.0,"key":"REST"}],"neow_cost":"","seed_source_timestamp":598013220341224,"circlet_count":0,"master_deck":["Strike_R","Strike_R+1","Strike_R","Strike_R+1","Defend_R+1","Defend_R","Defend_R","Defend_R+1","Bash","Iron Wave","Shrug It Off","Disarm","Wild Strike+1","Inflame+1","Flame Barrier+1","Double Tap","Shrug It Off","Twin Strike","Evolve"],"special_seed":0,"relics":["Burning Blood","Whetstone","Oddly Smooth Stone","Omamori","Tiny Chest","PreservedInsect","Black Star","War Paint","Happy Flower"],"potions_floor_usage":[25],"damage_taken":[{"damage":15.0,"enemies":"Jaw Worm","floor":1.0,"turns":4.0},{"damage":1.0,"enemies":"Cultist","floor":4.0,"turns":3.0},{"damage":28.0,"enemies":"3 Sentries","floor":6.0,"turns":10.0},{"damage":14.0,"enemies":"Lagavulin","floor":8.0,"turns":8.0},{"damage":0.0,"enemies":"2 Louse","floor":10.0,"turns":2.0},{"damage":8.0,"enemies":"Lots of Slimes","floor":11.0,"turns":4.0},{"damage":20.0,"enemies":"Hexaghost","floor":16.0,"turns":11.0},{"damage":0.0,"enemies":"Chosen","floor":18.0,"turns":3.0},{"damage":4.0,"enemies":"Shell Parasite","floor":20.0,"turns":5.0},{"damage":28.0,"enemies":"3 Cultists","floor":21.0,"turns":7.0},{"damage":8.0,"enemies":"Centurion and Healer","floor":22.0,"turns":9.0},{"damage":27.0,"enemies":"Book of Stabbing","floor":24.0,"turns":7.0},{"damage":19,"enemies":"Snake Plant","floor":25,"turns":2}],"seed_played":"5541003638684888442","potions_obtained":[{"floor":4.0,"key":"Swift Potion"},{"floor":11.0,"key":"Ancient Potion"},{"floor":16.0,"key":"Poison Potion"},{"floor":18.0,"key":"AttackPotion"},{"floor":21.0,"key":"Swift Potion"},{"floor":24.0,"key":"Fire Potion"}],"is_trial":true,"path_per_floor":["M","$","?","M","$","E","R","E","T","M","M","R","$","T","R","B",null,"M","?","M","M","M","R","E","M"],"character_chosen":"IRONCLAD","items_purchased":["Shrug It Off","Wild Strike","Tiny Chest"],"campfire_rested":1,"item_purchase_floors":[2,5,13],"current_hp_per_floor":[71,71,71,76,76,54,54,46,46,52,50,50,50,50,50,36,80,80,32,34,12,10,34,13,0],"gold":761,"neow_bonus":"","is_prod":false,"is_daily":false,"chose_seed":false,"campfire_upgraded":3,"win_rate":0,"timestamp":1549725407,"path_taken":["M","$","?","M","$","E","R","E","T","M","M","R","$","?","R","BOSS","M","?","?","M","M","R","E","M"],"build_version":"2019-01-23","purchased_purges":1,"victory":false,"max_hp_per_floor":[80,80,80,80,80,80,80,80,80,80,80,80,80,80,80,80,80,80,80,80,80,80,80,80,80],"card_choices":[{"not_picked":["Perfected Strike","Heavy Blade"],"picked":"Iron Wave","floor":1.0},{"not_picked":["Cleave","Bloodletting"],"picked":"Disarm","floor":4.0},{"not_picked":["Rupture","Battle Trance","Anger"],"picked":"SKIP","floor":6.0},{"not_picked":["Headbutt","Clash"],"picked":"Inflame","floor":8.0},{"not_picked":["Heavy Blade","Anger"],"picked":"Flame Barrier","floor":10.0},{"not_picked":["Heavy Blade","Wild Strike","Flame Barrier"],"picked":"SKIP","floor":11.0},{"not_picked":["Berserk","Dark Embrace"],"picked":"Double Tap","floor":16.0},{"not_picked":["Armaments","Hemokinesis"],"picked":"Shrug It Off","floor":18.0},{"not_picked":["Sentinel","Wild Strike"],"picked":"Twin Strike","floor":20.0},{"not_picked":["Searing Blow","Anger+1","Twin Strike+1"],"picked":"SKIP","floor":21.0},{"not_picked":["Metallicize+1","Iron Wave"],"picked":"Evolve","floor":22.0},{"not_picked":["Searing Blow","Dual Wield","Uppercut"],"picked":"SKIP","floor":24.0}],"player_experience":526520,"relics_obtained":[{"floor":6.0,"key":"Whetstone"},{"floor":8.0,"key":"Oddly Smooth Stone"},{"floor":9.0,"key":"Omamori"},{"floor":14.0,"key":"PreservedInsect"},{"floor":24.0,"key":"War Paint"},{"floor":24.0,"key":"Happy Flower"}],"event_choices":[{"damage_healed":0.0,"max_hp_gain":0.0,"max_hp_loss":0.0,"gold_gain":100.0,"event_name":"Golden Shrine","player_choice":"Pray","floor":3.0,"gold_loss":0.0,"damage_taken":0.0},{"damage_healed":0.0,"max_hp_gain":0.0,"max_hp_loss":0.0,"gold_gain":450.0,"event_name":"Knowing Skull","player_choice":"GOLD GOLD GOLD GOLD GOLD ","floor":19.0,"potions_obtained":[],"gold_loss":0.0,"damage_taken":48.0,"cards_obtained":[]}],"is_beta":false,"boss_relics":[{"not_picked":["Coffee Dripper","Orrery"],"picked":"Black Star"}],"items_purged_floors":[5],"is_endless":true,"potions_floor_spawned":[4,11,16,18,21,24],"killed_by":"Snake Plant","ascension_level":1}