{"gold_per_floor":[116,116,129,30,45,71,71,105,105,105,118,153,153,171,171,246,246,264,282,282,124,124,124,124,124,174,199,218,218,251,4,4,77,77,90,70,81,37,51,51],"floor_reached":40,"playtime":1256,"items_purged":["Pain","Strike_B","Strike_B"],"score":934,"play_id":"cf0defd4-bd82-46a3-8c82-067c0a14d1bb","local_time":"20190314172733","is_ascension_mode":true,"campfire_choices":[{"floor":7.0,"key":"REST"},{"floor":10.0,"key":"REST"},{"data":"Streamline","floor":13.0,"key":"SMITH"},{"floor":15.0,"key":"REST"},{"floor":23.0,"key":"REST"},{"data":"Coolheaded","floor":24.0,"key":"SMITH"},{"data":"Coolheaded","floor":25.0,"key":"SMITH"},{"data":"Hologram","floor":29.0,"key":"SMITH"},{"floor":32.0,"key":"REST"}],"neow_cost":"NONE","seed_source_timestamp":0,"circlet_count":0,"master_deck":["AscendersBane","Strike_B","Strike_B","Defend_B","Defend_B","Defend_B","Defend_B","Zap","Dualcast","Compile Driver","Streamline+1","Conserve Battery","Cold Snap","Biased Cognition","Hologram+1","Fusion","Doom and Gloom","Electrodynamics","Coolheaded+1","Ball Lightning","Glacier","Coolheaded+1","Writhe","Leap+1","BootSequence","Sunder","Self Repair","Core Surge","Capacitor","Glacier"],"special_seed":0,"relics":["Cracked Core","Dream Catcher","WarpedTongs","Happy Flower","WingedGreaves","Meat on the Bone","Pantograph","Cursed Key","MutagenicStrength","Orichalcum","Turnip","Potion Belt","Nuclear Battery"],"potions_floor_usage":[33],"damage_taken":[{"damage":7.0,"enemies":"Jaw Worm","floor":1.0,"turns":2.0},{"damage":5.0,"enemies":"Cultist","floor":3.0,"turns":3.0},{"damage":7.0,"enemies":"Small Slimes","floor":5.0,"turns":3.0},{"damage":30.0,"enemies":"Lagavulin","floor":6.0,"turns":7.0},{"damage":16.0,"enemies":"3 Sentries","floor":8.0,"turns":5.0},{"damage":4.0,"enemies":"3 Louse","floor":11.0,"turns":3.0},{"damage":9.0,"enemies":"Lagavulin","floor":12.0,"turns":5.0},{"damage":20.0,"enemies":"Gremlin Gang","floor":14.0,"turns":3.0},{"damage":34.0,"enemies":"Hexaghost","floor":16.0,"turns":8.0},{"damage":26.0,"enemies":"2 Thieves","floor":18.0,"turns":4.0},{"damage":9.0,"enemies":"3 Byrds","floor":19.0,"turns":3.0},{"damage":0.0,"enemies":"Gremlin Leader","floor":27.0,"turns":4.0},{"damage":9.0,"enemies":"Cultist and Chosen","floor":28.0,"turns":4.0},{"damage":19.0,"enemies":"Book of Stabbing","floor":30.0,"turns":7.0},{"damage":41,"enemies":"Collector","floor":33,"turns":15},{"damage":2,"enemies":"3 Shapes","floor":35,"turns":4},{"damage":20,"enemies":"3 Darklings","floor":37,"turns":5},{"damage":19,"enemies":"Writhing Mass","floor":39,"turns":9},{"damage":61,"enemies":"Reptomancer","floor":40,"turns":4}],"seed_played":"-2595013442582239827","potions_obtained":[{"floor":6.0,"key":"Ancient Potion"},{"floor":12.0,"key":"SpeedPotion"},{"floor":14.0,"key":"LiquidBronze"},{"floor":18.0,"key":"FearPotion"},{"floor":30.0,"key":"AttackPotion"},{"floor":33,"key":"SpeedPotion"},{"floor":36,"key":"Strength Potion"},{"floor":39,"key":"Dexterity Potion"}],"is_trial":false,"path_per_floor":["M","?","M","$","M","E","R","E","T","R","M","E","R","M","R","B",null,"M","M","?","$","?","R","R","R","T","E","M","R","E","$","R","B",null,"M","?","M","$","M","E"],"character_chosen":"DEFECT","items_purchased":["Streamline","Coolheaded","Sunder","Self Repair","Capacitor"],"campfire_rested":5,"item_purchase_floors":[4,21,31,31,38],"current_hp_per_floor":[57,57,52,52,45,15,36,20,20,41,37,40,40,32,53,37,63,37,40,40,40,40,61,61,61,61,61,52,52,45,45,66,49,66,64,64,51,51,51,0],"gold":51,"neow_bonus":"RANDOM_COMMON_RELIC","is_prod":false,"is_daily":false,"chose_seed":false,"campfire_upgraded":4,"win_rate":0,"timestamp":1552584453,"path_taken":["M","?","M","$","M","E","R","E","T","R","?","E","R","M","R","BOSS","M","M","?","$","?","R","R","R","T","E","M","R","E","$","R","BOSS","M","?","?","$","M","E"],"build_version":"2019-01-23","purchased_purges":3,"victory":false,"max_hp_per_floor":[71,71,71,71,71,71,71,71,71,71,71,71,71,71,71,71,71,71,71,71,71,71,71,71,71,71,71,71,71,71,71,71,71,71,71,71,71,71,71,71],"card_choices":[{"not_picked":["Sweeping Beam","Steam"],"picked":"Compile Driver","floor":1.0},{"not_picked":["Force Field","Stack","White Noise"],"picked":"SKIP","floor":3.0},{"not_picked":["Lockon","Double Energy"],"picked":"Conserve Battery","floor":5.0},{"not_picked":["Gash","Rebound","Beam Cell"],"picked":"SKIP","floor":6.0},{"not_picked":["Auto Shields","Conserve Battery"],"picked":"Cold Snap","floor":7.0},{"not_picked":["Cold Snap","Hologram"],"picked":"Biased Cognition","floor":8.0},{"not_picked":["Melter","Rebound"],"picked":"Hologram","floor":10.0},{"not_picked":["Compile Driver","Stack"],"picked":"Fusion","floor":11.0},{"not_picked":["Gash","Steam Power","Fission"],"picked":"SKIP","floor":12.0},{"not_picked":["Self Repair","Conserve Battery"],"picked":"Doom and Gloom","floor":14.0},{"not_picked":["Machine Learning","Creative AI"],"picked":"Electrodynamics","floor":16.0},{"not_picked":["Hologram","Conserve Battery"],"picked":"Coolheaded","floor":18.0},{"not_picked":["Redo+1","Skim"],"picked":"Ball Lightning","floor":19.0},{"not_picked":["Multi-Cast","Beam Cell+1","Barrage"],"picked":"SKIP","floor":27.0},{"not_picked":["Conserve Battery","Reboot"],"picked":"Leap+1","floor":28.0},{"not_picked":["Beam Cell","Go for the Eyes"],"picked":"BootSequence","floor":30.0},{"not_picked":["Seek","All For One"],"picked":"Core Surge","floor":33},{"not_picked":["Stack","Aggregate","Steam Power"],"picked":"SKIP","floor":35},{"not_picked":["White Noise","Rip and Tear","Redo"],"picked":"SKIP","floor":37},{"not_picked":["Self Repair","Cold Snap"],"picked":"Glacier","floor":39}],"player_experience":553724,"relics_obtained":[{"floor":6.0,"key":"Happy Flower"},{"floor":8.0,"key":"WingedGreaves"},{"floor":9.0,"key":"Meat on the Bone"},{"floor":12.0,"key":"Pantograph"},{"floor":26.0,"key":"Orichalcum"},{"floor":27.0,"key":"Turnip"},{"floor":30.0,"key":"Potion Belt"}],"event_choices":[{"damage_healed":0.0,"max_hp_gain":0.0,"max_hp_loss":0.0,"gold_gain":0.0,"event_name":"Accursed Blacksmith","player_choice":"Rummage","floor":2.0,"gold_loss":0.0,"damage_taken":0.0,"relics_obtained":["WarpedTongs"],"cards_obtained":["Pain"]},{"damage_healed":0.0,"max_hp_gain":0.0,"max_hp_loss":0.0,"gold_gain":0.0,"event_name":"The Library","player_choice":"Read","floor":20.0,"gold_loss":0.0,"damage_taken":0.0,"cards_obtained":["Glacier"]},{"damage_healed":0.0,"max_hp_gain":0.0,"max_hp_loss":0.0,"gold_gain":0.0,"event_name":"Drug Dealer","player_choice":"Inject Mutagens","floor":22.0,"gold_loss":0.0,"damage_taken":0.0,"relics_obtained":["MutagenicStrength"]},{"damage_healed":0,"gold_gain":0,"player_choice":"Bought 1 Potion","damage_taken":0,"max_hp_gain":0,"max_hp_loss":0,"event_name":"The Woman in Blue","floor":36,"gold_loss":0}],"is_beta":false,"boss_relics":[{"not_picked":["Pandora\u0027s Box","Busted Crown"],"picked":"Cursed Key"},{"not_picked":["White Beast Statue","Fusion Hammer"],"picked":"Nuclear Battery"}],"items_purged_floors":[4,21,31],"is_endless":false,"potions_floor_spawned":[6,12,14,18,28,30,33,39],"killed_by":"Reptomancer","ascension_level":20}