{"gold_per_floor":[109,129,148,163,179,208,208,208,262,262,290,307,325,325],"floor_reached":14,"playtime":446,"items_purged":[],"score":104,"play_id":"5e40e830-bd40-4ff5-bc5b-a23679ff8369","local_time":"20190307123339","is_ascension_mode":false,"campfire_choices":[{"data":"Darkness","floor":7,"key":"SMITH"},{"data":"Doom and Gloom","floor":10,"key":"SMITH"}],"neow_cost":"NONE","seed_source_timestamp":68609159010081,"circlet_count":0,"master_deck":["Strike_B+1","Strike_B+1","Strike_B","Strike_B","Defend_B","Defend_B","Defend_B","Defend_B","Zap","Dualcast","Ball Lightning","Coolheaded","Recycle","Doom and Gloom+1","Darkness+1","Multi-Cast","Mind Blast","Electrodynamics"],"relics":["Cracked Core","Whetstone","Girya","Dream Catcher","The Courier"],"potions_floor_usage":[4,11,14],"damage_taken":[{"damage":2,"enemies":"Small Slimes","floor":1,"turns":3},{"damage":6,"enemies":"Cultist","floor":2,"turns":3},{"damage":0,"enemies":"2 Louse","floor":3,"turns":2},{"damage":0,"enemies":"Gremlin Gang","floor":4,"turns":1},{"damage":6,"enemies":"Exordium Wildlife","floor":5,"turns":4},{"damage":22,"enemies":"Lagavulin","floor":6,"turns":6},{"damage":28,"enemies":"Gremlin Nob","floor":11,"turns":4},{"damage":0,"enemies":"Large Slime","floor":12,"turns":3},{"damage":4,"enemies":"Blue Slaver","floor":13,"turns":3},{"damage":21,"enemies":"Lagavulin","floor":14,"turns":5}],"seed_played":"-7848323749787862452","potions_obtained":[{"floor":1,"key":"PowerPotion"},{"floor":3,"key":"Ancient Potion"},{"floor":5,"key":"AttackPotion"},{"floor":13,"key":"Poison Potion"}],"is_trial":false,"path_per_floor":["M","M","M","M","M","E","R","?","T","R","E","M","M","E"],"character_chosen":"DEFECT","items_purchased":[],"campfire_rested":0,"item_purchase_floors":[],"current_hp_per_floor":[73,67,67,67,61,39,39,39,39,39,11,11,7,0],"gold":325,"neow_bonus":"RANDOM_COMMON_RELIC","is_prod":false,"is_daily":false,"chose_seed":false,"campfire_upgraded":2,"win_rate":0,"timestamp":1551958419,"path_taken":["M","M","M","M","M","E","R","?","T","R","E","?","M","E"],"build_version":"2019-01-23","purchased_purges":0,"victory":false,"max_hp_per_floor":[75,75,75,75,75,75,75,75,75,75,75,75,75,75],"card_choices":[{"not_picked":["Storm","Force Field"],"picked":"Ball Lightning","floor":1},{"not_picked":["Steam","Rebound"],"picked":"Coolheaded","floor":2},{"not_picked":["Ball Lightning","Sunder"],"picked":"Recycle","floor":3},{"not_picked":["Turbo","Coolheaded"],"picked":"Doom and Gloom","floor":4},{"not_picked":["Force Field","Aggregate"],"picked":"Darkness","floor":5},{"not_picked":["Stack","Sunder"],"picked":"Multi-Cast","floor":6},{"not_picked":["Compile Driver","Heatsinks"],"picked":"Electrodynamics","floor":11},{"not_picked":["Turbo","Stack","Steam Power"],"picked":"SKIP","floor":12},{"not_picked":["Compile Driver","Reprogram","Beam Cell"],"picked":"SKIP","floor":13}],"player_experience":918469,"relics_obtained":[{"floor":6,"key":"Girya"},{"floor":9,"key":"Dream Catcher"},{"floor":11,"key":"The Courier"}],"event_choices":[{"damage_healed":0,"gold_gain":0,"player_choice":"1 cards matched","damage_taken":0,"max_hp_gain":0,"max_hp_loss":0,"event_name":"Match and Keep!","floor":8,"gold_loss":0,"cards_obtained":["Mind Blast"]}],"is_beta":false,"boss_relics":[],"items_purged_floors":[],"is_endless":false,"potions_floor_spawned":[1,3,5,13],"killed_by":"Lagavulin","ascension_level":0}