{"gold_per_floor":[118,130,21,34,45,71,71,71,121,86,117,117,141,141,141,234,234,250,250,266,278,278],"floor_reached":22,"playtime":613,"items_purged":[],"score":382,"play_id":"0f6ed536-734d-4bf2-9a11-d6e3f85e8c3a","local_time":"20190324002337","is_ascension_mode":true,"campfire_choices":[{"data":"Inflame","floor":7.0,"key":"SMITH"},{"data":"True Grit","floor":12.0,"key":"SMITH"},{"data":"Bash","floor":15.0,"key":"SMITH"}],"neow_cost":"NONE","seed_source_timestamp":306452032144355,"circlet_count":0,"master_deck":["AscendersBane","Strike_R","Strike_R","Strike_R","Strike_R","Strike_R","Defend_R","Defend_R","Defend_R","Defend_R","Bash+1","Twin Strike","Shrug It Off","True Grit+1","Twin Strike","Inflame+1","Demon Form","Twin Strike","Limit Break"],"special_seed":0,"relics":["Burning Blood","Happy Flower","Dodecahedron","Bloody Idol","Orichalcum","Potion Belt","Busted Crown"],"potions_floor_usage":[16,22],"damage_taken":[{"damage":6.0,"enemies":"Small Slimes","floor":1.0,"turns":4.0},{"damage":12.0,"enemies":"Jaw Worm","floor":2.0,"turns":3.0},{"damage":5.0,"enemies":"2 Louse","floor":4.0,"turns":2.0},{"damage":1.0,"enemies":"Exordium Wildlife","floor":5.0,"turns":3.0},{"damage":38.0,"enemies":"3 Sentries","floor":6.0,"turns":7.0},{"damage":2.0,"enemies":"Gremlin Nob","floor":11.0,"turns":3.0},{"damage":10.0,"enemies":"2 Fungi Beasts","floor":13.0,"turns":3.0},{"damage":43,"enemies":"Hexaghost","floor":16,"turns":9},{"damage":0,"enemies":"Chosen","floor":18,"turns":3},{"damage":27,"enemies":"Shell Parasite","floor":20,"turns":4},{"damage":51,"enemies":"Shelled Parasite and Fungi","floor":21,"turns":7},{"damage":25,"enemies":"Snecko","floor":22,"turns":4}],"seed_played":"-1115151875975516745","potions_obtained":[{"floor":5.0,"key":"Ancient Potion"},{"floor":6.0,"key":"Explosive Potion"},{"floor":11.0,"key":"SkillPotion"},{"floor":13.0,"key":"FairyPotion"},{"floor":18,"key":"SkillPotion"},{"floor":21,"key":"Block Potion"}],"is_trial":false,"path_per_floor":["M","M","$","M","M","E","R","?","T","?","E","R","M","?","R","B",null,"M","?","M","M","M"],"character_chosen":"IRONCLAD","items_purchased":["True Grit","Twin Strike"],"campfire_rested":0,"item_purchase_floors":[3,3],"current_hp_per_floor":[68,62,62,63,68,36,36,36,36,53,57,57,53,58,58,21,60,66,66,50,18,0],"gold":278,"neow_bonus":"RANDOM_COMMON_RELIC","is_prod":false,"is_daily":false,"chose_seed":false,"campfire_upgraded":3,"win_rate":0,"timestamp":1553383417,"path_taken":["M","M","$","M","M","E","R","?","T","?","E","R","M","?","R","BOSS","M","?","M","M","M"],"build_version":"2019-01-23","purchased_purges":0,"victory":false,"max_hp_per_floor":[75,75,75,75,75,75,75,68,68,68,68,68,68,73,73,73,73,73,73,73,73,73],"card_choices":[{"not_picked":["True Grit","Thunderclap"],"picked":"Twin Strike","floor":1.0},{"not_picked":["Hemokinesis","Sword Boomerang"],"picked":"Shrug It Off","floor":2.0},{"not_picked":["Ghostly Armor","Rage"],"picked":"Inflame","floor":4.0},{"not_picked":["Cleave","Rage"],"picked":"Demon Form","floor":5.0},{"not_picked":["Exhume","Fire Breathing"],"picked":"Twin Strike","floor":6.0},{"not_picked":["Headbutt","Iron Wave","Bloodletting"],"picked":"SKIP","floor":11.0},{"not_picked":["Dropkick","Wild Strike","Cleave"],"picked":"SKIP","floor":13.0},{"not_picked":["Impervious","Double Tap"],"picked":"Limit Break","floor":16},{"not_picked":["Body Slam"],"picked":"SKIP","floor":18},{"not_picked":["Sword Boomerang"],"picked":"SKIP","floor":20},{"not_picked":["Infernal Blade"],"picked":"SKIP","floor":21}],"player_experience":1098598,"relics_obtained":[{"floor":6.0,"key":"Dodecahedron"},{"floor":9.0,"key":"Orichalcum"},{"floor":11.0,"key":"Potion Belt"}],"event_choices":[{"damage_healed":0.0,"max_hp_gain":0.0,"max_hp_loss":7.0,"gold_gain":0.0,"event_name":"Golden Idol","player_choice":"Lose Max HP","floor":8.0,"gold_loss":0.0,"damage_taken":0.0,"relics_obtained":["Golden Idol"]},{"damage_healed":17.0,"max_hp_gain":0.0,"max_hp_loss":0.0,"gold_gain":0.0,"event_name":"The Cleric","player_choice":"Healed","floor":10.0,"gold_loss":35.0,"damage_taken":0.0},{"damage_healed":0.0,"max_hp_gain":5.0,"max_hp_loss":0.0,"gold_gain":0.0,"event_name":"Big Fish","player_choice":"Donut","floor":14.0,"gold_loss":0.0,"damage_taken":0.0},{"damage_healed":0,"gold_gain":0,"player_choice":"Gave Idol","damage_taken":0,"relics_obtained":["Bloody Idol"],"max_hp_gain":0,"max_hp_loss":0,"event_name":"Forgotten Altar","floor":19,"relics_lost":["Golden Idol"],"gold_loss":0}],"is_beta":false,"boss_relics":[{"not_picked":["Calling Bell","Pandora\u0027s Box"],"picked":"Busted Crown"}],"items_purged_floors":[],"is_endless":false,"potions_floor_spawned":[5,6,11,13,18,21],"killed_by":"Snecko","ascension_level":19}