{"gold_per_floor":[117,131,144,144,158,158,189,202,202,225,225,225,225,19,19,143,143,167,188,208,307,35,35,74,88,88,13,13,13,13],"floor_reached":30,"playtime":3349,"items_purged":["Defend_B"],"score":400,"play_id":"62906d4e-5f25-4028-b9dd-d9a35bc57da5","local_time":"20190323103137","is_ascension_mode":true,"campfire_choices":[{"data":"Zap","floor":6,"key":"SMITH"},{"floor":13,"key":"REST"},{"data":"Defragment","floor":15,"key":"SMITH"},{"floor":23,"key":"REST"},{"floor":29,"key":"REST"}],"neow_cost":"NONE","seed_source_timestamp":0,"circlet_count":0,"master_deck":["AscendersBane","Defend_B","Defend_B","Zap+1","Dualcast","Go for the Eyes","Darkness","Defragment+1","Rebound","Glacier","Biased Cognition","Skim+1","Hello World+1","Go for the Eyes+1","Hologram+1","Ball Lightning","Reinforced Body+1","Undo","Reinforced Body","Redo"],"special_seed":0,"relics":["Cracked Core","Golden Idol","Strawberry","Shuriken","Sundial","Runic Capacitor","Astrolabe","Bottled Flame","Regal Pillow"],"potions_floor_usage":[7,16,16,20,30],"damage_taken":[{"damage":0.0,"enemies":"Small Slimes","floor":1.0,"turns":3.0},{"damage":8.0,"enemies":"2 Louse","floor":2.0,"turns":3.0},{"damage":0.0,"enemies":"Jaw Worm","floor":3.0,"turns":4.0},{"damage":18,"enemies":"Exordium Wildlife","floor":5,"turns":6},{"damage":10,"enemies":"3 Sentries","floor":7,"turns":4},{"damage":8,"enemies":"Looter","floor":8,"turns":4},{"damage":12,"enemies":"Blue Slaver","floor":10,"turns":4},{"damage":23,"enemies":"Hexaghost","floor":16,"turns":7},{"damage":30,"enemies":"3 Byrds","floor":18,"turns":4},{"damage":7,"enemies":"Spheric Guardian","floor":19,"turns":4},{"damage":0,"enemies":"Cultist and Chosen","floor":20,"turns":5},{"damage":46,"enemies":"Slavers","floor":24,"turns":5},{"damage":0,"enemies":"Snecko","floor":25,"turns":6},{"damage":57,"enemies":"Gremlin Leader","floor":30,"turns":9}],"seed_played":"3459017863319042539","potions_obtained":[{"floor":1.0,"key":"Poison Potion"},{"floor":2.0,"key":"SkillPotion"},{"floor":8,"key":"FocusPotion"},{"floor":16,"key":"Block Potion"},{"floor":18,"key":"GamblersBrew"},{"floor":25,"key":"EssenceOfSteel"}],"is_trial":false,"path_per_floor":["M","M","M","?","M","R","E","M","T","M","?","?","R","$","R","B",null,"M","M","M","?","$","R","E","M","T","?","$","R","E"],"character_chosen":"DEFECT","items_purchased":["Runic Capacitor","Undo","Reinforced Body","Swift Potion"],"campfire_rested":3,"item_purchase_floors":[14,22,22,22],"current_hp_per_floor":[75,67,67,67,49,49,46,38,38,26,23,16,40,40,40,17,67,37,30,30,30,30,54,8,8,8,8,8,47,0],"gold":13,"neow_bonus":"TEN_PERCENT_HP_BONUS","is_prod":false,"is_daily":false,"chose_seed":false,"campfire_upgraded":2,"win_rate":0,"timestamp":1553351497,"path_taken":["M","M","M","?","M","R","E","M","T","M","?","?","R","$","R","BOSS","M","M","M","?","$","R","E","M","T","?","?","R","E"],"build_version":"2019-01-23","purchased_purges":1,"victory":false,"max_hp_per_floor":[82,82,82,76,76,76,83,83,83,83,83,83,83,83,83,83,83,83,83,83,83,83,83,83,83,83,83,83,83,83],"card_choices":[{"not_picked":["Chaos","Force Field"],"picked":"Go for the Eyes","floor":1.0},{"not_picked":["Barrage","Auto Shields","Stack"],"picked":"SKIP","floor":2.0},{"not_picked":["Go for the Eyes","Coolheaded"],"picked":"Darkness","floor":3.0},{"not_picked":["Tempest","Beam Cell","Consume"],"picked":"SKIP","floor":5},{"not_picked":["Reinforced Body","Meteor Strike"],"picked":"Defragment","floor":7},{"not_picked":["Coolheaded","Fusion"],"picked":"Rebound","floor":8},{"not_picked":["Tempest","Melter"],"picked":"Glacier","floor":10},{"not_picked":["Hyperbeam","Rainbow"],"picked":"Biased Cognition","floor":16},{"not_picked":["Rip and Tear","Leap"],"picked":"Hologram+1","floor":18},{"not_picked":["Steam Power","Stack+1"],"picked":"Ball Lightning","floor":19},{"not_picked":["Cold Snap+1","Coolheaded"],"picked":"Reinforced Body+1","floor":20},{"not_picked":["Streamline","Chaos","Genetic Algorithm"],"picked":"SKIP","floor":24},{"not_picked":["Scrape","Coolheaded"],"picked":"Redo","floor":25}],"player_experience":1986656,"relics_obtained":[{"floor":7,"key":"Strawberry"},{"floor":9,"key":"Shuriken"},{"floor":24,"key":"Bottled Flame"},{"floor":26,"key":"Regal Pillow"}],"event_choices":[{"damage_healed":0.0,"max_hp_gain":0.0,"max_hp_loss":6.0,"gold_gain":0.0,"event_name":"Golden Idol","player_choice":"Lose Max HP","floor":4.0,"gold_loss":0.0,"damage_taken":0.0,"relics_obtained":["Golden Idol"]},{"damage_healed":0,"gold_gain":0,"player_choice":"Success","damage_taken":3,"relics_obtained":["Sundial"],"max_hp_gain":0,"max_hp_loss":0,"event_name":"Scrap Ooze","floor":11,"gold_loss":0},{"cards_removed":["Strike_B"],"damage_healed":0,"gold_gain":0,"player_choice":"Card Removal","damage_taken":7,"max_hp_gain":0,"max_hp_loss":0,"event_name":"Golden Wing","floor":12,"gold_loss":0},{"damage_healed":0,"gold_gain":99,"player_choice":"Stole From Cult","damage_taken":0,"max_hp_gain":0,"max_hp_loss":0,"event_name":"Nest","floor":21,"gold_loss":0},{"cards_removed":["Strike_B"],"damage_healed":0,"gold_gain":0,"player_choice":"Gave Gold","damage_taken":0,"max_hp_gain":0,"max_hp_loss":0,"event_name":"Beggar","floor":27,"gold_loss":75}],"is_beta":false,"boss_relics":[{"not_picked":["Black Star","Snecko Eye"],"picked":"Astrolabe"}],"items_purged_floors":[22],"is_endless":false,"potions_floor_spawned":[1,2,8,10,16,18,25],"killed_by":"Gremlin Leader","ascension_level":12}