{"gold_per_floor":[118,128,128,128,139,165,165,183,210,210,239,239,249,268,268,342,342,358,311,323,323],"floor_reached":21,"playtime":1008,"items_purged":[],"score":376,"play_id":"33459e2b-7c48-4a1a-b63d-ed99ec25b2e6","local_time":"20190324001147","is_ascension_mode":true,"campfire_choices":[{"data":"Barricade","floor":7.0,"key":"SMITH"},{"floor":10.0,"key":"REST"},{"data":"Metallicize","floor":12.0,"key":"SMITH"},{"data":"Spot Weakness","floor":15.0,"key":"SMITH"}],"neow_cost":"NONE","seed_source_timestamp":305406544590509,"circlet_count":0,"master_deck":["AscendersBane","Strike_R","Defend_R","Defend_R","Defend_R","Defend_R","Bash","Metallicize+1","Iron Wave","Feel No Pain","Barricade+1","Spot Weakness+1","Uppercut","Rage+1","Exhume+1","Dropkick+1","Body Slam","Headbutt+1"],"special_seed":0,"relics":["Burning Blood","Bag of Preparation","Orichalcum","Lantern","Bronze Scales","Shuriken","Astrolabe"],"potions_floor_usage":[16,19,21],"damage_taken":[{"damage":9.0,"enemies":"2 Louse","floor":1.0,"turns":4.0},{"damage":4.0,"enemies":"Jaw Worm","floor":2.0,"turns":6.0},{"damage":0.0,"enemies":"Cultist","floor":5.0,"turns":3.0},{"damage":43.0,"enemies":"Lagavulin","floor":6.0,"turns":9.0},{"damage":6.0,"enemies":"Looter","floor":8.0,"turns":4.0},{"damage":11.0,"enemies":"3 Sentries","floor":11.0,"turns":11.0},{"damage":3.0,"enemies":"2 Fungi Beasts","floor":13.0,"turns":5.0},{"damage":4.0,"enemies":"Blue Slaver","floor":14.0,"turns":4.0},{"damage":22,"enemies":"The Guardian","floor":16,"turns":12},{"damage":27,"enemies":"Shell Parasite","floor":18,"turns":8},{"damage":21,"enemies":"2 Thieves","floor":19,"turns":5},{"damage":26,"enemies":"Sentry and Sphere","floor":20,"turns":9},{"damage":28,"enemies":"Colosseum Slavers","floor":21,"turns":4}],"seed_played":"8935054396033417755","potions_obtained":[{"floor":1.0,"key":"Swift Potion"},{"floor":5.0,"key":"Dexterity Potion"},{"floor":8.0,"key":"Energy Potion"},{"floor":13.0,"key":"Ancient Potion"},{"floor":14.0,"key":"FearPotion"},{"floor":18,"key":"Regen Potion"},{"floor":20,"key":"LiquidBronze"}],"is_trial":false,"path_per_floor":["M","M","?","?","M","E","R","M","T","R","E","R","M","M","R","B",null,"M","M","M","?"],"character_chosen":"IRONCLAD","items_purchased":[],"campfire_rested":1,"item_purchase_floors":[],"current_hp_per_floor":[65,67,62,62,68,31,31,31,31,53,48,48,51,53,53,37,66,45,45,25,0],"gold":323,"neow_bonus":"RANDOM_COMMON_RELIC","is_prod":false,"is_daily":false,"chose_seed":false,"campfire_upgraded":3,"win_rate":0,"timestamp":1553382707,"path_taken":["M","M","?","?","?","E","R","M","T","R","E","R","M","M","R","BOSS","M","M","M","?"],"build_version":"2019-01-23","purchased_purges":0,"victory":false,"max_hp_per_floor":[75,75,75,75,75,75,75,75,75,75,75,75,75,75,75,75,75,75,75,75,75],"card_choices":[{"not_picked":["Headbutt","Ghostly Armor"],"picked":"Metallicize","floor":1.0},{"not_picked":["Pommel Strike","Carnage"],"picked":"Iron Wave","floor":2.0},{"not_picked":["Cleave","Havoc"],"picked":"Feel No Pain","floor":5.0},{"not_picked":["Shockwave","Bloodletting"],"picked":"Barricade","floor":6.0},{"not_picked":["Clash","Thunderclap","Sentinel"],"picked":"SKIP","floor":8.0},{"not_picked":["Headbutt","True Grit"],"picked":"Spot Weakness","floor":11.0},{"not_picked":["Sword Boomerang","Thunderclap"],"picked":"Uppercut","floor":13.0},{"not_picked":["Twin Strike","Sever Soul","Cleave"],"picked":"SKIP","floor":14.0},{"not_picked":["Pommel Strike+1","Twin Strike"],"picked":"Body Slam","floor":18},{"not_picked":["Bloodletting","Heavy Blade"],"picked":"Headbutt+1","floor":19},{"not_picked":["Hemokinesis","Havoc+1","Headbutt"],"picked":"SKIP","floor":20}],"player_experience":1097590,"relics_obtained":[{"floor":6.0,"key":"Lantern"},{"floor":9.0,"key":"Bronze Scales"},{"floor":11.0,"key":"Shuriken"}],"event_choices":[{"damage_healed":0.0,"max_hp_gain":0.0,"max_hp_loss":0.0,"gold_gain":0.0,"event_name":"Scrap Ooze","player_choice":"Success","floor":3.0,"gold_loss":0.0,"damage_taken":5.0,"relics_obtained":["Orichalcum"]},{"cards_removed":["Strike_R"],"damage_healed":0.0,"max_hp_gain":0.0,"max_hp_loss":0.0,"gold_gain":0.0,"event_name":"Bonfire Elementals","player_choice":"Offered Basic","floor":4.0,"gold_loss":0.0,"damage_taken":0.0},{"damage_healed":0,"gold_gain":0,"player_choice":"Fight","damage_taken":0,"max_hp_gain":0,"max_hp_loss":0,"event_name":"Colosseum","floor":21,"gold_loss":0}],"is_beta":false,"boss_relics":[{"not_picked":["Mark of Pain","Black Blood"],"picked":"Astrolabe"}],"items_purged_floors":[],"is_endless":false,"potions_floor_spawned":[1,5,8,13,14,18,20],"killed_by":"Colosseum Slavers","ascension_level":19}