{"gold_per_floor":[115,115,128,128,128,128,128,128,128,140,157,25,25,43,43,121,121,96,96,21,21,121,121,154,178,190,213,239,271,283,314,326,412,424,453,478,490,83,101,101,118,18,18,18,18,37,37,47,47,47],"floor_reached":51,"playtime":2078,"items_purged":["Strike_G","Strike_G+1"],"score":1263,"play_id":"9e899cc2-957c-4159-b9eb-d5bca47abaec","local_time":"20190125183043","is_ascension_mode":true,"campfire_choices":[{"floor":6.0,"key":"REST"},{"floor":8.0,"key":"REST"},{"data":"Footwork","floor":13.0,"key":"SMITH"},{"data":"Cloak And Dagger","floor":15.0,"key":"SMITH"},{"floor":23.0,"key":"REST"},{"floor":30.0,"key":"REST"},{"floor":32.0,"key":"REST"},{"floor":40.0,"key":"DIG"},{"floor":45.0,"key":"REST"},{"floor":49.0,"key":"DIG"}],"neow_cost":"PERCENT_DAMAGE","seed_source_timestamp":1647104197973,"circlet_count":0,"master_deck":["AscendersBane","Defend_G+1","Defend_G+1","Defend_G+1","Defend_G+1","Defend_G+1","Strike_G+1","Strike_G+1","Strike_G+1","Survivor+1","Neutralize+1","Dagger Spray+1","Cloak And Dagger+1","Footwork+1","Malaise+1","Backflip+1","Sucker Punch+1","Burst+1","Dodge and Roll+1","Noxious Fumes+1","Infinite Blades+1","Deflect+1","Leg Sweep+1","Footwork+1","Infinite Blades+1","Dash+1","Backflip+1","PiercingWail+1","Storm of Steel+1","Backflip+1","Footwork+1","Parasite","Noxious Fumes+1","Blur+1","Clumsy","Calculated Gamble+1","Dodge and Roll+1"],"special_seed":0,"relics":["Ring of the Snake","Bird Faced Urn","Matryoshka","Shuriken","Ninja Scroll","Dream Catcher","Cursed Key","Nunchaku","Frozen Egg 2","MawBank","Oddly Smooth Stone","Shovel","Lizard Tail","Calipers","Ice Cream","Gremlin Horn","Mark of the Bloom","Gambling Chip"],"potions_floor_usage":[50,50],"damage_taken":[{"damage":4.0,"enemies":"Small Slimes","floor":1.0,"turns":3.0},{"damage":1.0,"enemies":"2 Louse","floor":3.0,"turns":3.0},{"damage":0.0,"enemies":"Jaw Worm","floor":10.0,"turns":2.0},{"damage":1.0,"enemies":"3 Louse","floor":11.0,"turns":2.0},{"damage":4.0,"enemies":"Large Slime","floor":14.0,"turns":10.0},{"damage":14.0,"enemies":"The Guardian","floor":16.0,"turns":14.0},{"damage":3.0,"enemies":"2 Thieves","floor":18.0,"turns":4.0},{"damage":15.0,"enemies":"Colosseum Slavers","floor":22.0,"turns":5.0},{"damage":44.0,"enemies":"Colosseum Nobs","floor":22.0,"turns":5.0},{"damage":21.0,"enemies":"Book of Stabbing","floor":24.0,"turns":6.0},{"damage":7.0,"enemies":"Chosen","floor":25.0,"turns":7.0},{"damage":14.0,"enemies":"Shelled Parasite and Fungi","floor":27.0,"turns":7.0},{"damage":6.0,"enemies":"3 Cultists","floor":28.0,"turns":7.0},{"damage":23.0,"enemies":"Snake Plant","floor":29.0,"turns":5.0},{"damage":0.0,"enemies":"Chosen and Byrds","floor":31.0,"turns":6.0},{"damage":21.0,"enemies":"Collector","floor":33.0,"turns":11.0},{"damage":0.0,"enemies":"Orb Walker","floor":35.0,"turns":5.0},{"damage":21.0,"enemies":"3 Darklings","floor":36.0,"turns":7.0},{"damage":3.0,"enemies":"Writhing Mass","floor":39.0,"turns":10.0},{"damage":47.0,"enemies":"Transient","floor":41.0,"turns":6.0},{"damage":0.0,"enemies":"Spire Growth","floor":46.0,"turns":8.0},{"damage":2.0,"enemies":"Sphere and 2 Shapes","floor":48.0,"turns":7.0},{"damage":10,"enemies":"Awakened One","floor":50,"turns":16}],"seed_played":"-1702369999624906687","potions_obtained":[{"floor":10.0,"key":"Weak Potion"},{"floor":14.0,"key":"Regen Potion"},{"floor":27.0,"key":"SkillPotion"},{"floor":29.0,"key":"Explosive Potion"},{"floor":31.0,"key":"Energy Potion"},{"floor":35.0,"key":"FearPotion"},{"floor":41.0,"key":"Strength Potion"},{"floor":48.0,"key":"Poison Potion"}],"is_trial":false,"path_per_floor":["M","?","M","?","?","R","?","R","T","M","M","$","R","M","R","B",null,"M","?","$","?","?","R","E","M","T","M","M","M","R","M","R","B",null,"M","M","?","$","M","R","M","$","T","$","R","M","?","M","R","B",null],"character_chosen":"THE_SILENT","items_purchased":["Backflip","Infinite Blades","Footwork+1","Calipers"],"campfire_rested":6,"item_purchase_floors":[12,20,38,38],"current_hp_per_floor":[40,14,13,18,18,39,39,60,60,60,59,59,59,57,57,45,65,64,64,64,64,31,52,35,34,34,28,32,15,36,44,65,52,66,71,54,54,54,63,63,28,28,28,28,49,63,63,61,61,51],"gold":47,"neow_bonus":"ONE_RARE_RELIC","is_prod":false,"is_daily":false,"chose_seed":false,"campfire_upgraded":2,"win_rate":0,"timestamp":1548441043,"path_taken":["M","?","M","?","?","R","?","R","T","M","M","?","R","M","R","BOSS","M","?","$","?","?","R","E","M","T","M","M","M","R","M","R","BOSS","M","M","?","$","M","R","?","?","T","$","R","M","?","M","R","BOSS"],"build_version":"2019-01-23","purchased_purges":2,"victory":true,"max_hp_per_floor":[66,66,66,71,71,71,71,71,71,71,71,71,71,71,71,71,71,71,71,71,71,71,71,71,71,71,71,71,71,71,71,71,71,71,71,71,71,71,71,71,71,71,71,71,71,71,71,71,71,71],"card_choices":[{"not_picked":["Calculated Gamble","Bane"],"picked":"Dagger Spray","floor":1.0},{"not_picked":["Poisoned Stab","Deflect"],"picked":"Cloak And Dagger","floor":3.0},{"not_picked":["Caltrops","Bane"],"picked":"Footwork","floor":10.0},{"not_picked":["Quick Slash","Flying Knee"],"picked":"Malaise","floor":11.0},{"not_picked":["Bane","Backflip"],"picked":"Sucker Punch","floor":14.0},{"not_picked":["Unload","Envenom"],"picked":"Burst","floor":16.0},{"not_picked":["Acrobatics","Flying Knee"],"picked":"Dodge and Roll","floor":18.0},{"not_picked":["Sucker Punch+1","Choke"],"picked":"Deflect","floor":23.0},{"not_picked":["Deflect","Burst"],"picked":"Leg Sweep","floor":24.0},{"not_picked":["Flying Knee","Predator"],"picked":"Footwork+1","floor":25.0},{"not_picked":["Slice","Quick Slash"],"picked":"Infinite Blades+1","floor":27.0},{"not_picked":["Poisoned Stab","Prepared"],"picked":"Dash","floor":28.0},{"not_picked":["Dagger Spray","Poisoned Stab"],"picked":"Backflip+1","floor":29.0},{"not_picked":["Slice","Underhanded Strike"],"picked":"PiercingWail","floor":31.0},{"not_picked":["Venomology","Grand Finale"],"picked":"Storm of Steel","floor":33.0},{"not_picked":["Prepared+1","Sucker Punch+1"],"picked":"Backflip+1","floor":35.0},{"not_picked":["Deflect","Dagger Throw+1","Choke"],"picked":"SKIP","floor":36.0},{"not_picked":["Grand Finale","Calculated Gamble"],"picked":"Noxious Fumes+1","floor":39.0},{"not_picked":["Flying Knee+1","Slice+1"],"picked":"Blur","floor":41.0},{"not_picked":["Leg Sweep","Bane"],"picked":"Calculated Gamble","floor":45.0},{"not_picked":["Flying Knee","Cloak And Dagger","All Out Attack"],"picked":"SKIP","floor":46.0},{"not_picked":["Bane+1","Deadly Poison"],"picked":"Dodge and Roll+1","floor":48.0}],"player_experience":517049,"relics_obtained":[{"floor":9.0,"key":"Ninja Scroll"},{"floor":9.0,"key":"Dream Catcher"},{"floor":22.0,"key":"Nunchaku"},{"floor":22.0,"key":"Frozen Egg 2"},{"floor":24.0,"key":"MawBank"},{"floor":26.0,"key":"Oddly Smooth Stone"},{"floor":26.0,"key":"Shovel"},{"floor":40.0,"key":"Ice Cream"},{"floor":43.0,"key":"Gremlin Horn"},{"floor":49.0,"key":"Gambling Chip"}],"event_choices":[{"damage_healed":0.0,"max_hp_gain":0.0,"max_hp_loss":0.0,"gold_gain":0.0,"event_name":"Scrap Ooze","player_choice":"Success","floor":2.0,"gold_loss":0.0,"damage_taken":26.0,"relics_obtained":["Matryoshka"]},{"damage_healed":0.0,"max_hp_gain":5.0,"max_hp_loss":0.0,"gold_gain":0.0,"event_name":"Big Fish","player_choice":"Donut","floor":4.0,"gold_loss":0.0,"damage_taken":0.0},{"damage_healed":0.0,"max_hp_gain":0.0,"max_hp_loss":0.0,"gold_gain":0.0,"event_name":"Golden Idol","player_choice":"Ignored","floor":5.0,"gold_loss":0.0,"damage_taken":0.0},{"damage_healed":0.0,"max_hp_gain":0.0,"max_hp_loss":0.0,"gold_gain":0.0,"event_name":"Dead Adventurer","player_choice":"Searched \u00271\u0027 times","floor":7.0,"gold_loss":0.0,"damage_taken":0.0,"relics_obtained":["Shuriken"]},{"damage_healed":0.0,"max_hp_gain":0.0,"max_hp_loss":0.0,"gold_gain":0.0,"event_name":"The Library","player_choice":"Read","floor":19.0,"gold_loss":0.0,"damage_taken":0.0,"cards_obtained":["Noxious Fumes"]},{"damage_healed":0.0,"max_hp_gain":0.0,"max_hp_loss":0.0,"gold_gain":0.0,"event_name":"Back to Basics","player_choice":"Simplicity","floor":21.0,"gold_loss":0.0,"damage_taken":0.0,"cards_upgraded":["Defend_G","Defend_G","Defend_G","Defend_G","Defend_G","Strike_G","Strike_G","Strike_G","Strike_G"]},{"damage_healed":0.0,"max_hp_gain":0.0,"max_hp_loss":0.0,"gold_gain":0.0,"event_name":"Colosseum","player_choice":"Fight","floor":22.0,"gold_loss":0.0,"damage_taken":0.0},{"damage_healed":0.0,"max_hp_gain":0.0,"max_hp_loss":0.0,"gold_gain":0.0,"event_name":"Colosseum","player_choice":"Fought Nobs","floor":22.0,"gold_loss":0.0,"damage_taken":0.0},{"cards_removed":["Doubt"],"damage_healed":0.0,"max_hp_gain":0.0,"max_hp_loss":0.0,"gold_gain":0.0,"event_name":"Fountain of Cleansing","player_choice":"Removed Curses","floor":37.0,"gold_loss":0.0,"damage_taken":0.0},{"damage_healed":0.0,"max_hp_gain":0.0,"max_hp_loss":0.0,"gold_gain":0.0,"event_name":"MindBloom","player_choice":"Upgrade","floor":47.0,"gold_loss":0.0,"damage_taken":0.0,"cards_upgraded":["Survivor","Neutralize","Dagger Spray","Malaise","Backflip","Sucker Punch","Burst","Dodge and Roll","Noxious Fumes","Infinite Blades","Deflect","Leg Sweep","Dash","PiercingWail","Storm of Steel","Blur","Calculated Gamble"],"relics_obtained":["Mark of the Bloom"]}],"is_beta":false,"boss_relics":[{"not_picked":["Pandora\u0027s Box","Coffee Dripper"],"picked":"Cursed Key"},{"not_picked":["Velvet Choker","Busted Crown"],"picked":"Lizard Tail"}],"items_purged_floors":[12,42],"is_endless":false,"potions_floor_spawned":[10,14,16,22,27,29,31,35,41,48],"ascension_level":19}