{"gold_per_floor":[109,109,123,198,198,227,227,227,227,227,82,99,99,112,112,207,207,178,197,213,229,229,229,263,263,263,297,313,42,57,156,156,259,259,276,376,396,410,410,410,46,46,96,121,131,131,158,172,172,172],"floor_reached":50,"playtime":2739,"items_purged":["Strike_G","Strike_G","Envenom"],"score":926,"play_id":"a963a0bc-beb3-46fb-90b5-d011c1a13a37","local_time":"20190319155605","is_ascension_mode":true,"campfire_choices":[{"floor":7,"key":"REST"},{"data":"Noxious Fumes","floor":10,"key":"SMITH"},{"data":"Neutralize","floor":13,"key":"SMITH"},{"data":"Footwork","floor":15,"key":"SMITH"},{"data":"Blade Dance","floor":23,"key":"SMITH"},{"data":"Blade Dance","floor":25,"key":"SMITH"},{"data":"Burst","floor":32,"key":"SMITH"},{"floor":40,"key":"RECALL"},{"data":"Night Terror","floor":42,"key":"SMITH"},{"data":"Adrenaline","floor":46,"key":"SMITH"},{"data":"Tactician","floor":49,"key":"SMITH"}],"neow_cost":"NONE","seed_source_timestamp":508168131192432,"circlet_count":0,"master_deck":["AscendersBane","Defend_G+1","Defend_G","Defend_G","Defend_G","Defend_G","Strike_G","Strike_G","Strike_G+1","Survivor","Neutralize+1","Blade Dance+1","Blade Dance+1","Noxious Fumes+1","Footwork+1","Footwork","Acrobatics","Escape Plan","Backflip","Accuracy+1","Accuracy+1","Cloak And Dagger+1","Backflip+1","Prepared","Burst+1","Good Instincts","Tactician+1","Night Terror+1","Adrenaline+1","Tactician+1","Calculated Gamble+1","Infinite Blades+1","Infinite Blades+1","Leg Sweep+1","Normality","Blade Dance","Blade Dance+1","Escape Plan+1","Prepared+1"],"relics":["Ring of the Snake","Sundial","Meat on the Bone","Coffee Dripper","Nloth\u0027s Gift","Kunai","Prayer Wheel","Cursed Key","Ginger","Shuriken","Potion Belt","Bag of Preparation","Bird Faced Urn"],"potions_floor_usage":[6,24,30,33,35,47,50,50,50,50],"damage_taken":[{"damage":0,"enemies":"2 Louse","floor":1,"turns":4},{"damage":4,"enemies":"Small Slimes","floor":3,"turns":4},{"damage":33,"enemies":"Gremlin Nob","floor":6,"turns":4},{"damage":0,"enemies":"Cultist","floor":12,"turns":3},{"damage":10,"enemies":"Lots of Slimes","floor":14,"turns":4},{"damage":25,"enemies":"The Guardian","floor":16,"turns":14},{"damage":17,"enemies":"2 Thieves","floor":18,"turns":5},{"damage":24,"enemies":"Chosen","floor":19,"turns":6},{"damage":3,"enemies":"Shelled Parasite and Fungi","floor":20,"turns":9},{"damage":0,"enemies":"Centurion and Healer","floor":21,"turns":7},{"damage":0,"enemies":"Book of Stabbing","floor":24,"turns":6},{"damage":12,"enemies":"Gremlin Leader","floor":27,"turns":5},{"damage":26,"enemies":"Cultist and Chosen","floor":28,"turns":6},{"damage":11,"enemies":"3 Cultists","floor":30,"turns":6},{"damage":19,"enemies":"Collector","floor":33,"turns":9},{"damage":4,"enemies":"3 Darklings","floor":35,"turns":5},{"damage":0,"enemies":"Mind Bloom Boss Battle","floor":36,"turns":7},{"damage":0,"enemies":"Orb Walker","floor":37,"turns":5},{"damage":19,"enemies":"Spire Growth","floor":38,"turns":5},{"damage":9,"enemies":"Giant Head","floor":44,"turns":7},{"damage":0,"enemies":"Maw","floor":45,"turns":4},{"damage":15,"enemies":"Nemesis","floor":47,"turns":7},{"damage":30,"enemies":"3 Darklings","floor":48,"turns":5},{"damage":58,"enemies":"Time Eater","floor":50,"turns":7}],"seed_played":"8315368943840419362","potions_obtained":[{"floor":3,"key":"SteroidPotion"},{"floor":14,"key":"GhostInAJar"},{"floor":16,"key":"Dexterity Potion"},{"floor":28,"key":"Ancient Potion"},{"floor":30,"key":"Explosive Potion"},{"floor":33,"key":"GamblersBrew"},{"floor":36,"key":"LiquidBronze"},{"floor":44,"key":"SkillPotion"},{"floor":47,"key":"FearPotion"},{"floor":48,"key":"LiquidBronze"}],"is_trial":false,"path_per_floor":["M","?","M","?","?","E","R","T","T","R","$","M","R","M","R","B",null,"M","M","M","M","?","R","E","R","T","E","M","$","M","?","R","B",null,"M","?","M","M","?","R","$","R","T","E","M","R","E","M","R","B"],"character_chosen":"THE_SILENT","items_purchased":["Footwork","Regen Potion","Good Instincts","Shuriken"],"campfire_rested":1,"item_purchase_floors":[11,29,29,41],"current_hp_per_floor":[70,55,51,40,65,32,55,55,55,55,55,55,55,45,45,32,66,49,37,46,46,46,46,46,46,46,46,32,32,48,48,48,41,68,64,64,64,45,45,45,45,45,45,48,48,48,45,35,35,0],"gold":172,"neow_bonus":"TEN_PERCENT_HP_BONUS","is_prod":false,"is_daily":false,"chose_seed":false,"campfire_upgraded":9,"win_rate":0,"timestamp":1553003765,"path_taken":["M","?","M","?","?","E","R","?","T","R","$","M","R","M","R","BOSS","M","M","M","M","?","R","E","R","T","E","M","$","?","?","R","BOSS","M","?","M","M","?","R","$","R","T","E","M","R","E","M","R","BOSS"],"build_version":"2019-01-23","purchased_purges":3,"victory":false,"max_hp_per_floor":[77,77,77,77,77,77,77,77,77,77,77,77,77,77,77,77,77,77,77,77,77,77,77,77,77,77,77,77,77,77,77,77,77,77,77,77,77,77,73,73,73,73,73,73,73,73,73,73,73,73],"card_choices":[{"not_picked":["PiercingWail","Bane"],"picked":"Blade Dance","floor":1},{"not_picked":["Deadly Poison","Underhanded Strike"],"picked":"Blade Dance","floor":3},{"not_picked":["Blade Dance","Bane"],"picked":"Noxious Fumes","floor":6},{"not_picked":["Bouncing Flask","Backflip"],"picked":"Footwork","floor":12},{"not_picked":["Bullet Time","Dagger Throw"],"picked":"Acrobatics","floor":14},{"not_picked":["Night Terror","Malaise"],"picked":"Envenom","floor":16},{"not_picked":["Sucker Punch","Catalyst+1"],"picked":"Escape Plan","floor":18},{"not_picked":["Underhanded Strike","Riddle With Holes"],"picked":"Backflip","floor":19},{"not_picked":["Sucker Punch","Deadly Poison"],"picked":"Accuracy+1","floor":20},{"not_picked":["Quick Slash","Blade Dance"],"picked":"Accuracy+1","floor":21},{"not_picked":["Deadly Poison","Slice"],"picked":"Cloak And Dagger+1","floor":24},{"not_picked":["Outmaneuver","Flechettes"],"picked":"Backflip+1","floor":27},{"not_picked":["Slice+1","All Out Attack+1"],"picked":"Prepared","floor":28},{"not_picked":["Flying Knee+1","Dagger Throw+1"],"picked":"Burst","floor":28},{"not_picked":["Dagger Spray","Flying Knee"],"picked":"Tactician+1","floor":30},{"not_picked":["Dash","Bane","Outmaneuver+1"],"picked":"SKIP","floor":30},{"not_picked":["Die Die Die","Corpse Explosion"],"picked":"Night Terror","floor":33},{"not_picked":["Dagger Spray+1","Dagger Throw+1"],"picked":"Adrenaline","floor":35},{"not_picked":["Reflex+1","PiercingWail"],"picked":"Tactician","floor":35},{"not_picked":["Masterful Stab","PiercingWail"],"picked":"Calculated Gamble+1","floor":36},{"not_picked":["Bullet Time","Underhanded Strike"],"picked":"Infinite Blades+1","floor":37},{"not_picked":["Endless Agony","Terror"],"picked":"Infinite Blades+1","floor":37},{"not_picked":["Dodge and Roll+1","Blade Dance"],"picked":"Leg Sweep+1","floor":38},{"not_picked":["Tactician","Bane+1","Backflip"],"picked":"SKIP","floor":38},{"not_picked":["Dodge and Roll","Night Terror"],"picked":"Blade Dance","floor":44},{"not_picked":["Acrobatics+1","Skewer+1"],"picked":"Blade Dance+1","floor":45},{"not_picked":["Crippling Poison","Choke","Outmaneuver+1"],"picked":"SKIP","floor":45},{"not_picked":["Deadly Poison+1","Riddle With Holes+1","Outmaneuver"],"picked":"SKIP","floor":47},{"not_picked":["Night Terror","Deflect+1"],"picked":"Escape Plan+1","floor":48},{"not_picked":["Dagger Spray","Accuracy"],"picked":"Prepared+1","floor":48}],"player_experience":797082,"relics_obtained":[{"floor":6,"key":"Bottled Flame"},{"floor":8,"key":"Sundial"},{"floor":9,"key":"Meat on the Bone"},{"floor":24,"key":"Kunai"},{"floor":27,"key":"Prayer Wheel"},{"floor":36,"key":"Ginger"},{"floor":43,"key":"Potion Belt"},{"floor":44,"key":"Bag of Preparation"},{"floor":47,"key":"Bird Faced Urn"}],"event_choices":[{"damage_healed":0,"gold_gain":0,"player_choice":"Entered Light","damage_taken":15,"max_hp_gain":0,"max_hp_loss":0,"event_name":"Shining Light","floor":2,"gold_loss":0,"cards_upgraded":["Defend_G","Strike_G"]},{"damage_healed":0,"gold_gain":75,"player_choice":"Gather Gold","damage_taken":11,"max_hp_gain":0,"max_hp_loss":0,"event_name":"World of Goop","floor":4,"gold_loss":0},{"damage_healed":25,"gold_gain":0,"player_choice":"Banana","damage_taken":0,"max_hp_gain":0,"max_hp_loss":0,"event_name":"Big Fish","floor":5,"gold_loss":0},{"damage_healed":0,"gold_gain":0,"player_choice":"Traded Relic","damage_taken":0,"relics_obtained":["Nloth\u0027s Gift"],"max_hp_gain":0,"max_hp_loss":0,"event_name":"N\u0027loth","floor":22,"relics_lost":["Bottled Flame"],"gold_loss":0},{"damage_healed":0,"gold_gain":99,"player_choice":"Stole From Cult","damage_taken":0,"max_hp_gain":0,"max_hp_loss":0,"event_name":"Nest","floor":31,"gold_loss":0},{"damage_healed":0,"gold_gain":0,"player_choice":"Fight","damage_taken":0,"max_hp_gain":0,"max_hp_loss":0,"event_name":"MindBloom","floor":36,"gold_loss":0},{"damage_healed":0,"gold_gain":0,"player_choice":"Max HP","damage_taken":0,"max_hp_gain":0,"max_hp_loss":4,"event_name":"Winding Halls","floor":39,"gold_loss":0}],"is_beta":false,"boss_relics":[{"not_picked":["Pandora\u0027s Box","HoveringKite"],"picked":"Coffee Dripper"},{"not_picked":["Empty Cage","Black Star"],"picked":"Cursed Key"}],"items_purged_floors":[11,29,41],"is_endless":false,"potions_floor_spawned":[3,14,16,18,21,28,30,33,36,38,44,47,48],"killed_by":"Time Eater","ascension_level":11}