{"gold_per_floor":[16,34,45,57,71,71,97,97,121,152,215,215,215,215,215,312,312,329,329,341,353,10,41,41,52,124,138,138,53,53,81,81,184,184,203,218,218,228,27,27,52,43,43,93,143,143],"floor_reached":46,"playtime":18923,"items_purged":["Defend_G"],"score":808,"play_id":"fecd2b31-5fb2-426f-9d51-25dc60748aac","local_time":"20190313161559","is_ascension_mode":true,"campfire_choices":[{"data":"Neutralize","floor":6,"key":"SMITH"},{"data":"After Image","floor":8,"key":"SMITH"},{"floor":13,"key":"REST"},{"floor":15,"key":"REST"},{"floor":24,"key":"REST"},{"floor":28,"key":"REST"},{"data":"Calculated Gamble","floor":30,"key":"SMITH"},{"floor":32,"key":"REST"},{"data":"Malaise","floor":40,"key":"SMITH"}],"neow_cost":"NO_GOLD","seed_source_timestamp":1009516325738148,"circlet_count":0,"master_deck":["AscendersBane","Defend_G","Defend_G","Defend_G","Defend_G","Strike_G","Strike_G","Strike_G","Survivor+1","Neutralize+1","Unload","Backstab","After Image+1","Deflect+1","Deflect","PiercingWail","Backflip","Malaise+1","Infinite Blades","Calculated Gamble+1","Backflip","Escape Plan","Infinite Blades","Dagger Spray+1","Acrobatics+1","Adrenaline","Endless Agony+1","Dodge and Roll+1","Adrenaline","Reflex","Normality","Dark Shackles","Panache"],"relics":["Ring of the Snake","Tingsha","Pen Nib","Vajra","Potion Belt","Runic Pyramid","Kunai","Juzu Bracelet","Molten Egg 2","Ornamental Fan","The Courier","Cursed Key","SsserpentHead","Ninja Scroll","Mummified Hand"],"potions_floor_usage":[10,16,36],"damage_taken":[{"damage":1,"enemies":"Cultist","floor":1,"turns":4},{"damage":3,"enemies":"2 Louse","floor":2,"turns":3},{"damage":4,"enemies":"Jaw Worm","floor":3,"turns":3},{"damage":12,"enemies":"Large Slime","floor":4,"turns":10},{"damage":2,"enemies":"3 Louse","floor":5,"turns":4},{"damage":11,"enemies":"3 Sentries","floor":7,"turns":12},{"damage":11,"enemies":"Lagavulin","floor":10,"turns":7},{"damage":11,"enemies":"3 Sentries","floor":11,"turns":7},{"damage":28,"enemies":"The Guardian","floor":16,"turns":14},{"damage":5,"enemies":"Chosen","floor":18,"turns":6},{"damage":0,"enemies":"Shell Parasite","floor":20,"turns":5},{"damage":7,"enemies":"Shelled Parasite and Fungi","floor":21,"turns":6},{"damage":21,"enemies":"Gremlin Leader","floor":23,"turns":10},{"damage":0,"enemies":"Cultist and Chosen","floor":25,"turns":6},{"damage":14,"enemies":"Centurion and Healer","floor":27,"turns":8},{"damage":18,"enemies":"Slavers","floor":31,"turns":4},{"damage":23,"enemies":"Automaton","floor":33,"turns":12},{"damage":0,"enemies":"Orb Walker","floor":35,"turns":3},{"damage":0,"enemies":"3 Darklings","floor":36,"turns":3},{"damage":0,"enemies":"Transient","floor":38,"turns":5},{"damage":0,"enemies":"Nemesis","floor":41,"turns":9},{"damage":78,"enemies":"Giant Head","floor":46,"turns":10}],"seed_played":"-8086595981515244959","potions_obtained":[{"floor":2,"key":"Strength Potion"},{"floor":5,"key":"PowerPotion"},{"floor":7,"key":"SteroidPotion"},{"floor":11,"key":"Strength Potion"},{"floor":20,"key":"Poison Potion"},{"floor":23,"key":"LiquidBronze"},{"floor":33,"key":"Swift Potion"},{"floor":38,"key":"Strength Potion"}],"is_trial":false,"path_per_floor":["M","M","M","M","M","R","E","R","T","E","?","?","R","?","R","B",null,"M","?","M","M","$","E","R","M","T","M","R","?","R","E","R","B",null,"M","M","?","M","$","R","E","$","T","?","?","E"],"character_chosen":"THE_SILENT","items_purchased":["Kunai","Backflip","Ninja Scroll","Reflex"],"campfire_rested":5,"item_purchase_floors":[22,22,39,42],"current_hp_per_floor":[62,59,55,43,41,41,30,30,30,19,8,8,29,15,36,8,55,50,50,50,43,43,22,43,43,43,29,50,50,50,32,53,30,60,60,60,60,60,60,60,60,60,60,60,50,0],"gold":143,"neow_bonus":"THREE_RARE_CARDS","is_prod":false,"is_daily":false,"chose_seed":false,"campfire_upgraded":4,"win_rate":0,"timestamp":1552508159,"path_taken":["M","?","M","M","M","R","E","R","T","E","?","?","R","?","R","BOSS","M","?","M","?","$","E","R","M","T","M","R","?","R","E","R","BOSS","M","M","?","M","$","R","E","?","T","?","?","E"],"build_version":"2019-01-23","purchased_purges":1,"victory":false,"max_hp_per_floor":[70,70,70,70,70,70,70,70,70,70,70,70,70,70,70,70,70,70,70,70,70,70,70,70,70,70,70,70,70,70,70,70,70,70,70,70,70,70,70,70,70,70,70,66,66,66],"card_choices":[{"not_picked":["Adrenaline","Tools of the Trade"],"picked":"Unload","floor":0},{"not_picked":["Outmaneuver","Catalyst","Backflip"],"picked":"SKIP","floor":1},{"not_picked":["Deflect","Backflip"],"picked":"Backstab","floor":2},{"not_picked":["Slice","Bane"],"picked":"After Image","floor":3},{"not_picked":["Dodge and Roll","Predator"],"picked":"Deflect","floor":4},{"not_picked":["Accuracy","Dagger Throw"],"picked":"Deflect","floor":5},{"not_picked":["Acrobatics","Tactician"],"picked":"PiercingWail","floor":7},{"not_picked":["Storm of Steel","Sucker Punch"],"picked":"Backflip","floor":10},{"not_picked":["Night Terror","Envenom"],"picked":"Malaise","floor":16},{"not_picked":["Flying Knee","Backstab+1"],"picked":"Infinite Blades","floor":18},{"not_picked":["Outmaneuver","Backflip"],"picked":"Calculated Gamble","floor":20},{"not_picked":["Leg Sweep","Dodge and Roll","Poisoned Stab"],"picked":"SKIP","floor":21},{"not_picked":["Quick Slash","Outmaneuver"],"picked":"Escape Plan","floor":23},{"not_picked":["Slice","Distraction"],"picked":"Infinite Blades","floor":25},{"not_picked":["Bane+1","Infinite Blades"],"picked":"Dagger Spray+1","floor":27},{"not_picked":["Bullet Time","Quick Slash+1"],"picked":"Acrobatics+1","floor":31},{"not_picked":["Tools of the Trade","Glass Knife+1"],"picked":"Adrenaline","floor":33},{"not_picked":["Cloak And Dagger+1","Slice+1"],"picked":"Endless Agony+1","floor":35},{"not_picked":["Leg Sweep","Slice+1","Prepared"],"picked":"SKIP","floor":36},{"not_picked":["Slice+1","All Out Attack+1"],"picked":"Dodge and Roll+1","floor":38},{"not_picked":["Acrobatics+1","Riddle With Holes+1"],"picked":"Adrenaline","floor":41},{"not_picked":["Flash of Steel+1","Deep Breath"],"picked":"Dark Shackles","floor":45},{"not_picked":["Madness","Good Instincts"],"picked":"Panache","floor":45}],"player_experience":1845637,"relics_obtained":[{"floor":7,"key":"Tingsha"},{"floor":9,"key":"Pen Nib"},{"floor":10,"key":"Vajra"},{"floor":23,"key":"Juzu Bracelet"},{"floor":26,"key":"Molten Egg 2"},{"floor":31,"key":"The Courier"},{"floor":41,"key":"Mummified Hand"}],"event_choices":[{"damage_healed":0,"gold_gain":0,"player_choice":"Searched \u00272\u0027 times","damage_taken":0,"relics_obtained":["Potion Belt"],"max_hp_gain":0,"max_hp_loss":0,"event_name":"Dead Adventurer","floor":11,"gold_loss":0},{"cards_removed":["Strike_G"],"damage_healed":0,"gold_gain":0,"player_choice":"Forget","damage_taken":0,"max_hp_gain":0,"max_hp_loss":0,"event_name":"Living Wall","floor":12,"gold_loss":0},{"damage_healed":0,"gold_gain":0,"player_choice":"Entered Light","damage_taken":14,"max_hp_gain":0,"max_hp_loss":0,"event_name":"Shining Light","floor":14,"gold_loss":0,"cards_upgraded":["Survivor","Deflect"]},{"cards_removed":["Strike_G"],"damage_healed":0,"gold_gain":0,"player_choice":"Offered Basic","damage_taken":0,"max_hp_gain":0,"max_hp_loss":0,"event_name":"Bonfire Elementals","floor":19,"gold_loss":0},{"damage_healed":0,"gold_gain":0,"player_choice":"Obtained Relic","damage_taken":0,"relics_obtained":["Ornamental Fan"],"max_hp_gain":0,"max_hp_loss":0,"event_name":"Addict","floor":29,"gold_loss":85},{"damage_healed":0,"gold_gain":0,"player_choice":"Trade","damage_taken":0,"relics_obtained":["SsserpentHead"],"max_hp_gain":0,"max_hp_loss":0,"event_name":"FaceTrader","floor":37,"gold_loss":0},{"damage_healed":0,"gold_gain":0,"player_choice":"Max HP","damage_taken":0,"max_hp_gain":0,"max_hp_loss":4,"event_name":"Winding Halls","floor":44,"gold_loss":0},{"damage_healed":0,"gold_gain":0,"player_choice":"Memory 3","damage_taken":10,"max_hp_gain":0,"max_hp_loss":0,"event_name":"SensoryStone","floor":45,"gold_loss":0}],"is_beta":false,"boss_relics":[{"not_picked":["Eternal Feather","Busted Crown"],"picked":"Runic Pyramid"},{"not_picked":["Runic Dome","Ring of the Serpent"],"picked":"Cursed Key"}],"items_purged_floors":[22],"is_endless":false,"potions_floor_spawned":[2,5,7,11,20,23,33,38],"killed_by":"Giant Head","ascension_level":11}