{"gold_per_floor":[118,137,137,32,32,32,32,32,87,101,26,26,26,44,44,44],"floor_reached":16,"playtime":284,"items_purged":[],"score":176,"play_id":"71320eb2-7877-4bb9-a399-1e057ef2102f","local_time":"20190313194130","is_ascension_mode":true,"campfire_choices":[{"data":"Zap","floor":6,"key":"SMITH"},{"data":"FTL","floor":8,"key":"SMITH"},{"data":"Cold Snap","floor":12,"key":"SMITH"},{"floor":15,"key":"REST"}],"neow_cost":"TEN_PERCENT_HP_LOSS","seed_source_timestamp":2387023482060,"circlet_count":0,"master_deck":["AscendersBane","Strike_B","Strike_B","Strike_B","Defend_B","Defend_B","Defend_B","Defend_B","Zap+1","Dualcast","Core Surge+1","FTL+1","Leap","Glacier","Cold Snap+1","Loop"],"relics":["Cracked Core","Strawberry","Regal Pillow"],"potions_floor_usage":[],"damage_taken":[{"damage":1,"enemies":"Small Slimes","floor":1,"turns":3},{"damage":7,"enemies":"Jaw Worm","floor":2,"turns":2},{"damage":0,"enemies":"Cultist","floor":10,"turns":3},{"damage":6,"enemies":"2 Fungi Beasts","floor":14,"turns":3},{"damage":73,"enemies":"Slime Boss","floor":16,"turns":15}],"seed_played":"3570600361942313457","potions_obtained":[{"floor":2,"key":"Dexterity Potion"},{"floor":10,"key":"Ancient Potion"}],"is_trial":false,"path_per_floor":["M","M","?","$","?","R","$","R","T","M","?","R","?","M","R","B"],"character_chosen":"DEFECT","items_purchased":["Glacier","Cold Snap"],"campfire_rested":1,"item_purchase_floors":[4,4],"current_hp_per_floor":[63,56,56,56,61,61,61,61,68,68,68,68,33,27,64,0],"gold":44,"neow_bonus":"THREE_RARE_CARDS","is_prod":false,"is_daily":false,"chose_seed":false,"campfire_upgraded":3,"win_rate":0,"timestamp":1552506090,"path_taken":["M","M","?","$","?","R","?","R","T","?","?","R","?","M","R","BOSS"],"build_version":"2019-01-23","purchased_purges":0,"victory":false,"max_hp_per_floor":[64,64,64,64,69,69,69,69,76,76,76,76,76,76,76,76],"card_choices":[{"not_picked":["All For One","Fission"],"picked":"Core Surge","floor":0},{"not_picked":["Turbo","Beam Cell"],"picked":"FTL","floor":1},{"not_picked":["Turbo","Steam Power"],"picked":"Leap","floor":2},{"not_picked":["Reprogram","Rebound","FTL"],"picked":"SKIP","floor":10},{"not_picked":["Tempest","BootSequence"],"picked":"Loop","floor":14}],"player_experience":553017,"relics_obtained":[{"floor":9,"key":"Strawberry"}],"event_choices":[{"damage_healed":0,"gold_gain":0,"player_choice":"Grow","damage_taken":0,"max_hp_gain":0,"max_hp_loss":0,"event_name":"Living Wall","floor":3,"gold_loss":0,"cards_upgraded":["Core Surge"]},{"damage_healed":0,"gold_gain":0,"player_choice":"Donut","damage_taken":0,"max_hp_gain":5,"max_hp_loss":0,"event_name":"Big Fish","floor":5,"gold_loss":0},{"cards_removed":["Strike_B"],"damage_healed":0,"gold_gain":0,"player_choice":"Card Removal","damage_taken":0,"max_hp_gain":0,"max_hp_loss":0,"event_name":"The Cleric","floor":11,"gold_loss":75},{"damage_healed":0,"gold_gain":0,"player_choice":"Success","damage_taken":35,"relics_obtained":["Regal Pillow"],"max_hp_gain":0,"max_hp_loss":0,"event_name":"Scrap Ooze","floor":13,"gold_loss":0}],"is_beta":false,"boss_relics":[],"items_purged_floors":[],"is_endless":false,"potions_floor_spawned":[2,10],"killed_by":"Slime Boss","ascension_level":20}