{"gold_per_floor":[115,130,148,148,10,44,44,75,75,87,87,125,125,156,156,275,275,294,344,368,1,16,16],"floor_reached":23,"playtime":1768,"items_purged":["Strike_B"],"score":334,"play_id":"1ed9d437-36db-468a-b159-3acc4986bd96","local_time":"20190317000707","is_ascension_mode":true,"campfire_choices":[{"data":"Defragment","floor":7,"key":"SMITH"},{"data":"Static Discharge","floor":13,"key":"SMITH"},{"data":"Go for the Eyes","floor":15,"key":"SMITH"}],"neow_cost":"NONE","seed_source_timestamp":246108269685650,"circlet_count":0,"master_deck":["AscendersBane","Strike_B","Strike_B","Strike_B","Defend_B","Defend_B","Defend_B","Defend_B","Zap+1","Dualcast","Rip and Tear","Go for the Eyes+1","Sweeping Beam","Defragment+1","Cold Snap","Static Discharge+1","Conserve Battery","White Noise","Echo Form","Chill","Coolheaded","Genetic Algorithm"],"relics":["Cracked Core","Singing Bowl","Symbiotic Virus","Pear","Golden Idol","Kunai","Odd Mushroom","Runic Pyramid","Mummified Hand"],"potions_floor_usage":[6,8,14,16,16],"damage_taken":[{"damage":1,"enemies":"Cultist","floor":1,"turns":3},{"damage":0,"enemies":"2 Louse","floor":2,"turns":1},{"damage":0,"enemies":"Small Slimes","floor":3,"turns":2},{"damage":21,"enemies":"Lagavulin","floor":6,"turns":5},{"damage":8,"enemies":"Gremlin Nob","floor":8,"turns":3},{"damage":6,"enemies":"Looter","floor":10,"turns":2},{"damage":11,"enemies":"Lagavulin","floor":12,"turns":5},{"damage":1,"enemies":"The Mushroom Lair","floor":14,"turns":2},{"damage":9,"enemies":"Hexaghost","floor":16,"turns":7},{"damage":17,"enemies":"Spheric Guardian","floor":18,"turns":4},{"damage":4,"enemies":"3 Byrds","floor":20,"turns":2},{"damage":19,"enemies":"Sentry and Sphere","floor":22,"turns":3},{"damage":39,"enemies":"Book of Stabbing","floor":23,"turns":3}],"seed_played":"-7994629263453089840","potions_obtained":[{"floor":1,"key":"SpeedPotion"},{"floor":6,"key":"GamblersBrew"},{"floor":8,"key":"Energy Potion"},{"floor":14,"key":"Weak Potion"},{"floor":16,"key":"Explosive Potion"}],"is_trial":false,"path_per_floor":["M","M","M","?","$","E","R","E","T","M","?","E","R","?","R","B",null,"M","?","M","$","M","E"],"character_chosen":"DEFECT","items_purchased":["Defragment","Cold Snap","PowerPotion","Mummified Hand","Coolheaded"],"campfire_rested":0,"item_purchase_floors":[5,5,5,21,21],"current_hp_per_floor":[67,67,67,72,72,51,51,45,55,49,49,40,40,39,39,30,73,56,56,54,54,35,0],"gold":16,"neow_bonus":"UPGRADE_CARD","is_prod":false,"is_daily":false,"chose_seed":false,"campfire_upgraded":3,"win_rate":0,"timestamp":1552795627,"path_taken":["M","?","M","?","$","E","R","E","T","M","?","E","R","?","R","BOSS","M","?","?","$","M","E"],"build_version":"2019-01-23","purchased_purges":1,"victory":false,"max_hp_per_floor":[75,75,75,80,80,80,80,82,92,92,85,87,87,87,87,87,87,87,87,89,89,89,89],"card_choices":[{"not_picked":["Coolheaded","Stack"],"picked":"Rip and Tear","floor":1},{"not_picked":["Barrage","Streamline"],"picked":"Go for the Eyes","floor":2},{"not_picked":["Hologram","Reboot"],"picked":"Sweeping Beam","floor":3},{"not_picked":["Reprogram","White Noise"],"picked":"Static Discharge","floor":6},{"not_picked":["Rainbow","Beam Cell","Stack"],"picked":"Singing Bowl","floor":8},{"not_picked":["Steam","Coolheaded"],"picked":"Conserve Battery","floor":10},{"not_picked":["Conserve Battery","Hello World","Tempest"],"picked":"Singing Bowl","floor":12},{"not_picked":["BootSequence","Force Field"],"picked":"White Noise","floor":14},{"not_picked":["Machine Learning","Creative AI"],"picked":"Echo Form","floor":16},{"not_picked":["Coolheaded+1","Cold Snap"],"picked":"Chill","floor":18},{"not_picked":["Steam","Blizzard","Fusion"],"picked":"Singing Bowl","floor":20},{"not_picked":["Darkness","Stack"],"picked":"Genetic Algorithm","floor":22}],"player_experience":1924105,"relics_obtained":[{"floor":6,"key":"Singing Bowl"},{"floor":8,"key":"Symbiotic Virus"},{"floor":9,"key":"Pear"},{"floor":12,"key":"Kunai"},{"floor":14,"key":"Odd Mushroom"}],"event_choices":[{"damage_healed":0,"gold_gain":0,"player_choice":"Donut","damage_taken":0,"max_hp_gain":5,"max_hp_loss":0,"event_name":"Big Fish","floor":4,"gold_loss":0},{"damage_healed":0,"gold_gain":0,"player_choice":"Lose Max HP","damage_taken":0,"relics_obtained":["Golden Idol"],"max_hp_gain":0,"max_hp_loss":7,"event_name":"Golden Idol","floor":11,"gold_loss":0},{"damage_healed":0,"gold_gain":0,"player_choice":"Fought Mushrooms","damage_taken":0,"max_hp_gain":0,"max_hp_loss":0,"event_name":"Mushrooms","floor":14,"gold_loss":0},{"damage_healed":0,"gold_gain":100,"player_choice":"Bet on Murderer","damage_taken":0,"max_hp_gain":0,"max_hp_loss":0,"event_name":"The Joust","floor":19,"gold_loss":50}],"is_beta":false,"boss_relics":[{"not_picked":["Runic Dome","Eternal Feather"],"picked":"Runic Pyramid"}],"items_purged_floors":[21],"is_endless":false,"potions_floor_spawned":[1,6,8,14,16],"killed_by":"Book of Stabbing","ascension_level":12}