{"gold_per_floor":[113,288,363,43,43,56,82,82,82,137,150,150,163,179,179,274,274,284,297,297,307,101,101,114,143,143,143],"floor_reached":27,"playtime":1533,"items_purged":["Doubt","Strike_R"],"score":400,"play_id":"61df6a42-49a4-4dcc-a43a-76306f9cfa3f","local_time":"20190312150038","is_ascension_mode":true,"campfire_choices":[{"data":"Bash","floor":8,"key":"SMITH"},{"data":"Corruption","floor":12,"key":"SMITH"},{"data":"Disarm","floor":15,"key":"SMITH"},{"data":"Juggernaut","floor":23,"key":"SMITH"}],"neow_cost":"NONE","seed_source_timestamp":936096399359100,"circlet_count":0,"master_deck":["AscendersBane","Strike_R","Defend_R","Defend_R","Defend_R","Defend_R","Bash+1","Iron Wave","Feel No Pain","Havoc","Corruption+1","Ghostly Armor","Disarm+1","Anger","Juggernaut+1","Anger","Inflame","Twin Strike","Flame Barrier","Rampage","Demon Form"],"relics":["Burning Blood","NeowsBlessing","Potion Belt","Happy Flower","Orichalcum","Boot","Empty Cage","The Courier","Self Forming Clay","Omamori"],"potions_floor_usage":[10,25,27],"damage_taken":[{"damage":0,"enemies":"Jaw Worm","floor":1,"turns":1},{"damage":0,"enemies":"Small Slimes","floor":6,"turns":1},{"damage":0,"enemies":"Gremlin Nob","floor":7,"turns":1},{"damage":43,"enemies":"Gremlin Nob","floor":10,"turns":5},{"damage":0,"enemies":"Cultist","floor":11,"turns":5},{"damage":9,"enemies":"Large Slime","floor":13,"turns":7},{"damage":2,"enemies":"Gremlin Gang","floor":14,"turns":6},{"damage":43,"enemies":"Hexaghost","floor":16,"turns":13},{"damage":16,"enemies":"3 Byrds","floor":18,"turns":5},{"damage":2,"enemies":"Shell Parasite","floor":19,"turns":5},{"damage":9,"enemies":"Snecko","floor":21,"turns":6},{"damage":25,"enemies":"Centurion and Healer","floor":24,"turns":6},{"damage":32,"enemies":"Gremlin Leader","floor":25,"turns":8},{"damage":14,"enemies":"Slavers","floor":27,"turns":1}],"seed_played":"-2385340386057483553","potions_obtained":[{"floor":7,"key":"SkillPotion"},{"floor":14,"key":"SpeedPotion"},{"floor":19,"key":"PowerPotion"},{"floor":25,"key":"PowerPotion"}],"is_trial":false,"path_per_floor":["M","?","?","$","?","M","E","R","T","?","M","R","M","M","R","B",null,"M","M","?","M","$","R","M","E","T","E"],"character_chosen":"IRONCLAD","items_purchased":["Feel No Pain","Havoc","Potion Belt","Flame Barrier","Rampage"],"campfire_rested":0,"item_purchase_floors":[4,4,4,22,22],"current_hp_per_floor":[78,78,67,67,67,73,79,79,79,42,48,48,45,49,49,12,63,53,57,57,54,54,54,35,9,9,0],"gold":143,"neow_bonus":"THREE_ENEMY_KILL","is_prod":false,"is_daily":false,"chose_seed":false,"campfire_upgraded":4,"win_rate":0,"timestamp":1552417238,"path_taken":["M","?","?","?","?","?","E","R","T","?","M","R","M","M","R","BOSS","M","M","?","M","$","R","M","E","T","E"],"build_version":"2019-01-23","purchased_purges":2,"victory":false,"max_hp_per_floor":[80,80,80,80,80,80,80,80,80,80,80,80,80,80,80,80,80,80,80,80,80,80,80,80,80,80,80],"card_choices":[{"not_picked":["Clash","Heavy Blade"],"picked":"Iron Wave","floor":1},{"not_picked":["Headbutt","Iron Wave"],"picked":"Corruption","floor":6},{"not_picked":["Dropkick","Body Slam"],"picked":"Ghostly Armor","floor":7},{"not_picked":["Intimidate","Clothesline"],"picked":"Disarm","floor":10},{"not_picked":["Armaments","Burning Pact"],"picked":"Anger","floor":11},{"not_picked":["Exhume","Warcry","Heavy Blade"],"picked":"SKIP","floor":13},{"not_picked":["Perfected Strike","Rupture","Flex"],"picked":"SKIP","floor":14},{"not_picked":["Exhume","Fiend Fire"],"picked":"Juggernaut","floor":16},{"not_picked":["Armaments","Wild Strike"],"picked":"Anger","floor":18},{"not_picked":["Hemokinesis","Feel No Pain+1"],"picked":"Inflame","floor":19},{"not_picked":["Body Slam","Havoc"],"picked":"Twin Strike","floor":21},{"not_picked":["Heavy Blade","Cleave"],"picked":"Demon Form","floor":24},{"not_picked":["Dual Wield","Burning Pact","Demon Form"],"picked":"SKIP","floor":25}],"player_experience":1829158,"relics_obtained":[{"floor":7,"key":"Happy Flower"},{"floor":9,"key":"Orichalcum"},{"floor":10,"key":"Boot"},{"floor":20,"key":"The Courier"},{"floor":25,"key":"Self Forming Clay"},{"floor":26,"key":"Omamori"}],"event_choices":[{"damage_healed":0,"gold_gain":175,"player_choice":"AGREE","damage_taken":0,"max_hp_gain":0,"max_hp_loss":0,"event_name":"Liars Game","floor":2,"gold_loss":0,"cards_obtained":["Doubt"]},{"damage_healed":0,"gold_gain":75,"player_choice":"Gather Gold","damage_taken":11,"max_hp_gain":0,"max_hp_loss":0,"event_name":"World of Goop","floor":3,"gold_loss":0},{"cards_removed":["Strike_R"],"damage_healed":0,"gold_gain":0,"player_choice":"Purged","damage_taken":0,"max_hp_gain":0,"max_hp_loss":0,"event_name":"Purifier","floor":5,"gold_loss":0},{"damage_healed":0,"gold_gain":30,"player_choice":"Searched \u00273\u0027 times","damage_taken":0,"max_hp_gain":0,"max_hp_loss":0,"event_name":"Dead Adventurer","floor":10,"gold_loss":0},{"damage_healed":0,"gold_gain":0,"player_choice":"Relic","damage_taken":0,"max_hp_gain":0,"max_hp_loss":0,"event_name":"Wheel of Change","floor":20,"gold_loss":0}],"is_beta":false,"boss_relics":[{"not_picked":["Snecko Eye","Lizard Tail"],"picked":"Empty Cage"}],"items_purged_floors":[4,22],"is_endless":false,"potions_floor_spawned":[7,14,19,25],"killed_by":"Slavers","ascension_level":11}