{"gold_per_floor":[217,217,232,247,18,46,46,58,113,124,49,78,89,101,101,205,205,216,43,0,46,46],"floor_reached":22,"playtime":2180,"items_purged":["Strike_B"],"score":314,"play_id":"cfc88a60-ecf9-4e4c-bdd7-25d1fb35615a","local_time":"20190317004548","is_ascension_mode":true,"campfire_choices":[{"data":"Zap","floor":7.0,"key":"SMITH"},{"data":"Seek","floor":15,"key":"SMITH"}],"neow_cost":"NONE","seed_source_timestamp":0,"circlet_count":0,"master_deck":["AscendersBane","Strike_B","Strike_B","Strike_B","Defend_B+1","Defend_B","Defend_B","Defend_B","Zap+1","Dualcast+1","Compile Driver","Glacier","Compile Driver","Capacitor","Streamline","Capacitor","Ball Lightning","Seek+1","Chill","Buffer","Regret","Self Repair","Stack"],"special_seed":0,"relics":["Cracked Core","Ancient Tea Set","Omamori","Tiny Chest","Pen Nib","Calling Bell","Bag of Preparation","Pantograph","Ginger","War Paint","Blood Vial"],"potions_floor_usage":[12,12,13,16,16],"damage_taken":[{"damage":0.0,"enemies":"Small Slimes","floor":1.0,"turns":3.0},{"damage":6.0,"enemies":"Cultist","floor":3.0,"turns":4.0},{"damage":2.0,"enemies":"Jaw Worm","floor":4.0,"turns":3.0},{"damage":14.0,"enemies":"Lagavulin","floor":6.0,"turns":10.0},{"damage":1.0,"enemies":"Looter","floor":8.0,"turns":4.0},{"damage":4.0,"enemies":"Large Slime","floor":10.0,"turns":5.0},{"damage":18,"enemies":"Gremlin Nob","floor":12,"turns":3},{"damage":0,"enemies":"Blue Slaver","floor":13,"turns":3},{"damage":3,"enemies":"2 Fungi Beasts","floor":14,"turns":4},{"damage":6,"enemies":"Hexaghost","floor":16,"turns":9},{"damage":25,"enemies":"Shell Parasite","floor":18,"turns":13},{"damage":47,"enemies":"3 Byrds","floor":22,"turns":6}],"seed_played":"6840624465912239887","potions_obtained":[{"floor":2.0,"key":"Dexterity Potion"},{"floor":2.0,"key":"EntropicBrew"},{"floor":4.0,"key":"Explosive Potion"},{"floor":13,"key":"Swift Potion"}],"is_trial":false,"path_per_floor":["M","?","M","M","$","E","R","M","T","M","$","E","M","M","R","B",null,"M","$","?","T","M"],"character_chosen":"DEFECT","items_purchased":["Capacitor","Ancient Tea Set","Streamline","War Paint","Stack"],"campfire_rested":0,"item_purchase_floors":[5,5,5,19,19],"current_hp_per_floor":[68,68,62,60,60,46,46,45,45,41,41,23,23,20,20,14,60,35,35,35,35,0],"gold":46,"neow_bonus":"HUNDRED_GOLD","is_prod":false,"is_daily":false,"chose_seed":false,"campfire_upgraded":2,"win_rate":0,"timestamp":1552797948,"path_taken":["M","?","?","M","$","E","R","M","T","M","?","E","M","M","R","BOSS","M","$","?","?","M"],"build_version":"2019-01-23","purchased_purges":1,"victory":false,"max_hp_per_floor":[75,75,75,75,75,75,75,75,75,75,75,75,75,75,75,75,75,75,75,75,75,75],"card_choices":[{"not_picked":["Barrage","Turbo"],"picked":"Compile Driver","floor":1.0},{"not_picked":["Hologram","Compile Driver"],"picked":"Glacier","floor":3.0},{"not_picked":["Redo","Turbo"],"picked":"Compile Driver","floor":4.0},{"not_picked":["Hyperbeam","Tempest"],"picked":"Capacitor","floor":6.0},{"not_picked":["Barrage","Conserve Battery"],"picked":"Ball Lightning","floor":8.0},{"not_picked":["Compile Driver","Sweeping Beam","Redo"],"picked":"SKIP","floor":10.0},{"not_picked":["Recycle","Ball Lightning"],"picked":"Seek","floor":12},{"not_picked":["Gash","Steam"],"picked":"Chill","floor":13},{"not_picked":["Recycle","BootSequence","Turbo"],"picked":"SKIP","floor":14},{"not_picked":["Hyperbeam","All For One"],"picked":"Buffer","floor":16},{"not_picked":["Turbo","Coolheaded"],"picked":"Self Repair","floor":18}],"player_experience":1925873,"relics_obtained":[{"floor":6.0,"key":"Omamori"},{"floor":9.0,"key":"Tiny Chest"},{"floor":12,"key":"Pen Nib"},{"floor":17,"key":"Bag of Preparation"},{"floor":17,"key":"Pantograph"},{"floor":17,"key":"Ginger"},{"floor":21,"key":"Blood Vial"}],"event_choices":[{"damage_healed":0.0,"max_hp_gain":0.0,"max_hp_loss":0.0,"gold_gain":0.0,"event_name":"Lab","player_choice":"Got Potions","floor":2.0,"gold_loss":0.0,"damage_taken":0.0},{"damage_healed":0,"gold_gain":0,"player_choice":"Paid Fearfully","damage_taken":0,"max_hp_gain":0,"max_hp_loss":0,"event_name":"Masked Bandits","floor":20,"gold_loss":43}],"is_beta":false,"boss_relics":[{"not_picked":["Black Star","White Beast Statue"],"picked":"Calling Bell"}],"items_purged_floors":[11],"is_endless":false,"potions_floor_spawned":[4,6,8,12,13],"killed_by":"3 Byrds","ascension_level":12}