{"gold_per_floor":[115,115,132,152,53,53,64,64,64,98,117,136,156,191,191,290,290,310,328,328,347,139,139,171,171,195,195],"floor_reached":27,"playtime":1919,"items_purged":["Strike_B"],"score":432,"play_id":"43e17a93-1ce8-46bd-8a5d-07abdce1fb16","local_time":"20190324093638","is_ascension_mode":true,"campfire_choices":[{"data":"Zap","floor":6.0,"key":"SMITH"},{"floor":15.0,"key":"DIG"},{"data":"Loop","floor":23,"key":"SMITH"},{"floor":25,"key":"DIG"}],"neow_cost":"NONE","seed_source_timestamp":0,"circlet_count":0,"master_deck":["AscendersBane","Strike_B","Strike_B","Strike_B","Defend_B","Defend_B","Defend_B+1","Defend_B","Zap+1","Dualcast+1","Streamline","Loop+1","Rip and Tear","Compile Driver","Ball Lightning","Rebound","Core Surge","Steam","Hyperbeam","Coolheaded","Skim","Flash of Steel","FTL","Leap+1","Machine Learning"],"special_seed":0,"relics":["Cracked Core","Ornamental Fan","FossilizedHelix","Dodecahedron","Shovel","The Courier","Coffee Dripper","Enchiridion","Mummified Hand","War Paint","Pen Nib"],"potions_floor_usage":[19,19,27,27,27,27],"damage_taken":[{"damage":1.0,"enemies":"Cultist","floor":1.0,"turns":3.0},{"damage":4.0,"enemies":"Jaw Worm","floor":3.0,"turns":3.0},{"damage":7.0,"enemies":"Small Slimes","floor":4.0,"turns":4.0},{"damage":8.0,"enemies":"Exordium Wildlife","floor":7.0,"turns":3.0},{"damage":16.0,"enemies":"Lagavulin","floor":10.0,"turns":5.0},{"damage":0.0,"enemies":"Red Slaver","floor":11.0,"turns":2.0},{"damage":0.0,"enemies":"Looter","floor":12.0,"turns":2.0},{"damage":0.0,"enemies":"Large Slime","floor":13.0,"turns":3.0},{"damage":0.0,"enemies":"Gremlin Nob","floor":14.0,"turns":3.0},{"damage":13,"enemies":"Slime Boss","floor":16,"turns":8},{"damage":2,"enemies":"Chosen","floor":18,"turns":4},{"damage":0,"enemies":"2 Thieves","floor":19,"turns":2},{"damage":0,"enemies":"Centurion and Healer","floor":21,"turns":3},{"damage":44,"enemies":"Book of Stabbing","floor":24,"turns":5},{"damage":6,"enemies":"Gremlin Leader","floor":27,"turns":1}],"seed_played":"-7346999434137828820","potions_obtained":[{"floor":1.0,"key":"Explosive Potion"},{"floor":13.0,"key":"Weak Potion"},{"floor":14.0,"key":"EntropicBrew"}],"is_trial":false,"path_per_floor":["M","T","M","M","$","R","M","?","T","E","M","M","M","E","R","B",null,"M","M","?","M","$","R","E","R","T","E"],"character_chosen":"DEFECT","items_purchased":["Compile Driver","Weak Potion","Flash of Steel","FTL","Leap"],"campfire_rested":0,"item_purchase_floors":[5,5,22,22,22],"current_hp_per_floor":[74,74,70,63,63,63,55,55,55,39,39,39,39,39,39,26,68,66,66,50,50,50,50,6,6,6,0],"gold":195,"neow_bonus":"TEN_PERCENT_HP_BONUS","is_prod":false,"is_daily":false,"chose_seed":false,"campfire_upgraded":2,"win_rate":0,"timestamp":1553434598,"path_taken":["M","?","M","M","$","R","M","?","T","E","M","M","M","E","R","BOSS","M","M","?","M","$","R","E","R","T","E"],"build_version":"2019-01-23","purchased_purges":1,"victory":false,"max_hp_per_floor":[82,82,82,82,82,82,82,82,82,82,82,82,82,82,82,82,82,82,82,82,82,82,82,82,82,82,82],"card_choices":[{"not_picked":["Scrape","Barrage"],"picked":"Streamline","floor":1.0},{"not_picked":["Capacitor","Conserve Battery"],"picked":"Loop","floor":3.0},{"not_picked":["Sunder","Aggregate"],"picked":"Rip and Tear","floor":4.0},{"not_picked":["Coolheaded","Loop"],"picked":"Ball Lightning","floor":7.0},{"not_picked":["Hologram","Leap"],"picked":"Rebound","floor":10.0},{"not_picked":["Streamline","Doom and Gloom","Gash"],"picked":"SKIP","floor":11.0},{"not_picked":["Chaos","Streamline","Rebound"],"picked":"SKIP","floor":12.0},{"not_picked":["Barrage","Fusion"],"picked":"Core Surge","floor":13.0},{"not_picked":["Heatsinks","Gash"],"picked":"Steam","floor":14.0},{"not_picked":["Seek","Core Surge"],"picked":"Hyperbeam","floor":16},{"not_picked":["Rebound","Undo"],"picked":"Coolheaded","floor":18},{"not_picked":["Stack","Gash"],"picked":"Skim","floor":19},{"not_picked":["Turbo","Hello World","BootSequence"],"picked":"SKIP","floor":21},{"not_picked":["Beam Cell","Skim"],"picked":"Machine Learning","floor":24}],"player_experience":1990595,"relics_obtained":[{"floor":2.0,"key":"Ornamental Fan"},{"floor":9.0,"key":"FossilizedHelix"},{"floor":10.0,"key":"Dodecahedron"},{"floor":14.0,"key":"Shovel"},{"floor":15.0,"key":"The Courier"},{"floor":20,"key":"Enchiridion"},{"floor":24,"key":"Mummified Hand"},{"floor":25,"key":"War Paint"},{"floor":26,"key":"Pen Nib"}],"event_choices":[{"damage_healed":0.0,"max_hp_gain":0.0,"max_hp_loss":0.0,"gold_gain":0.0,"event_name":"Living Wall","player_choice":"Grow","floor":8.0,"gold_loss":0.0,"damage_taken":0.0,"cards_upgraded":["Dualcast"]},{"damage_healed":0,"gold_gain":0,"player_choice":"Obtained Book","damage_taken":16,"max_hp_gain":0,"max_hp_loss":0,"event_name":"Cursed Tome","floor":20,"gold_loss":0}],"is_beta":false,"boss_relics":[{"not_picked":["Runic Dome","Astrolabe"],"picked":"Coffee Dripper"}],"items_purged_floors":[22],"is_endless":false,"potions_floor_spawned":[1,10,12,13,14,19,24],"killed_by":"Gremlin Leader","ascension_level":12}