{"gold_per_floor":[118,128,128,128,71,71,91,121,147,147,179,238,238,0,0,75,75,85,85,2,13,13,13,41,56,79,129,161,86,86,100,100,172,172,190,190,190,290,290,315,315,36,62,0,0,16,26,39,39,39,39],"floor_reached":51,"playtime":1175,"items_purged":["Strike_R"],"score":1434,"play_id":"64b1d5f3-2a00-4c59-9be5-a61f39a83409","local_time":"20190321205821","is_ascension_mode":true,"campfire_choices":[{"data":"Armaments","floor":6.0,"key":"SMITH"},{"floor":10.0,"key":"REST"},{"data":"Demon Form","floor":15,"key":"SMITH"},{"floor":23,"key":"REST"},{"floor":30,"key":"REST"},{"floor":32,"key":"REST"},{"floor":41,"key":"REST"},{"floor":45,"key":"REST"},{"floor":49,"key":"REST"}],"neow_cost":"NONE","seed_source_timestamp":13564633240642,"circlet_count":0,"master_deck":["AscendersBane","Strike_R","Strike_R","Strike_R","Defend_R+1","Defend_R+1","Defend_R","Defend_R","Bash","Inflame+1","Clothesline","Reckless Charge","Armaments+1","Demon Form+1","Twin Strike","Cleave","Limit Break","Demon Form+1","Inflame","Shockwave","Heavy Blade","Double Tap","Shrug It Off+1","Spot Weakness","Flame Barrier"],"special_seed":0,"relics":["Burning Blood","Juzu Bracelet","Bottled Tornado","Happy Flower","Centennial Puzzle","PreservedInsect","War Paint","Fusion Hammer","Orichalcum","Art of War","Bag of Marbles","Snecko Eye","Bronze Scales","Torii","Smiling Mask","Self Forming Clay","Dream Catcher","Red Mask"],"potions_floor_usage":[11,16,16,21,24,47],"damage_taken":[{"damage":7.0,"enemies":"Jaw Worm","floor":1.0,"turns":4.0},{"damage":4.0,"enemies":"Small Slimes","floor":2.0,"turns":3.0},{"damage":9.0,"enemies":"2 Louse","floor":7.0,"turns":4.0},{"damage":12.0,"enemies":"Lagavulin","floor":8.0,"turns":6.0},{"damage":30,"enemies":"3 Sentries","floor":11,"turns":9},{"damage":8,"enemies":"Gremlin Nob","floor":12,"turns":3},{"damage":16,"enemies":"The Guardian","floor":16,"turns":9},{"damage":19,"enemies":"Shell Parasite","floor":18,"turns":3},{"damage":0,"enemies":"Chosen","floor":21,"turns":3},{"damage":2,"enemies":"Gremlin Leader","floor":24,"turns":4},{"damage":14,"enemies":"Snecko","floor":25,"turns":4},{"damage":39,"enemies":"Book of Stabbing","floor":28,"turns":5},{"damage":9,"enemies":"Cultist and Chosen","floor":31,"turns":5},{"damage":43,"enemies":"Automaton","floor":33,"turns":6},{"damage":19,"enemies":"3 Darklings","floor":35,"turns":4},{"damage":17,"enemies":"Mind Bloom Boss Battle","floor":38,"turns":3},{"damage":0,"enemies":"Giant Head","floor":40,"turns":4},{"damage":7,"enemies":"Orb Walker","floor":46,"turns":3},{"damage":12,"enemies":"Jaw Worm Horde","floor":47,"turns":3},{"damage":8,"enemies":"Writhing Mass","floor":48,"turns":4},{"damage":61,"enemies":"Donu and Deca","floor":50,"turns":6},{"damage":33,"enemies":"Time Eater","floor":51,"turns":2}],"seed_played":"506539570945428676","potions_obtained":[{"floor":2.0,"key":"FearPotion"},{"floor":8.0,"key":"LiquidBronze"},{"floor":11,"key":"EssenceOfSteel"},{"floor":12,"key":"BloodPotion"},{"floor":16,"key":"Energy Potion"},{"floor":18,"key":"SneckoOil"},{"floor":28,"key":"GamblersBrew"},{"floor":33,"key":"SkillPotion"}],"is_trial":false,"path_per_floor":["M","M","?","?","$","R","M","E","T","R","E","?","?","$","R","B",null,"M","?","$","M","?","R","E","M","T","?","E","?","R","M","R","B",null,"M","?","?","?","?","E","R","$","T","?","R","M","M","M","R","B","B"],"character_chosen":"IRONCLAD","items_purchased":["Armaments","War Paint","Inflame","Self Forming Clay"],"campfire_rested":7,"item_purchase_floors":[5,14,20,42],"current_hp_per_floor":[67,69,43,43,43,43,40,34,34,56,32,30,35,35,35,33,68,55,55,55,61,61,80,80,72,72,72,39,39,63,60,80,43,71,58,58,58,47,47,53,77,77,77,77,80,79,73,71,80,25,0],"gold":39,"neow_bonus":"THREE_CARDS","is_prod":false,"is_daily":false,"chose_seed":false,"campfire_upgraded":2,"win_rate":0,"timestamp":1553201901,"path_taken":["M","M","?","?","$","R","M","E","T","R","E","?","?","$","R","BOSS","M","?","$","M","?","R","E","M","T","?","E","?","R","M","R","BOSS","M","?","?","?","?","E","R","$","T","?","R","M","M","M","R","BOSS","BOSS"],"build_version":"2019-01-23","purchased_purges":1,"victory":false,"max_hp_per_floor":[75,75,75,75,75,75,75,75,75,75,75,75,80,80,80,80,80,80,80,80,80,80,80,80,80,80,80,80,80,80,80,80,80,80,80,80,80,80,80,80,80,80,80,80,80,80,80,80,80,80,80],"card_choices":[{"not_picked":["Hemokinesis","Second Wind"],"picked":"Inflame","floor":0.0},{"not_picked":["Warcry","Seeing Red"],"picked":"Clothesline","floor":1.0},{"not_picked":["Twin Strike","Infernal Blade"],"picked":"Reckless Charge","floor":2.0},{"not_picked":["Perfected Strike","Sentinel","Entrench"],"picked":"SKIP","floor":7.0},{"not_picked":["Ghostly Armor","Juggernaut"],"picked":"Demon Form","floor":8.0},{"not_picked":["Pommel Strike","Twin Strike","Body Slam"],"picked":"SKIP","floor":11},{"not_picked":["Pommel Strike","Body Slam"],"picked":"Twin Strike","floor":11},{"not_picked":["Perfected Strike","Second Wind"],"picked":"Cleave","floor":12},{"not_picked":["Juggernaut","Immolate"],"picked":"Limit Break","floor":16},{"not_picked":["Warcry","Body Slam"],"picked":"Metallicize","floor":18},{"not_picked":["Clothesline","Headbutt","Wild Strike"],"picked":"SKIP","floor":21},{"not_picked":["Anger","Thunderclap","Havoc+1"],"picked":"SKIP","floor":24},{"not_picked":["Sentinel","Reckless Charge"],"picked":"Shockwave","floor":25},{"not_picked":["Entrench","Flex","Iron Wave"],"picked":"SKIP","floor":28},{"not_picked":["Iron Wave","Headbutt"],"picked":"Heavy Blade","floor":31},{"not_picked":["Impervious","Dark Embrace"],"picked":"Double Tap","floor":33},{"not_picked":["Wild Strike","Intimidate+1","Dual Wield"],"picked":"SKIP","floor":35},{"not_picked":["Sword Boomerang","Anger"],"picked":"Shrug It Off+1","floor":40},{"not_picked":["Anger","Twin Strike"],"picked":"Spot Weakness","floor":45},{"not_picked":["Anger+1","Iron Wave+1","Wild Strike"],"picked":"SKIP","floor":46},{"not_picked":["Battle Trance","Reckless Charge","Body Slam+1"],"picked":"SKIP","floor":47},{"not_picked":["Searing Blow","Cleave+1","Warcry+1"],"picked":"SKIP","floor":48},{"not_picked":["Iron Wave","Thunderclap"],"picked":"Flame Barrier","floor":49}],"player_experience":562039,"relics_obtained":[{"floor":8.0,"key":"Bottled Tornado"},{"floor":9.0,"key":"Happy Flower"},{"floor":11,"key":"Centennial Puzzle"},{"floor":12,"key":"PreservedInsect"},{"floor":24,"key":"Orichalcum"},{"floor":26,"key":"Art of War"},{"floor":28,"key":"Bag of Marbles"},{"floor":36,"key":"Bronze Scales"},{"floor":38,"key":"Torii"},{"floor":40,"key":"Smiling Mask"},{"floor":43,"key":"Dream Catcher"}],"event_choices":[{"damage_healed":0.0,"max_hp_gain":0.0,"max_hp_loss":0.0,"gold_gain":0.0,"event_name":"Scrap Ooze","player_choice":"Success","floor":3.0,"gold_loss":0.0,"damage_taken":26.0,"relics_obtained":["Juzu Bracelet"]},{"damage_healed":0.0,"max_hp_gain":0.0,"max_hp_loss":0.0,"gold_gain":0.0,"event_name":"Living Wall","player_choice":"Grow","floor":4.0,"gold_loss":0.0,"damage_taken":0.0,"cards_upgraded":["Inflame"]},{"damage_healed":0,"gold_gain":30,"player_choice":"Searched \u00272\u0027 times","damage_taken":0,"max_hp_gain":0,"max_hp_loss":0,"event_name":"Dead Adventurer","floor":12,"gold_loss":0},{"damage_healed":0,"gold_gain":0,"player_choice":"Donut","damage_taken":0,"max_hp_gain":5,"max_hp_loss":0,"event_name":"Big Fish","floor":13,"gold_loss":0},{"damage_healed":0,"gold_gain":0,"player_choice":"Copied","damage_taken":0,"max_hp_gain":0,"max_hp_loss":0,"event_name":"Duplicator","floor":19,"gold_loss":0,"cards_obtained":["Demon Form"]},{"damage_healed":0,"gold_gain":50,"player_choice":"Pray","damage_taken":0,"max_hp_gain":0,"max_hp_loss":0,"event_name":"Golden Shrine","floor":27,"gold_loss":0},{"cards_removed":["Strike_R"],"damage_healed":0,"gold_gain":0,"player_choice":"Gave Gold","damage_taken":0,"max_hp_gain":0,"max_hp_loss":0,"event_name":"Beggar","floor":29,"gold_loss":75},{"damage_healed":0,"gold_gain":0,"player_choice":"Relic","damage_taken":0,"max_hp_gain":0,"max_hp_loss":0,"event_name":"Wheel of Change","floor":36,"gold_loss":0},{"cards_removed":["Metallicize"],"damage_healed":0,"gold_gain":0,"player_choice":"Removed Power","damage_taken":0,"max_hp_gain":0,"max_hp_loss":0,"event_name":"Falling","floor":37,"gold_loss":0},{"damage_healed":0,"gold_gain":0,"player_choice":"Fight","damage_taken":0,"max_hp_gain":0,"max_hp_loss":0,"event_name":"MindBloom","floor":38,"gold_loss":0},{"damage_healed":0,"gold_gain":0,"player_choice":"Memory 1","damage_taken":0,"max_hp_gain":0,"max_hp_loss":0,"event_name":"SensoryStone","floor":39,"gold_loss":0},{"damage_healed":0,"gold_gain":0,"player_choice":"Paid","damage_taken":0,"relics_obtained":["Red Mask"],"max_hp_gain":0,"max_hp_loss":0,"event_name":"Tomb of Lord Red Mask","floor":44,"gold_loss":62}],"is_beta":false,"boss_relics":[{"not_picked":["Pandora\u0027s Box","Mark of Pain"],"picked":"Fusion Hammer"},{"not_picked":["Eternal Feather","Orrery"],"picked":"Snecko Eye"}],"items_purged_floors":[14],"is_endless":false,"potions_floor_spawned":[2,8,11,12,16,18,28,33,38,40],"killed_by":"Time Eater","ascension_level":20}