{"gold_per_floor":[115,115,128,128,53,53,81,6,30,94,106,132,151,163,163,263,263,278,290,324,343,343,343],"floor_reached":23,"playtime":1138,"items_purged":["Strike_B"],"score":328,"play_id":"d000f833-40c1-466d-bd83-69131097107d","local_time":"20190304012233","is_ascension_mode":true,"campfire_choices":[{"data":"Sweeping Beam","floor":6.0,"key":"SMITH"},{"data":"Loop","floor":15,"key":"SMITH"}],"neow_cost":"NONE","seed_source_timestamp":0,"circlet_count":0,"master_deck":["Defend_B+1","Defend_B","Defend_B","Defend_B","Zap+1","Dualcast+1","Sweeping Beam+1","Sunder","Streamline","Sweeping Beam","FTL","Loop+1","Electrodynamics","Conserve Battery","Fission","Lockon+1","Amplify+1","All For One+1","Ball Lightning+1","Hologram+1","Steam"],"special_seed":0,"relics":["Cracked Core","NeowsBlessing","Symbiotic Virus","War Paint","Blue Candle","PreservedInsect","Astrolabe","Red Mask","Letter Opener"],"potions_floor_usage":[14,16,20],"damage_taken":[{"damage":0.0,"enemies":"2 Louse","floor":1.0,"turns":1.0},{"damage":0.0,"enemies":"Jaw Worm","floor":3.0,"turns":1.0},{"damage":0.0,"enemies":"Gremlin Nob","floor":7.0,"turns":1.0},{"damage":15.0,"enemies":"3 Sentries","floor":10.0,"turns":5.0},{"damage":0.0,"enemies":"Small Slimes","floor":11.0,"turns":2.0},{"damage":10.0,"enemies":"Lagavulin","floor":12.0,"turns":5.0},{"damage":0.0,"enemies":"Exordium Wildlife","floor":13.0,"turns":3.0},{"damage":0,"enemies":"Exordium Thugs","floor":14,"turns":2},{"damage":33,"enemies":"The Guardian","floor":16,"turns":8},{"damage":15,"enemies":"2 Thieves","floor":18,"turns":4},{"damage":19,"enemies":"Spheric Guardian","floor":19,"turns":4},{"damage":21,"enemies":"Masked Bandits","floor":20,"turns":3},{"damage":7,"enemies":"Snake Plant","floor":21,"turns":3},{"damage":2,"enemies":"Book of Stabbing","floor":23,"turns":2}],"seed_played":"5326900490012435787","potions_obtained":[{"floor":1.0,"key":"Energy Potion"},{"floor":11.0,"key":"FocusPotion"},{"floor":13.0,"key":"Fire Potion"},{"floor":16,"key":"Strength Potion"},{"floor":19,"key":"PowerPotion"},{"floor":20,"key":"FearPotion"},{"floor":21,"key":"Fire Potion"}],"is_trial":false,"path_per_floor":["M","?","M","?","$","R","E","$","T","?","M","E","M","M","R","B",null,"M","M","?","M","T","E"],"character_chosen":"DEFECT","items_purchased":["Sunder"],"campfire_rested":0,"item_purchase_floors":[5],"current_hp_per_floor":[68,73,73,73,73,73,73,73,73,58,58,48,48,48,48,15,64,49,30,9,2,2,0],"gold":343,"neow_bonus":"THREE_ENEMY_KILL","is_prod":false,"is_daily":false,"chose_seed":false,"campfire_upgraded":2,"win_rate":0,"timestamp":1551680553,"path_taken":["M","?","M","?","$","R","E","?","T","?","M","E","?","M","R","BOSS","M","M","?","M","?","E"],"build_version":"2019-01-23","purchased_purges":1,"victory":false,"max_hp_per_floor":[75,80,80,80,80,80,80,80,80,80,80,80,80,80,80,80,80,80,80,80,80,80,80],"card_choices":[{"not_picked":["Skim","Redo","Chaos"],"picked":"SKIP","floor":1.0},{"not_picked":["Turbo","Heatsinks"],"picked":"Sweeping Beam","floor":3.0},{"not_picked":["Turbo","Leap"],"picked":"Streamline","floor":7.0},{"not_picked":["Chaos","Lockon"],"picked":"Sweeping Beam","floor":10.0},{"not_picked":["Force Field","Compile Driver"],"picked":"FTL","floor":11.0},{"not_picked":["Lockon","Blizzard"],"picked":"Loop","floor":12.0},{"not_picked":["Coolheaded","Conserve Battery"],"picked":"Electrodynamics","floor":13.0},{"not_picked":["Steam","Compile Driver"],"picked":"Conserve Battery","floor":14},{"not_picked":["Multi-Cast","Amplify"],"picked":"Fission","floor":16},{"not_picked":["Go for the Eyes","Melter"],"picked":"Ball Lightning+1","floor":18},{"not_picked":["Sunder","Consume+1"],"picked":"Hologram+1","floor":19},{"not_picked":["Streamline","Sunder"],"picked":"Steam","floor":20},{"not_picked":["Chaos","Compile Driver","Sweeping Beam"],"picked":"SKIP","floor":21}],"player_experience":1708634,"relics_obtained":[{"floor":7.0,"key":"Symbiotic Virus"},{"floor":9.0,"key":"War Paint"},{"floor":10.0,"key":"Blue Candle"},{"floor":12.0,"key":"PreservedInsect"},{"floor":20,"key":"Red Mask"},{"floor":22,"key":"Letter Opener"}],"event_choices":[{"damage_healed":0.0,"max_hp_gain":5.0,"max_hp_loss":0.0,"gold_gain":0.0,"event_name":"Big Fish","player_choice":"Donut","floor":2.0,"gold_loss":0.0,"damage_taken":0.0},{"damage_healed":0.0,"max_hp_gain":0.0,"max_hp_loss":0.0,"gold_gain":0.0,"event_name":"Living Wall","player_choice":"Grow","floor":4.0,"gold_loss":0.0,"damage_taken":0.0,"cards_upgraded":["Zap"]},{"damage_healed":0.0,"max_hp_gain":0.0,"max_hp_loss":0.0,"gold_gain":0.0,"event_name":"Dead Adventurer","player_choice":"Searched \u00271\u0027 times","floor":10.0,"gold_loss":0.0,"damage_taken":0.0},{"damage_healed":0,"gold_gain":0,"player_choice":"Fought Bandits","damage_taken":0,"max_hp_gain":0,"max_hp_loss":0,"event_name":"Masked Bandits","floor":20,"gold_loss":0}],"is_beta":false,"boss_relics":[{"not_picked":["Busted Crown","Black Star"],"picked":"Astrolabe"}],"items_purged_floors":[8],"is_endless":false,"potions_floor_spawned":[1,11,13,16,19,20,21],"killed_by":"Book of Stabbing","ascension_level":9}