{"gold_per_floor":[118,132,142,159,159,159,186,186,240,200,211,211,211,255,255,350,350,375,395,48,48,48,48,48],"floor_reached":24,"playtime":898,"items_purged":[],"score":408,"play_id":"423dda9c-2b16-4bd7-a6f5-0850dcd11031","local_time":"20190312133510","is_ascension_mode":true,"campfire_choices":[{"data":"Noxious Fumes","floor":6.0,"key":"SMITH"},{"floor":8.0,"key":"REST"},{"floor":12.0,"key":"REST"},{"floor":15.0,"key":"REST"},{"data":"Apotheosis","floor":23.0,"key":"SMITH"}],"neow_cost":"NONE","seed_source_timestamp":503797510135423,"circlet_count":0,"master_deck":["AscendersBane","Defend_G","Defend_G","Defend_G","Defend_G","Defend_G","Strike_G","Strike_G","Strike_G","Strike_G","Strike_G","Survivor","Neutralize+1","Noxious Fumes+1","PiercingWail","Deflect","Dodge and Roll","Noxious Fumes","Blur","Catalyst","Corpse Explosion","Crippling Poison","Deadly Poison","Blur","Footwork","Apotheosis+1"],"special_seed":0,"relics":["Ring of the Snake","Pen Nib","Oddly Smooth Stone","Tiny Chest","Golden Idol","Juzu Bracelet","Orrery","Happy Flower"],"potions_floor_usage":[],"damage_taken":[{"damage":1.0,"enemies":"2 Louse","floor":1.0,"turns":4.0},{"damage":5.0,"enemies":"Jaw Worm","floor":2.0,"turns":6.0},{"damage":1.0,"enemies":"Cultist","floor":3.0,"turns":5.0},{"damage":6.0,"enemies":"Exordium Wildlife","floor":4.0,"turns":5.0},{"damage":26.0,"enemies":"Lagavulin","floor":7.0,"turns":10.0},{"damage":0.0,"enemies":"Looter","floor":10.0,"turns":4.0},{"damage":10.0,"enemies":"Exordium Thugs","floor":11.0,"turns":7.0},{"damage":2.0,"enemies":"3 Sentries","floor":14.0,"turns":6.0},{"damage":33.0,"enemies":"The Guardian","floor":16.0,"turns":12.0},{"damage":6.0,"enemies":"3 Byrds","floor":18.0,"turns":3.0},{"damage":2.0,"enemies":"Chosen","floor":19.0,"turns":5.0},{"damage":6.0,"enemies":"Colosseum Slavers","floor":22.0,"turns":4.0},{"damage":42,"enemies":"Slavers","floor":24,"turns":3}],"seed_played":"-6078622166725356306","potions_obtained":[{"floor":3.0,"key":"GhostInAJar"},{"floor":4.0,"key":"Energy Potion"},{"floor":11.0,"key":"Strength Potion"},{"floor":14.0,"key":"Energy Potion"},{"floor":16.0,"key":"Explosive Potion"},{"floor":19.0,"key":"Swift Potion"}],"is_trial":false,"path_per_floor":["M","M","M","M","?","R","E","R","T","M","M","R","?","E","R","B",null,"M","M","$","?","?","R","E"],"character_chosen":"THE_SILENT","items_purchased":["Apotheosis","Happy Flower"],"campfire_rested":3,"item_purchase_floors":[20,20],"current_hp_per_floor":[58,53,52,46,28,28,2,21,21,21,11,30,30,28,46,13,48,42,40,40,40,34,34,0],"gold":48,"neow_bonus":"UPGRADE_CARD","is_prod":false,"is_daily":false,"chose_seed":false,"campfire_upgraded":2,"win_rate":0,"timestamp":1552394110,"path_taken":["M","M","M","M","?","R","E","R","T","M","M","R","?","E","R","BOSS","M","M","$","?","?","R","E"],"build_version":"2019-01-23","purchased_purges":0,"victory":false,"max_hp_per_floor":[66,66,66,66,66,66,66,66,66,66,66,66,60,60,60,60,60,60,60,60,60,60,60,60],"card_choices":[{"not_picked":["Deadly Poison","Finisher"],"picked":"Noxious Fumes","floor":1.0},{"not_picked":["Outmaneuver","Backflip"],"picked":"PiercingWail","floor":2.0},{"not_picked":["Heel Hook","Infinite Blades","Sucker Punch"],"picked":"SKIP","floor":3.0},{"not_picked":["Sucker Punch","Heel Hook"],"picked":"Deflect","floor":4.0},{"not_picked":["Accuracy","Riddle With Holes"],"picked":"Dodge and Roll","floor":7.0},{"not_picked":["PiercingWail","Flying Knee"],"picked":"Noxious Fumes","floor":10.0},{"not_picked":["Dodge and Roll","Acrobatics"],"picked":"Blur","floor":11.0},{"not_picked":["Deadly Poison","Deflect"],"picked":"Catalyst","floor":14.0},{"not_picked":["Doppelganger","A Thousand Cuts"],"picked":"Corpse Explosion","floor":16.0},{"not_picked":["Grand Finale","Dagger Spray"],"picked":"Crippling Poison","floor":17.0},{"not_picked":["Quick Slash","Reflex"],"picked":"Deadly Poison","floor":17.0},{"not_picked":["Dagger Throw+1","Quick Slash"],"picked":"Blur","floor":18.0},{"not_picked":["Deflect","Slice"],"picked":"Footwork","floor":19.0}],"player_experience":981452,"relics_obtained":[{"floor":7.0,"key":"Oddly Smooth Stone"},{"floor":9.0,"key":"Tiny Chest"},{"floor":14.0,"key":"Juzu Bracelet"}],"event_choices":[{"damage_healed":0.0,"max_hp_gain":0.0,"max_hp_loss":0.0,"gold_gain":0.0,"event_name":"Scrap Ooze","player_choice":"Success","floor":5.0,"gold_loss":0.0,"damage_taken":18.0,"relics_obtained":["Pen Nib"]},{"damage_healed":0.0,"max_hp_gain":0.0,"max_hp_loss":6.0,"gold_gain":0.0,"event_name":"Golden Idol","player_choice":"Lose Max HP","floor":13.0,"gold_loss":0.0,"damage_taken":0.0,"relics_obtained":["Golden Idol"]},{"damage_healed":0.0,"max_hp_gain":0.0,"max_hp_loss":0.0,"gold_gain":0.0,"event_name":"Colosseum","player_choice":"Fight","floor":22.0,"gold_loss":0.0,"damage_taken":0.0},{"damage_healed":0.0,"max_hp_gain":0.0,"max_hp_loss":0.0,"gold_gain":0.0,"event_name":"Colosseum","player_choice":"Fled From Nobs","floor":22.0,"gold_loss":0.0,"damage_taken":0.0}],"is_beta":false,"boss_relics":[{"not_picked":["White Beast Statue","Calling Bell"],"picked":"Orrery"}],"items_purged_floors":[],"is_endless":false,"potions_floor_spawned":[3,4,11,14,16,19],"killed_by":"Slavers","ascension_level":20}