{"gold_per_floor":[115,115,131,147,147,147,163,163,163,163,178,62,62,7,7,83,83,103,53,53,65,65,65,94,94,94,9,9,9,109,125,125,125],"floor_reached":33,"playtime":699,"items_purged":["Strike_R"],"score":502,"play_id":"c510aa43-9860-440a-ae88-cc6a332ff534","local_time":"20190215092604","is_ascension_mode":true,"campfire_choices":[{"data":"Armaments","floor":6.0,"key":"SMITH"},{"floor":8.0,"key":"REST"},{"data":"Wild Strike","floor":10.0,"key":"SMITH"},{"data":"Inflame","floor":13.0,"key":"SMITH"},{"floor":15.0,"key":"REST"},{"floor":23.0,"key":"REST"},{"floor":25.0,"key":"REST"},{"floor":28.0,"key":"REST"},{"floor":32,"key":"REST"}],"neow_cost":"NONE","seed_source_timestamp":145350604337215,"circlet_count":0,"master_deck":["AscendersBane","Strike_R+1","Strike_R","Strike_R+1","Strike_R","Defend_R","Defend_R","Defend_R","Defend_R","Bash","Wild Strike+1","Armaments+1","Cleave","Inflame+1","True Grit+1","Impervious+1","True Grit+1","Disarm+1","Ghostly Armor+1"],"special_seed":0,"relics":["Burning Blood","Happy Flower","Toxic Egg 2","Fusion Hammer","MutagenicStrength","Ice Cream","Shuriken","Vajra","Peace Pipe","Self Forming Clay"],"potions_floor_usage":[33],"damage_taken":[{"damage":7.0,"enemies":"Cultist","floor":1.0,"turns":4.0},{"damage":4.0,"enemies":"Jaw Worm","floor":3.0,"turns":3.0},{"damage":15.0,"enemies":"Small Slimes","floor":4.0,"turns":3.0},{"damage":12.0,"enemies":"2 Fungi Beasts","floor":7.0,"turns":4.0},{"damage":11.0,"enemies":"Looter","floor":11.0,"turns":2.0},{"damage":33.0,"enemies":"Slime Boss","floor":16.0,"turns":7.0},{"damage":18.0,"enemies":"2 Thieves","floor":18.0,"turns":4.0},{"damage":11.0,"enemies":"Chosen","floor":21.0,"turns":5.0},{"damage":42.0,"enemies":"Gremlin Leader","floor":24.0,"turns":8.0},{"damage":17,"enemies":"Colosseum Slavers","floor":30,"turns":4},{"damage":54,"enemies":"Colosseum Nobs","floor":30,"turns":6},{"damage":4,"enemies":"Snake Plant","floor":31,"turns":5},{"damage":41,"enemies":"Collector","floor":33,"turns":7}],"seed_played":"7988918206298652515","potions_obtained":[{"floor":4.0,"key":"AttackPotion"},{"floor":7.0,"key":"Block Potion"},{"floor":16.0,"key":"GamblersBrew"},{"floor":31,"key":"EssenceOfSteel"}],"is_trial":false,"path_per_floor":["M","?","M","M","?","R","M","R","T","R","M","$","R","$","R","B",null,"M","$","?","M","$","R","E","R","T","?","R","$","?","M","R","B"],"character_chosen":"IRONCLAD","items_purchased":["Inflame","True Grit+1","True Grit+1"],"campfire_rested":6,"item_purchase_floors":[12,14,19],"current_hp_per_floor":[67,44,46,37,37,37,31,53,53,53,48,48,48,48,70,43,67,55,55,55,50,50,72,36,58,58,58,75,75,16,18,40,0],"gold":125,"neow_bonus":"RANDOM_COMMON_RELIC","is_prod":false,"is_daily":false,"chose_seed":false,"campfire_upgraded":3,"win_rate":0,"timestamp":1550222764,"path_taken":["M","?","M","M","?","R","M","R","T","R","M","$","R","?","R","BOSS","M","?","?","M","$","R","E","R","T","?","R","$","?","M","R","BOSS"],"build_version":"2019-01-23","purchased_purges":1,"victory":false,"max_hp_per_floor":[75,75,75,75,75,75,75,75,75,75,75,75,75,75,75,75,75,75,75,75,75,75,75,75,75,75,75,75,75,75,75,75,75],"card_choices":[{"not_picked":["Ghostly Armor","Hemokinesis"],"picked":"Wild Strike","floor":1.0},{"not_picked":["Fire Breathing","Perfected Strike","Havoc"],"picked":"SKIP","floor":3.0},{"not_picked":["Iron Wave","Wild Strike"],"picked":"Armaments","floor":4.0},{"not_picked":["Heavy Blade","Perfected Strike","Clash"],"picked":"SKIP","floor":7.0},{"not_picked":["Combust","Warcry+1"],"picked":"Cleave","floor":11.0},{"not_picked":["Double Tap+1","Dark Embrace"],"picked":"Impervious+1","floor":16.0},{"not_picked":["Second Wind+1","Headbutt","Twin Strike"],"picked":"SKIP","floor":18.0},{"not_picked":["Second Wind+1","Headbutt","Twin Strike"],"picked":"SKIP","floor":18.0},{"not_picked":["Headbutt","Wild Strike","Perfected Strike"],"picked":"SKIP","floor":21.0},{"not_picked":["Second Wind+1","Infernal Blade+1","Havoc+1"],"picked":"SKIP","floor":24.0},{"not_picked":["Perfected Strike","Pommel Strike"],"picked":"Disarm+1","floor":30},{"not_picked":["Twin Strike","Double Tap+1"],"picked":"Ghostly Armor+1","floor":31}],"player_experience":530041,"relics_obtained":[{"floor":9.0,"key":"Toxic Egg 2"},{"floor":24.0,"key":"Ice Cream"},{"floor":26.0,"key":"Shuriken"},{"floor":30,"key":"Peace Pipe"},{"floor":30,"key":"Self Forming Clay"}],"event_choices":[{"damage_healed":0.0,"max_hp_gain":0.0,"max_hp_loss":0.0,"gold_gain":0.0,"event_name":"Shining Light","player_choice":"Entered Light","floor":2.0,"gold_loss":0.0,"damage_taken":23.0,"cards_upgraded":["Strike_R","Strike_R"]},{"damage_healed":0.0,"max_hp_gain":0.0,"max_hp_loss":0.0,"gold_gain":0.0,"event_name":"Liars Game","player_choice":"Ignored","floor":5.0,"gold_loss":0.0,"damage_taken":0.0},{"damage_healed":0.0,"max_hp_gain":0.0,"max_hp_loss":0.0,"gold_gain":0.0,"event_name":"Drug Dealer","player_choice":"Inject Mutagens","floor":20.0,"gold_loss":0.0,"damage_taken":0.0,"relics_obtained":["MutagenicStrength"]},{"damage_healed":0.0,"max_hp_gain":0.0,"max_hp_loss":0.0,"gold_gain":0.0,"event_name":"Addict","player_choice":"Obtained Relic","floor":27.0,"gold_loss":85.0,"damage_taken":0.0,"relics_obtained":["Vajra"]},{"damage_healed":0,"gold_gain":0,"player_choice":"Fight","damage_taken":0,"max_hp_gain":0,"max_hp_loss":0,"event_name":"Colosseum","floor":30,"gold_loss":0},{"damage_healed":0,"gold_gain":0,"player_choice":"Fought Nobs","damage_taken":0,"max_hp_gain":0,"max_hp_loss":0,"event_name":"Colosseum","floor":30,"gold_loss":0}],"is_beta":false,"boss_relics":[{"not_picked":["Astrolabe","Philosopher\u0027s Stone"],"picked":"Fusion Hammer"}],"items_purged_floors":[12],"is_endless":false,"potions_floor_spawned":[4,7,11,16,21,31],"killed_by":"Collector","ascension_level":20}