{"gold_per_floor":[110,123,123,134,149,149,175,195,195,160,176,176,194,214,214,289,289,304,2,17,17],"floor_reached":21,"playtime":1393,"items_purged":[],"score":435,"play_id":"5e703abd-15ab-4bdc-a3ea-52d9bae9a73c","local_time":"20190317194405","is_ascension_mode":true,"campfire_choices":[{"data":"Neutralize","floor":6,"key":"SMITH"},{"data":"Prepared","floor":12,"key":"SMITH"},{"data":"Malaise","floor":15,"key":"SMITH"}],"neow_cost":"NONE","seed_source_timestamp":437919103104176,"circlet_count":0,"master_deck":["AscendersBane","Defend_G","Defend_G","Defend_G","Defend_G","Defend_G","Strike_G","Strike_G","Strike_G","Strike_G+1","Strike_G","Survivor","Neutralize+1","Dagger Spray+1","Malaise+1","Underhanded Strike","Adrenaline","Riddle With Holes","Prepared+1","Venomology","Flying Knee","Wraith Form v2","Deadly Poison","Predator"],"relics":["Ring of the Snake","GremlinMask","Whetstone","Pear","HoveringKite","Sling"],"potions_floor_usage":[7,16,16,20,20,21,21,21],"damage_taken":[{"damage":0,"enemies":"Jaw Worm","floor":1,"turns":6},{"damage":1,"enemies":"Cultist","floor":2,"turns":4},{"damage":2,"enemies":"Small Slimes","floor":4,"turns":6},{"damage":11,"enemies":"Blue Slaver","floor":5,"turns":6},{"damage":28,"enemies":"Lagavulin","floor":7,"turns":13},{"damage":0,"enemies":"Exordium Wildlife","floor":8,"turns":2},{"damage":4,"enemies":"Looter","floor":11,"turns":4},{"damage":12,"enemies":"Large Slime","floor":13,"turns":6},{"damage":0,"enemies":"Blue Slaver","floor":14,"turns":5},{"damage":0,"enemies":"Hexaghost","floor":16,"turns":8},{"damage":34,"enemies":"Chosen","floor":18,"turns":6},{"damage":4,"enemies":"3 Byrds","floor":20,"turns":6},{"damage":51,"enemies":"Cultist and Chosen","floor":21,"turns":8}],"seed_played":"6894962852887142326","potions_obtained":[{"floor":0,"key":"LiquidBronze"},{"floor":0,"key":"Poison Potion"},{"floor":7,"key":"Ancient Potion"},{"floor":11,"key":"SteroidPotion"},{"floor":20,"key":"AttackPotion"}],"is_trial":false,"path_per_floor":["M","M","?","M","M","R","E","M","T","?","M","R","M","M","R","B",null,"M","$","M","M"],"character_chosen":"THE_SILENT","items_purchased":["Sling","Predator"],"campfire_rested":0,"item_purchase_floors":[19,19],"current_hp_per_floor":[59,58,58,56,45,45,17,17,27,46,42,42,30,30,30,30,65,31,31,41,0],"gold":17,"neow_bonus":"THREE_SMALL_POTIONS","is_prod":false,"is_daily":false,"chose_seed":false,"campfire_upgraded":3,"win_rate":0,"timestamp":1552866245,"path_taken":["M","M","?","M","?","R","E","M","T","?","M","R","M","M","R","BOSS","M","$","M","M"],"build_version":"2019-01-23","purchased_purges":0,"victory":false,"max_hp_per_floor":[66,66,66,66,66,66,66,66,76,76,76,76,76,76,76,76,76,76,76,76,76],"card_choices":[{"not_picked":["Dagger Throw","Outmaneuver"],"picked":"Dagger Spray","floor":1},{"not_picked":["Dagger Spray","Dagger Throw"],"picked":"Malaise","floor":2},{"not_picked":["Finisher","Cloak And Dagger"],"picked":"Underhanded Strike","floor":4},{"not_picked":["Underhanded Strike","Expertise","Dodge and Roll"],"picked":"SKIP","floor":5},{"not_picked":["Poisoned Stab","All Out Attack"],"picked":"Adrenaline","floor":7},{"not_picked":["Underhanded Strike","Backflip"],"picked":"Riddle With Holes","floor":8},{"not_picked":["Deflect","Deadly Poison"],"picked":"Prepared","floor":11},{"not_picked":["Deflect","Finisher"],"picked":"Venomology","floor":13},{"not_picked":["Choke","Blade Dance"],"picked":"Flying Knee","floor":14},{"not_picked":["Venomology","After Image"],"picked":"Wraith Form v2","floor":16},{"not_picked":["Dodge and Roll","Distraction+1"],"picked":"Deadly Poison","floor":18},{"not_picked":["Setup","Cloak And Dagger","Bane"],"picked":"SKIP","floor":20}],"player_experience":574650,"relics_obtained":[{"floor":7,"key":"Whetstone"},{"floor":9,"key":"Pear"}],"event_choices":[{"damage_healed":0,"gold_gain":0,"player_choice":"Trade","damage_taken":0,"relics_obtained":["GremlinMask"],"max_hp_gain":0,"max_hp_loss":0,"event_name":"FaceTrader","floor":3,"gold_loss":0},{"damage_healed":19,"gold_gain":0,"player_choice":"Healed","damage_taken":0,"max_hp_gain":0,"max_hp_loss":0,"event_name":"The Cleric","floor":10,"gold_loss":35}],"is_beta":false,"boss_relics":[{"not_picked":["Pandora\u0027s Box","Black Star"],"picked":"HoveringKite"}],"items_purged_floors":[],"is_endless":false,"potions_floor_spawned":[4,7,8,11,20],"killed_by":"Cultist and Chosen","ascension_level":17}