{"gold_per_floor":[109,109,124,124,124,124,155,41,341,353,353,368,368,378,378,450,450,409,30,47,47,47,75,125,144,213,213,26,26,26,26,26,105,105,120,120,145,125,125,140,140,140,140,140,103,103,22,22,22,22],"floor_reached":50,"playtime":1389,"items_purged":["Defend_G"],"score":975,"play_id":"66e0bc4d-0d74-4d2d-aa67-7aa9f70fb13a","local_time":"20190314235543","is_ascension_mode":true,"campfire_choices":[{"data":"Neutralize","floor":6.0,"key":"SMITH"},{"data":"Noxious Fumes","floor":11.0,"key":"SMITH"},{"data":"Leg Sweep","floor":13.0,"key":"SMITH"},{"floor":15.0,"key":"REST"},{"floor":29,"key":"REST"},{"floor":32,"key":"REST"},{"data":"1","floor":41,"key":"LIFT"},{"data":"2","floor":46,"key":"LIFT"},{"floor":49,"key":"REST"}],"neow_cost":"NONE","seed_source_timestamp":87855429257853,"circlet_count":0,"master_deck":["AscendersBane","Defend_G","Defend_G","Defend_G","Defend_G","Strike_G","Strike_G","Strike_G","Survivor","Neutralize+1","Blade Dance","Blur","All Out Attack","Noxious Fumes+1","Leg Sweep+1","Infinite Blades","Well Laid Plans","Accuracy","Infinite Blades","Cloak And Dagger","The Bomb","PiercingWail","Blade Dance+1","Terror","Adrenaline","Crippling Poison","Discovery","Cloak And Dagger","Infinite Blades"],"special_seed":0,"relics":["Ring of the Snake","Ornamental Fan","Old Coin","Fusion Hammer","Nloth\u0027s Gift","Juzu Bracelet","Meat on the Bone","Girya","Enchiridion","WristBlade","Ancient Tea Set","Pear"],"potions_floor_usage":[23,27,33,33,50,50],"damage_taken":[{"damage":0.0,"enemies":"Small Slimes","floor":1.0,"turns":1.0},{"damage":0.0,"enemies":"2 Louse","floor":3.0,"turns":1.0},{"damage":0.0,"enemies":"Lagavulin","floor":7.0,"turns":1.0},{"damage":2.0,"enemies":"Jaw Worm","floor":10.0,"turns":4.0},{"damage":26.0,"enemies":"Exordium Thugs","floor":12.0,"turns":5.0},{"damage":0.0,"enemies":"3 Louse","floor":14.0,"turns":3.0},{"damage":11.0,"enemies":"Hexaghost","floor":16.0,"turns":11.0},{"damage":20,"enemies":"2 Thieves","floor":18,"turns":5},{"damage":2,"enemies":"3 Byrds","floor":20,"turns":3},{"damage":1,"enemies":"Gremlin Leader","floor":23,"turns":6},{"damage":16,"enemies":"Cultist and Chosen","floor":25,"turns":6},{"damage":6,"enemies":"Colosseum Slavers","floor":27,"turns":4},{"damage":49,"enemies":"Collector","floor":33,"turns":8},{"damage":30,"enemies":"3 Darklings","floor":35,"turns":4},{"damage":10,"enemies":"Orb Walker","floor":40,"turns":4},{"damage":81,"enemies":"Awakened One","floor":50,"turns":10}],"seed_played":"-3840136993979786835","potions_obtained":[{"floor":3.0,"key":"Strength Potion"},{"floor":14.0,"key":"Block Potion"},{"floor":18,"key":"SteroidPotion"},{"floor":25,"key":"Energy Potion"},{"floor":38,"key":"Swift Potion"},{"floor":40,"key":"Explosive Potion"}],"is_trial":false,"path_per_floor":["M","?","M","?","?","R","E","$","T","M","R","M","R","M","R","B",null,"M","$","M","?","?","E","?","M","T","?","$","R","T","?","R","B",null,"M","?","T","?","?","M","R","?","T","?","$","R","$","?","R","B"],"character_chosen":"THE_SILENT","items_purchased":["Noxious Fumes","Infinite Blades","Cloak And Dagger","The Bomb","Dexterity Potion","Terror","PowerPotion","Block Potion","Infinite Blades","GhostInAJar"],"campfire_rested":4,"item_purchase_floors":[8,19,19,19,19,28,28,28,45,47],"current_hp_per_floor":[59,59,59,64,57,57,57,57,57,55,55,29,29,29,50,39,63,43,43,41,41,41,40,40,24,24,30,30,51,51,30,51,14,57,39,39,39,39,39,41,41,41,51,51,51,51,51,51,74,0],"gold":22,"neow_bonus":"THREE_ENEMY_KILL","is_prod":false,"is_daily":false,"chose_seed":false,"campfire_upgraded":3,"win_rate":0,"timestamp":1552604143,"path_taken":["M","?","M","?","?","R","E","?","T","?","R","M","R","M","R","BOSS","M","$","M","?","?","E","?","M","T","?","$","R","?","?","R","BOSS","M","?","?","?","?","M","R","?","T","?","?","R","$","?","R","BOSS"],"build_version":"2019-01-23","purchased_purges":1,"victory":false,"max_hp_per_floor":[66,66,66,71,71,71,71,71,71,71,71,71,71,71,71,71,71,71,71,71,71,71,71,71,71,71,71,71,71,71,71,71,71,71,71,71,71,71,71,71,71,71,81,77,77,77,77,77,77,77],"card_choices":[{"not_picked":["Bane","Flying Knee"],"picked":"Blade Dance","floor":1.0},{"not_picked":["Concentrate","Prepared"],"picked":"Blur","floor":3.0},{"not_picked":["Reflex","Deadly Poison"],"picked":"All Out Attack","floor":7.0},{"not_picked":["Poisoned Stab","Predator"],"picked":"Leg Sweep","floor":10.0},{"not_picked":["Slice","Cloak And Dagger"],"picked":"Infinite Blades","floor":12.0},{"not_picked":["Flechettes","Riddle With Holes"],"picked":"Well Laid Plans","floor":14.0},{"not_picked":["Deflect+1","Catalyst"],"picked":"Accuracy","floor":18},{"not_picked":["Calculated Gamble","Bouncing Flask+1","Tactician"],"picked":"SKIP","floor":20},{"not_picked":["Die Die Die","Envenom"],"picked":"PiercingWail","floor":23},{"not_picked":["Choke","Prepared"],"picked":"Blade Dance+1","floor":25},{"not_picked":["Venomology","Glass Knife"],"picked":"Adrenaline","floor":33},{"not_picked":["Backflip","Dagger Throw"],"picked":"Crippling Poison","floor":35},{"not_picked":["Secret Weapon","Impatience"],"picked":"Discovery","floor":36},{"not_picked":["Well Laid Plans","Sucker Punch"],"picked":"Cloak And Dagger","floor":40}],"player_experience":1017742,"relics_obtained":[{"floor":7.0,"key":"Ornamental Fan"},{"floor":9.0,"key":"Old Coin"},{"floor":23,"key":"Juzu Bracelet"},{"floor":26,"key":"Meat on the Bone"},{"floor":30,"key":"Girya"},{"floor":31,"key":"Enchiridion"},{"floor":37,"key":"Ancient Tea Set"},{"floor":43,"key":"Pear"}],"event_choices":[{"damage_healed":0.0,"max_hp_gain":0.0,"max_hp_loss":0.0,"gold_gain":0.0,"event_name":"Liars Game","player_choice":"Ignored","floor":2.0,"gold_loss":0.0,"damage_taken":0.0},{"damage_healed":0.0,"max_hp_gain":5.0,"max_hp_loss":0.0,"gold_gain":0.0,"event_name":"Big Fish","player_choice":"Donut","floor":4.0,"gold_loss":0.0,"damage_taken":0.0},{"cards_removed":["Strike_G"],"damage_healed":0.0,"max_hp_gain":0.0,"max_hp_loss":0.0,"gold_gain":0.0,"event_name":"Golden Wing","player_choice":"Card Removal","floor":5.0,"gold_loss":0.0,"damage_taken":7.0},{"damage_healed":0,"gold_gain":0,"player_choice":"Ignored","damage_taken":0,"max_hp_gain":0,"max_hp_loss":0,"event_name":"Ghosts","floor":21,"gold_loss":0},{"damage_healed":0,"gold_gain":0,"player_choice":"Traded Relic","damage_taken":0,"relics_obtained":["Nloth\u0027s Gift"],"max_hp_gain":0,"max_hp_loss":0,"event_name":"N\u0027loth","floor":22,"relics_lost":["NeowsBlessing"],"gold_loss":0},{"damage_healed":0,"gold_gain":50,"player_choice":"Stole From Cult","damage_taken":0,"max_hp_gain":0,"max_hp_loss":0,"event_name":"Nest","floor":24,"gold_loss":0},{"damage_healed":0,"gold_gain":0,"player_choice":"Fight","damage_taken":0,"max_hp_gain":0,"max_hp_loss":0,"event_name":"Colosseum","floor":27,"gold_loss":0},{"damage_healed":0,"gold_gain":0,"player_choice":"Fled From Nobs","damage_taken":0,"max_hp_gain":0,"max_hp_loss":0,"event_name":"Colosseum","floor":27,"gold_loss":0},{"damage_healed":0,"gold_gain":0,"player_choice":"Obtained Book","damage_taken":21,"max_hp_gain":0,"max_hp_loss":0,"event_name":"Cursed Tome","floor":31,"gold_loss":0},{"damage_healed":0,"gold_gain":0,"player_choice":"Memory 1","damage_taken":0,"max_hp_gain":0,"max_hp_loss":0,"event_name":"SensoryStone","floor":36,"gold_loss":0},{"damage_healed":0,"gold_gain":0,"player_choice":"Bought 1 Potion","damage_taken":0,"max_hp_gain":0,"max_hp_loss":0,"event_name":"The Woman in Blue","floor":38,"gold_loss":0},{"damage_healed":0,"gold_gain":0,"player_choice":"Ignored","damage_taken":0,"max_hp_gain":0,"max_hp_loss":0,"event_name":"Tomb of Lord Red Mask","floor":39,"gold_loss":0},{"cards_removed":["Strike_G"],"damage_healed":0,"gold_gain":0,"player_choice":"Removed Attack","damage_taken":0,"max_hp_gain":0,"max_hp_loss":0,"event_name":"Falling","floor":42,"gold_loss":0},{"damage_healed":0,"gold_gain":0,"player_choice":"Max HP","damage_taken":0,"max_hp_gain":0,"max_hp_loss":4,"event_name":"Winding Halls","floor":44,"gold_loss":0},{"damage_healed":0,"gold_gain":0,"player_choice":"Ignored","damage_taken":0,"max_hp_gain":0,"max_hp_loss":0,"event_name":"Mysterious Sphere","floor":48,"gold_loss":0}],"is_beta":false,"boss_relics":[{"not_picked":["Ring of the Serpent","Orrery"],"picked":"Fusion Hammer"},{"not_picked":["Runic Dome","Astrolabe"],"picked":"WristBlade"}],"items_purged_floors":[8],"is_endless":false,"potions_floor_spawned":[3,14,18,25,27,40],"killed_by":"Awakened One","ascension_level":20}