{"gold_per_floor":[117,133,150,165,178,178,7,7,78,109,109,109,9,23,23,97,97,111,125,36,48,48],"floor_reached":22,"playtime":863,"items_purged":["Strike_G","Strike_G"],"score":376,"play_id":"ab1a6464-6c80-47c7-9895-221333deaddb","local_time":"20190313235318","is_ascension_mode":true,"campfire_choices":[{"data":"Noxious Fumes","floor":6.0,"key":"SMITH"},{"data":"Discovery","floor":8.0,"key":"SMITH"},{"floor":15.0,"key":"REST"}],"neow_cost":"NONE","seed_source_timestamp":1818060710185,"circlet_count":0,"master_deck":["AscendersBane","Defend_G","Defend_G","Defend_G","Defend_G","Defend_G","Strike_G","Strike_G","Strike_G","Survivor","Neutralize+1","Blade Dance","Flechettes","Dodge and Roll","Noxious Fumes+1","Backstab","Discovery+1","Footwork+1","Cloak And Dagger","A Thousand Cuts","Endless Agony","Trip","Cloak And Dagger"],"special_seed":0,"relics":["Ring of the Snake","Gremlin Horn","Peace Pipe","White Beast Statue"],"potions_floor_usage":[21,21,22],"damage_taken":[{"damage":4.0,"enemies":"2 Louse","floor":1.0,"turns":3.0},{"damage":1.0,"enemies":"Cultist","floor":2.0,"turns":5.0},{"damage":0.0,"enemies":"Small Slimes","floor":3.0,"turns":3.0},{"damage":25.0,"enemies":"Gremlin Gang","floor":4.0,"turns":7.0},{"damage":0.0,"enemies":"Exordium Wildlife","floor":5.0,"turns":4.0},{"damage":33.0,"enemies":"Gremlin Nob","floor":10.0,"turns":6.0},{"damage":0.0,"enemies":"Blue Slaver","floor":14.0,"turns":4.0},{"damage":11.0,"enemies":"Slime Boss","floor":16.0,"turns":9.0},{"damage":26.0,"enemies":"Chosen","floor":18.0,"turns":6.0},{"damage":12.0,"enemies":"Shell Parasite","floor":19.0,"turns":6.0},{"damage":12,"enemies":"Snecko","floor":21,"turns":6},{"damage":14,"enemies":"Snake Plant","floor":22,"turns":2}],"seed_played":"6138071821874953680","potions_obtained":[{"floor":3.0,"key":"EssenceOfSteel"},{"floor":10.0,"key":"Fire Potion"},{"floor":16.0,"key":"SpeedPotion"},{"floor":18.0,"key":"SkillPotion"},{"floor":19.0,"key":"Ancient Potion"},{"floor":21,"key":"GamblersBrew"}],"is_trial":false,"path_per_floor":["M","M","M","M","M","R","$","R","T","E","?","?","$","M","R","B",null,"M","M","$","M","M"],"character_chosen":"THE_SILENT","items_purchased":["Discovery","Trip"],"campfire_rested":1,"item_purchase_floors":[7,20],"current_hp_per_floor":[61,60,60,35,35,35,35,35,35,2,2,2,2,2,23,12,57,31,19,19,7,0],"gold":48,"neow_bonus":"TEN_PERCENT_HP_BONUS","is_prod":false,"is_daily":false,"chose_seed":false,"campfire_upgraded":2,"win_rate":0,"timestamp":1552517598,"path_taken":["M","M","M","M","M","R","$","R","T","E","?","?","$","M","R","BOSS","M","M","$","M","M"],"build_version":"2019-01-23","purchased_purges":2,"victory":false,"max_hp_per_floor":[72,72,72,72,72,72,72,72,72,72,72,72,72,72,72,72,72,72,72,72,72,72],"card_choices":[{"not_picked":["Terror","Dagger Throw"],"picked":"Blade Dance","floor":1.0},{"not_picked":["Sucker Punch","Distraction"],"picked":"Flechettes","floor":2.0},{"not_picked":["Tactician","Sucker Punch"],"picked":"Dodge and Roll","floor":3.0},{"not_picked":["PiercingWail","Choke"],"picked":"Noxious Fumes","floor":4.0},{"not_picked":["Dagger Throw","Dodge and Roll"],"picked":"Backstab","floor":5.0},{"not_picked":["Outmaneuver","Deflect"],"picked":"Footwork","floor":10.0},{"not_picked":["Doppelganger","Flechettes"],"picked":"Cloak And Dagger","floor":14.0},{"not_picked":["Malaise","Venomology"],"picked":"A Thousand Cuts","floor":16.0},{"not_picked":["Endless Agony","Reflex","Eviscerate"],"picked":"SKIP","floor":18.0},{"not_picked":["Flying Knee","Poisoned Stab"],"picked":"Endless Agony","floor":19.0},{"not_picked":["Accuracy","Blade Dance"],"picked":"Cloak And Dagger","floor":21}],"player_experience":1000254,"relics_obtained":[{"floor":9.0,"key":"Gremlin Horn"},{"floor":10.0,"key":"Peace Pipe"}],"event_choices":[{"damage_healed":0.0,"max_hp_gain":0.0,"max_hp_loss":0.0,"gold_gain":0.0,"event_name":"Living Wall","player_choice":"Grow","floor":11.0,"gold_loss":0.0,"damage_taken":0.0,"cards_upgraded":["Footwork"]},{"damage_healed":0.0,"max_hp_gain":0.0,"max_hp_loss":0.0,"gold_gain":0.0,"event_name":"Upgrade Shrine","player_choice":"Upgraded","floor":12.0,"gold_loss":0.0,"damage_taken":0.0,"cards_upgraded":["Neutralize"]}],"is_beta":false,"boss_relics":[{"not_picked":["Calling Bell","Snecko Eye"],"picked":"White Beast Statue"}],"items_purged_floors":[7,13],"is_endless":false,"potions_floor_spawned":[3,10,16,18,19,21],"killed_by":"Snake Plant","ascension_level":20}