{"gold_per_floor":[110,22,22,22,42,42,73,73,97,141,141,181,202,218,218,218],"floor_reached":16,"playtime":336,"items_purged":[],"score":279,"play_id":"5903ac6b-cc8c-40c0-a9ef-910a5e846fcf","local_time":"20190120152255","is_ascension_mode":true,"campfire_choices":[{"data":"Footwork","floor":6,"key":"SMITH"},{"data":"Backstab","floor":8,"key":"SMITH"},{"floor":11,"key":"REST"},{"floor":15,"key":"REST"}],"neow_cost":"NONE","seed_source_timestamp":103592718535111,"circlet_count":0,"master_deck":["AscendersBane","Defend_G","Defend_G","Defend_G","Defend_G","Defend_G","Strike_G","Strike_G+1","Strike_G","Strike_G+1","Strike_G","Survivor","Neutralize","Backstab+1","Footwork+1","Cloak And Dagger","Blur","Quick Slash","Sucker Punch","Predator"],"relics":["Ring of the Snake","NeowsBlessing","Golden Idol","Whetstone","Bag of Marbles","Bag of Preparation","Oddly Smooth Stone"],"potions_floor_usage":[10,16],"damage_taken":[{"damage":0,"enemies":"Cultist","floor":1,"turns":1},{"damage":0,"enemies":"Jaw Worm","floor":5,"turns":1},{"damage":0,"enemies":"3 Sentries","floor":7,"turns":1},{"damage":10,"enemies":"Lagavulin","floor":10,"turns":6},{"damage":26,"enemies":"3 Sentries","floor":12,"turns":13},{"damage":0,"enemies":"2 Louse","floor":13,"turns":1},{"damage":0,"enemies":"Looter","floor":14,"turns":1},{"damage":41,"enemies":"Hexaghost","floor":16,"turns":11}],"seed_played":"7544005804581971990","potions_obtained":[{"floor":5,"key":"AttackPotion"},{"floor":12,"key":"Strength Potion"}],"is_trial":false,"path_per_floor":["M","$","?","?","M","R","E","R","T","E","R","E","M","M","R","B"],"character_chosen":"THE_SILENT","items_purchased":["Footwork","Cloak And Dagger"],"campfire_rested":2,"item_purchase_floors":[2,2],"current_hp_per_floor":[59,59,36,36,36,36,36,36,36,26,45,19,19,19,38,0],"gold":218,"neow_bonus":"THREE_ENEMY_KILL","is_prod":false,"is_daily":false,"chose_seed":false,"campfire_upgraded":2,"win_rate":0,"timestamp":1547997775,"path_taken":["M","$","?","?","?","R","E","R","T","E","R","E","M","M","R","BOSS"],"build_version":"2019-01-17v2","purchased_purges":0,"victory":false,"max_hp_per_floor":[66,66,66,66,66,66,66,66,66,66,66,66,66,66,66,66],"card_choices":[{"not_picked":["Quick Slash","Poisoned Stab"],"picked":"Backstab","floor":1},{"not_picked":["Backflip","Dodge and Roll"],"picked":"Blur","floor":5},{"not_picked":["Dagger Spray","Endless Agony"],"picked":"Quick Slash","floor":7},{"not_picked":["Underhanded Strike","Accuracy"],"picked":"Sucker Punch","floor":10},{"not_picked":["Terror","Cloak And Dagger"],"picked":"Predator","floor":12},{"not_picked":["Reflex","Concentrate","Endless Agony"],"picked":"SKIP","floor":13},{"not_picked":["Endless Agony","Dagger Spray","Concentrate"],"picked":"SKIP","floor":14}],"player_experience":510409,"relics_obtained":[{"floor":7,"key":"Whetstone"},{"floor":9,"key":"Bag of Marbles"},{"floor":10,"key":"Bag of Preparation"},{"floor":12,"key":"Oddly Smooth Stone"}],"event_choices":[{"damage_healed":0,"gold_gain":0,"player_choice":"Take Damage","damage_taken":23,"relics_obtained":["Golden Idol"],"max_hp_gain":0,"max_hp_loss":0,"event_name":"Golden Idol","floor":3,"gold_loss":0},{"damage_healed":0,"gold_gain":0,"player_choice":"Ignored","damage_taken":0,"max_hp_gain":0,"max_hp_loss":0,"event_name":"Liars Game","floor":4,"gold_loss":0}],"is_beta":false,"boss_relics":[],"items_purged_floors":[],"is_endless":false,"potions_floor_spawned":[5,12],"killed_by":"Hexaghost","ascension_level":19}