{"gold_per_floor":[17,29,46,60,71,71,0,0,0,26,26,54,54,54,54,152,152,171,571,583,583,600,600,525,525,525,543,110,142,142,168,168,268,268,285,302,302,317,317,351,351,361,411,441,87,116,116,116,116,116],"floor_reached":51,"playtime":5643,"items_purged":["Strike_G","Defend_G"],"score":1197,"play_id":"c2ba1d4d-5c85-4f9f-af15-2e9056e1c810","local_time":"20190324003743","is_ascension_mode":true,"campfire_choices":[{"data":"Footwork","floor":6.0,"key":"SMITH"},{"floor":8.0,"key":"REST"},{"data":"Bouncing Flask","floor":13.0,"key":"SMITH"},{"floor":15.0,"key":"REST"},{"data":"Neutralize","floor":23.0,"key":"SMITH"},{"data":"Skewer","floor":25.0,"key":"SMITH"},{"data":"Tactician","floor":30.0,"key":"SMITH"},{"data":"PiercingWail","floor":32.0,"key":"SMITH"},{"data":"Cloak And Dagger","floor":41.0,"key":"SMITH"},{"data":"Blur","floor":49,"key":"SMITH"}],"neow_cost":"NO_GOLD","seed_source_timestamp":0,"circlet_count":0,"master_deck":["AscendersBane","Defend_G+1","Defend_G","Strike_G","Neutralize+1","Tactician+1","Skewer+1","PiercingWail+1","Backflip+1","Noxious Fumes+1","Bouncing Flask+1","Footwork+1","Footwork+1","Cloak And Dagger+1","Cloak And Dagger","Malaise","Noxious Fumes+1","Prepared","Dodge and Roll+1","Choke","Sucker Punch","Cloak And Dagger+1","Calculated Gamble+1","Prepared","Adrenaline+1","Blur+1","Deflect","Slice+1","Calculated Gamble","Blade Dance","Deflect"],"special_seed":0,"relics":["Ring of the Snake","Kunai","Vajra","The Specimen","Coffee Dripper","Old Coin","Pantograph","Question Card","Lee\u0027s Waffle","War Paint","Unceasing Top","Pen Nib","Sozu","Matryoshka","Smiling Mask","Dream Catcher","Gremlin Horn","Darkstone Periapt","Turnip"],"potions_floor_usage":[44,50],"damage_taken":[{"damage":1.0,"enemies":"Small Slimes","floor":1.0,"turns":4.0},{"damage":0.0,"enemies":"Jaw Worm","floor":2.0,"turns":7.0},{"damage":0.0,"enemies":"Cultist","floor":3.0,"turns":3.0},{"damage":6.0,"enemies":"Blue Slaver","floor":4.0,"turns":6.0},{"damage":21.0,"enemies":"Lots of Slimes","floor":5.0,"turns":5.0},{"damage":18.0,"enemies":"Lagavulin","floor":10.0,"turns":8.0},{"damage":18.0,"enemies":"Gremlin Nob","floor":12.0,"turns":4.0},{"damage":15.0,"enemies":"Hexaghost","floor":16.0,"turns":8.0},{"damage":2.0,"enemies":"3 Byrds","floor":18.0,"turns":6.0},{"damage":4.0,"enemies":"Colosseum Slavers","floor":19.0,"turns":5.0},{"damage":21.0,"enemies":"Colosseum Nobs","floor":19.0,"turns":4.0},{"damage":10.0,"enemies":"Chosen","floor":20.0,"turns":6.0},{"damage":10.0,"enemies":"Snake Plant","floor":22.0,"turns":4.0},{"damage":6.0,"enemies":"3 Cultists","floor":27.0,"turns":6.0},{"damage":0.0,"enemies":"Gremlin Leader","floor":29.0,"turns":5.0},{"damage":3.0,"enemies":"Book of Stabbing","floor":31.0,"turns":5.0},{"damage":30.0,"enemies":"Champ","floor":33.0,"turns":12.0},{"damage":0.0,"enemies":"Orb Walker","floor":35.0,"turns":1.0},{"damage":0.0,"enemies":"3 Shapes","floor":36.0,"turns":4.0},{"damage":0.0,"enemies":"Sphere and 2 Shapes","floor":38.0,"turns":5.0},{"damage":22.0,"enemies":"Nemesis","floor":40.0,"turns":9.0},{"damage":9,"enemies":"4 Shapes","floor":42,"turns":6},{"damage":0,"enemies":"Giant Head","floor":44,"turns":8},{"damage":2,"enemies":"Reptomancer","floor":46,"turns":5},{"damage":1,"enemies":"Awakened One","floor":50,"turns":20}],"seed_played":"-5266681053059903920","potions_obtained":[{"floor":1.0,"key":"Energy Potion"},{"floor":4.0,"key":"SmokeBomb"},{"floor":16.0,"key":"Weak Potion"},{"floor":19.0,"key":"FearPotion"},{"floor":27.0,"key":"Explosive Potion"},{"floor":29.0,"key":"SteroidPotion"},{"floor":31.0,"key":"SteroidPotion"}],"is_trial":false,"path_per_floor":["M","M","M","M","M","R","$","R","T","E","?","E","R","$","R","B",null,"M","?","M","?","M","R","?","R","T","M","$","E","R","E","R","B",null,"M","M","?","M","?","E","R","M","T","E","$","E","?","?","R","B",null],"character_chosen":"THE_SILENT","items_purchased":["Footwork","Lee\u0027s Waffle","War Paint","Darkstone Periapt","Blade Dance"],"campfire_rested":2,"item_purchase_floors":[7,28,28,45,45],"current_hp_per_floor":[62,62,62,56,35,35,35,56,56,38,38,20,20,20,41,26,59,57,32,22,22,12,12,12,12,12,6,77,77,77,74,74,47,70,70,70,70,70,70,48,48,39,39,39,39,37,37,37,37,61],"gold":116,"neow_bonus":"TRANSFORM_TWO_CARDS","is_prod":false,"is_daily":false,"chose_seed":false,"campfire_upgraded":8,"win_rate":0,"timestamp":1553413063,"path_taken":["M","M","M","M","M","R","$","R","T","E","?","E","R","$","R","BOSS","M","?","M","?","M","R","?","R","T","M","$","E","R","E","R","BOSS","M","M","?","?","?","E","R","?","T","E","$","E","?","?","R","BOSS"],"build_version":"2019-01-23","purchased_purges":2,"victory":true,"max_hp_per_floor":[70,70,70,70,70,70,70,70,70,70,70,70,70,70,70,70,70,70,70,70,70,70,70,70,70,70,70,77,77,77,77,77,77,77,77,77,77,77,77,77,77,77,77,77,77,77,77,77,77,77],"card_choices":[{"not_picked":["Deflect","Prepared"],"picked":"PiercingWail","floor":1.0},{"not_picked":["Underhanded Strike","Prepared"],"picked":"Backflip","floor":2.0},{"not_picked":["Poisoned Stab","Flying Knee"],"picked":"Noxious Fumes","floor":3.0},{"not_picked":["Slice","Escape Plan"],"picked":"Bouncing Flask","floor":4.0},{"not_picked":["Acrobatics","Skewer"],"picked":"Footwork","floor":5.0},{"not_picked":["Die Die Die","Noxious Fumes"],"picked":"Cloak And Dagger","floor":10.0},{"not_picked":["Poisoned Stab","Predator"],"picked":"Cloak And Dagger","floor":12.0},{"not_picked":["Tools of the Trade","Venomology"],"picked":"Malaise","floor":16.0},{"not_picked":["Underhanded Strike","Quick Slash"],"picked":"Noxious Fumes+1","floor":18.0},{"not_picked":["Tactician","Dagger Throw+1"],"picked":"Prepared","floor":19.0},{"not_picked":["Cloak And Dagger+1","Flying Knee"],"picked":"Dodge and Roll+1","floor":20.0},{"not_picked":["Finisher+1","Infinite Blades"],"picked":"Cloak And Dagger+1","floor":22.0},{"not_picked":["Blade Dance","Flying Knee","Outmaneuver"],"picked":"Calculated Gamble+1","floor":27.0},{"not_picked":["Venomology","Dodge and Roll","Cloak And Dagger","Escape Plan"],"picked":"SKIP","floor":29.0},{"not_picked":["Accuracy","Wraith Form v2","Quick Slash"],"picked":"Prepared","floor":31.0},{"not_picked":["Wraith Form v2","Glass Knife","Burst"],"picked":"Adrenaline","floor":33.0},{"not_picked":["Dagger Throw+1","Quick Slash+1","Sucker Punch+1"],"picked":"Blur","floor":35.0},{"not_picked":["Dash","Bouncing Flask+1","Calculated Gamble+1"],"picked":"Deflect","floor":36.0},{"not_picked":["Riddle With Holes+1","Concentrate","Quick Slash"],"picked":"Slice+1","floor":38.0},{"not_picked":["Heel Hook","Prepared+1","Accuracy+1","Tools of the Trade"],"picked":"SKIP","floor":40.0},{"not_picked":["Flying Knee","Blur+1","Sucker Punch","Bane+1"],"picked":"SKIP","floor":42},{"not_picked":["Skewer","PiercingWail+1","Caltrops"],"picked":"Calculated Gamble","floor":44},{"not_picked":["Cloak And Dagger","Blade Dance","Sucker Punch+1"],"picked":"Deflect","floor":46}],"player_experience":507199,"relics_obtained":[{"floor":9.0,"key":"Kunai"},{"floor":10.0,"key":"Vajra"},{"floor":12.0,"key":"The Specimen"},{"floor":19.0,"key":"Old Coin"},{"floor":19.0,"key":"Pantograph"},{"floor":26.0,"key":"Question Card"},{"floor":29.0,"key":"Unceasing Top"},{"floor":31.0,"key":"Pen Nib"},{"floor":40.0,"key":"Matryoshka"},{"floor":43,"key":"Smiling Mask"},{"floor":43,"key":"Dream Catcher"},{"floor":44,"key":"Gremlin Horn"},{"floor":46,"key":"Turnip"}],"event_choices":[{"damage_healed":0.0,"max_hp_gain":0.0,"max_hp_loss":0.0,"gold_gain":0.0,"event_name":"Living Wall","player_choice":"Grow","floor":11.0,"gold_loss":0.0,"damage_taken":0.0,"cards_upgraded":["Noxious Fumes"]},{"damage_healed":0.0,"max_hp_gain":0.0,"max_hp_loss":0.0,"gold_gain":0.0,"event_name":"Colosseum","player_choice":"Fight","floor":19.0,"gold_loss":0.0,"damage_taken":0.0},{"damage_healed":0.0,"max_hp_gain":0.0,"max_hp_loss":0.0,"gold_gain":0.0,"event_name":"Colosseum","player_choice":"Fought Nobs","floor":19.0,"gold_loss":0.0,"damage_taken":0.0},{"damage_healed":0.0,"max_hp_gain":0.0,"max_hp_loss":0.0,"gold_gain":0.0,"cards_transformed":["Strike_G","Strike_G"],"event_name":"Drug Dealer","player_choice":"Became Test Subject","floor":21.0,"gold_loss":0.0,"damage_taken":0.0,"cards_obtained":["Choke","Sucker Punch"]},{"cards_removed":["Defend_G"],"damage_healed":0.0,"max_hp_gain":0.0,"max_hp_loss":0.0,"gold_gain":0.0,"event_name":"Beggar","player_choice":"Gave Gold","floor":24.0,"gold_loss":75.0,"damage_taken":0.0},{"damage_healed":0.0,"max_hp_gain":0.0,"max_hp_loss":0.0,"gold_gain":0.0,"event_name":"Upgrade Shrine","player_choice":"Upgraded","floor":37.0,"gold_loss":0.0,"damage_taken":0.0,"cards_upgraded":["Adrenaline"]},{"damage_healed":0.0,"max_hp_gain":0.0,"max_hp_loss":0.0,"gold_gain":0.0,"event_name":"Accursed Blacksmith","player_choice":"Forge","floor":39.0,"gold_loss":0.0,"damage_taken":0.0,"cards_upgraded":["Footwork"]},{"cards_removed":["Survivor"],"damage_healed":0,"gold_gain":0,"player_choice":"Removed Skill","damage_taken":0,"max_hp_gain":0,"max_hp_loss":0,"event_name":"Falling","floor":47,"gold_loss":0},{"damage_healed":0,"gold_gain":0,"player_choice":"Ignored","damage_taken":0,"max_hp_gain":0,"max_hp_loss":0,"event_name":"Mysterious Sphere","floor":48,"gold_loss":0}],"is_beta":false,"boss_relics":[{"not_picked":["Orrery","White Beast Statue"],"picked":"Coffee Dripper"},{"not_picked":["HoveringKite","Eternal Feather"],"picked":"Sozu"}],"items_purged_floors":[28,45],"is_endless":false,"potions_floor_spawned":[1,4,16,19,27,29,31,33,36,38,40,42],"ascension_level":10}