{"gold_per_floor":[113,44,22,37,48,77,77,112,163,163,163,163,195,210,210,311,311,323,423,423,441,241,270,288,300,350,350,350,378,378,388,388,487,487,500,553,653,653,664,719,719,719,719,719,719,32,46,60,60,60],"floor_reached":51,"playtime":2693,"items_purged":["Strike_G","Strike_G"],"score":831,"play_id":"976cd395-faac-49a7-a579-7a6a524d8184","local_time":"20190203165554","is_ascension_mode":false,"campfire_choices":[{"data":"Neutralize","floor":7,"key":"SMITH"},{"data":"Dagger Spray","floor":10,"key":"SMITH"},{"data":"Sucker Punch","floor":12,"key":"SMITH"},{"data":"Cloak And Dagger","floor":15,"key":"SMITH"},{"floor":27,"key":"REST"},{"data":"Accuracy","floor":30,"key":"SMITH"},{"data":"Cloak And Dagger","floor":32,"key":"SMITH"},{"data":"Cloak And Dagger","floor":41,"key":"SMITH"},{"data":"Storm of Steel","floor":42,"key":"SMITH"},{"data":"Strike_G","floor":44,"key":"PURGE"},{"data":"Strike_G","floor":45,"key":"PURGE"},{"data":"Well Laid Plans","floor":49,"key":"SMITH"}],"neow_cost":"NONE","seed_source_timestamp":16826182109229,"circlet_count":0,"master_deck":["Defend_G+1","Defend_G","Defend_G","Defend_G","Defend_G","Strike_G+1","Survivor","Neutralize+1","Terror","Backstab","Cloak And Dagger+1","Accuracy+1","Sucker Punch+1","Endless Agony","Dagger Spray+1","Venomology","Dagger Spray","Blade Dance+1","Backstab","Backflip","Backflip","Cloak And Dagger+1","Storm of Steel+1","Cloak And Dagger+1","Acrobatics","Well Laid Plans+1"],"relics":["Ring of the Snake","NeowsBlessing","Shuriken","Happy Flower","Ancient Tea Set","Omamori","Black Star","Peace Pipe","Gremlin Horn","Regal Pillow","PreservedInsect","Vajra","Blood Vial","Bottled Tornado","WristBlade","Tough Bandages","Incense Burner","WingedGreaves","Tiny Chest","Ice Cream","TwistedFunnel","StoneCalendar"],"potions_floor_usage":[16,19,21,25,29,33,33,50,50],"damage_taken":[{"damage":0,"enemies":"Cultist","floor":1,"turns":1},{"damage":0,"enemies":"Jaw Worm","floor":4,"turns":1},{"damage":0,"enemies":"Small Slimes","floor":5,"turns":1},{"damage":10,"enemies":"Gremlin Nob","floor":6,"turns":3},{"damage":11,"enemies":"Lagavulin","floor":8,"turns":6},{"damage":1,"enemies":"3 Sentries","floor":13,"turns":4},{"damage":2,"enemies":"Looter","floor":14,"turns":2},{"damage":0,"enemies":"Slime Boss","floor":16,"turns":5},{"damage":4,"enemies":"2 Thieves","floor":18,"turns":4},{"damage":8,"enemies":"Colosseum Slavers","floor":19,"turns":4},{"damage":22,"enemies":"Colosseum Nobs","floor":19,"turns":5},{"damage":0,"enemies":"Spheric Guardian","floor":21,"turns":3},{"damage":8,"enemies":"Slavers","floor":23,"turns":4},{"damage":1,"enemies":"3 Cultists","floor":24,"turns":4},{"damage":2,"enemies":"Snake Plant","floor":25,"turns":2},{"damage":7,"enemies":"Gremlin Leader","floor":29,"turns":2},{"damage":1,"enemies":"Chosen and Byrds","floor":31,"turns":2},{"damage":0,"enemies":"Collector","floor":33,"turns":5},{"damage":0,"enemies":"Orb Walker","floor":35,"turns":2},{"damage":15,"enemies":"2 Orb Walkers","floor":36,"turns":3},{"damage":0,"enemies":"Mind Bloom Boss Battle","floor":37,"turns":2},{"damage":0,"enemies":"3 Shapes","floor":39,"turns":2},{"damage":13,"enemies":"Nemesis","floor":40,"turns":4},{"damage":0,"enemies":"Maw","floor":47,"turns":4},{"damage":0,"enemies":"Sphere and 2 Shapes","floor":48,"turns":1},{"damage":6,"enemies":"Awakened One","floor":50,"turns":7}],"seed_played":"-6825885428387312511","potions_obtained":[{"floor":1,"key":"Dexterity Potion"},{"floor":13,"key":"Poison Potion"},{"floor":14,"key":"Block Potion"},{"floor":18,"key":"LiquidBronze"},{"floor":21,"key":"Swift Potion"},{"floor":25,"key":"Poison Potion"},{"floor":35,"key":"Poison Potion"},{"floor":38,"key":"GhostInAJar"},{"floor":38,"key":"GhostInAJar"}],"is_trial":false,"path_per_floor":["$","M","?","?","?","M","?","?","?","?","M"],"character_chosen":"THE_SILENT","items_purchased":["Backstab","Cloak And Dagger","Backstab","Backflip","Acrobatics","TwistedFunnel","StoneCalendar","Well Laid Plans"],"campfire_rested":1,"item_purchase_floors":[2,3,22,22,46,46,46,46],"current_hp_per_floor":[70,70,70,70,70,60,60,49,49,49,35,35,34,32,32,32,70,66,36,29,29,29,21,20,18,18,54,41,34,34,35,35,37,75,75,60,62,62,64,53,53,53,53,53,53,53,55,57,57,53],"gold":60,"neow_bonus":"THREE_ENEMY_KILL","is_prod":false,"is_daily":false,"chose_seed":false,"campfire_upgraded":9,"win_rate":0,"timestamp":1549230954,"path_taken":["M","?","$","M","?","E","R","E","T","R","?","R","E","M","R","BOSS","M","?","?","M","$","E","M","?","T","R","?","E","R","M","R","BOSS","M","?","?","?","M","E","R","R","T","R","R","$","?","M","R","BOSS"],"build_version":"2019-01-23","purchased_purges":2,"victory":true,"max_hp_per_floor":[70,70,70,70,70,70,70,70,70,70,70,70,70,70,70,70,70,70,70,70,70,70,70,70,70,70,70,75,75,75,75,75,75,75,75,75,75,75,75,75,75,75,75,75,75,75,75,75,75,75],"card_choices":[{"not_picked":["Prepared","Bane"],"picked":"Terror","floor":1},{"not_picked":["Backflip","Deflect"],"picked":"Accuracy","floor":4},{"not_picked":["Blade Dance","Dodge and Roll"],"picked":"Sucker Punch","floor":5},{"not_picked":["PiercingWail","Escape Plan"],"picked":"Endless Agony","floor":6},{"not_picked":["Bullet Time","Bane"],"picked":"Dagger Spray","floor":8},{"not_picked":["Infinite Blades","Heel Hook","Concentrate"],"picked":"SKIP","floor":13},{"not_picked":["Prepared","PiercingWail","Calculated Gamble"],"picked":"SKIP","floor":14},{"not_picked":["Burst","Tools of the Trade"],"picked":"Venomology","floor":16},{"not_picked":["Blade Dance","Underhanded Strike+1"],"picked":"Dagger Spray","floor":18},{"not_picked":["Prepared","Skewer"],"picked":"Blade Dance+1","floor":21},{"not_picked":["Tactician","Dagger Spray","Finisher"],"picked":"SKIP","floor":23},{"not_picked":["Flying Knee+1","Reflex"],"picked":"Backflip","floor":24},{"not_picked":["Concentrate","Infinite Blades"],"picked":"Cloak And Dagger","floor":25},{"not_picked":["Leg Sweep","Backflip","Noxious Fumes"],"picked":"SKIP","floor":29},{"not_picked":["Flying Knee","Outmaneuver+1","Dodge and Roll"],"picked":"SKIP","floor":31},{"not_picked":["Malaise","Bullet Time"],"picked":"Storm of Steel","floor":33},{"not_picked":["Blur+1","PiercingWail","Sucker Punch"],"picked":"SKIP","floor":35},{"not_picked":["Bane","Distraction"],"picked":"Cloak And Dagger","floor":36},{"not_picked":["Bane","Dodge and Roll+1","PiercingWail+1"],"picked":"SKIP","floor":39},{"not_picked":["Dodge and Roll+1","Flying Knee","Caltrops+1"],"picked":"SKIP","floor":40},{"not_picked":["Flechettes+1","Acrobatics","Poisoned Stab+1"],"picked":"SKIP","floor":47},{"not_picked":["Well Laid Plans","Dash+1","Unload"],"picked":"SKIP","floor":48}],"player_experience":82289,"relics_obtained":[{"floor":6,"key":"Shuriken"},{"floor":8,"key":"Happy Flower"},{"floor":9,"key":"Ancient Tea Set"},{"floor":13,"key":"Omamori"},{"floor":19,"key":"Peace Pipe"},{"floor":19,"key":"Gremlin Horn"},{"floor":23,"key":"Regal Pillow"},{"floor":23,"key":"PreservedInsect"},{"floor":26,"key":"Vajra"},{"floor":29,"key":"Blood Vial"},{"floor":29,"key":"Bottled Tornado"},{"floor":36,"key":"Tough Bandages"},{"floor":37,"key":"Incense Burner"},{"floor":40,"key":"WingedGreaves"},{"floor":40,"key":"Tiny Chest"},{"floor":43,"key":"Ice Cream"}],"event_choices":[{"damage_healed":0,"gold_gain":0,"player_choice":"Entered Light","damage_taken":14,"max_hp_gain":0,"max_hp_loss":0,"event_name":"Shining Light","floor":11,"gold_loss":0,"cards_upgraded":["Strike_G","Defend_G"]},{"damage_healed":0,"gold_gain":0,"player_choice":"Fight","damage_taken":0,"max_hp_gain":0,"max_hp_loss":0,"event_name":"Colosseum","floor":19,"gold_loss":0},{"damage_healed":0,"gold_gain":0,"player_choice":"Fought Nobs","damage_taken":0,"max_hp_gain":0,"max_hp_loss":0,"event_name":"Colosseum","floor":19,"gold_loss":0},{"damage_healed":0,"gold_gain":0,"player_choice":"","damage_taken":7,"max_hp_gain":0,"max_hp_loss":0,"event_name":"Knowing Skull","floor":20,"potions_obtained":[],"gold_loss":0,"cards_obtained":[]},{"damage_healed":0,"gold_gain":0,"player_choice":"Shed Blood","damage_taken":18,"max_hp_gain":5,"max_hp_loss":0,"event_name":"Forgotten Altar","floor":28,"gold_loss":0},{"damage_healed":0,"gold_gain":0,"player_choice":"Fight","damage_taken":0,"max_hp_gain":0,"max_hp_loss":0,"event_name":"Mysterious Sphere","floor":36,"gold_loss":0},{"damage_healed":0,"gold_gain":0,"player_choice":"Fight","damage_taken":0,"max_hp_gain":0,"max_hp_loss":0,"event_name":"MindBloom","floor":37,"gold_loss":0},{"damage_healed":0,"gold_gain":0,"player_choice":"Got Potions","damage_taken":0,"max_hp_gain":0,"max_hp_loss":0,"event_name":"Lab","floor":38,"gold_loss":0}],"is_beta":false,"boss_relics":[{"not_picked":["Lizard Tail","Tiny House"],"picked":"Black Star"},{"not_picked":["Empty Cage","Ring of the Serpent"],"picked":"WristBlade"}],"items_purged_floors":[22,46],"is_endless":false,"potions_floor_spawned":[1,13,14,18,19,21,25,31,35,39,40,47],"ascension_level":0}