{"gold_per_floor":[114,134,147,147,147,147,127,160,160,171,187,187,187,202,202,202],"floor_reached":16,"playtime":652,"items_purged":[],"score":194,"play_id":"65437170-c278-4770-aad8-025d3bd031df","local_time":"20190307174603","is_ascension_mode":true,"campfire_choices":[{"data":"Armaments","floor":6,"key":"SMITH"},{"data":"Bash","floor":13,"key":"SMITH"},{"floor":15,"key":"REST"}],"neow_cost":"NONE","seed_source_timestamp":87136172332032,"circlet_count":0,"master_deck":["AscendersBane","Strike_R","Strike_R","Strike_R","Strike_R","Defend_R","Defend_R","Defend_R","Defend_R","Bash+1","Sword Boomerang","Disarm","Armaments+1","Ghostly Armor","Impervious","Seeing Red","Parasite"],"special_seed":0,"relics":["Burning Blood","Gambling Chip","Strawberry","Sundial"],"potions_floor_usage":[8,8,16],"damage_taken":[{"damage":0.0,"enemies":"2 Louse","floor":1.0,"turns":3.0},{"damage":11.0,"enemies":"Small Slimes","floor":2.0,"turns":5.0},{"damage":19.0,"enemies":"Cultist","floor":3.0,"turns":6.0},{"damage":23,"enemies":"3 Sentries","floor":8,"turns":11},{"damage":16,"enemies":"Blue Slaver","floor":10,"turns":6},{"damage":0,"enemies":"Looter","floor":11,"turns":3},{"damage":25,"enemies":"3 Louse","floor":14,"turns":8},{"damage":41,"enemies":"Hexaghost","floor":16,"turns":15}],"seed_played":"-3528606604766964229","potions_obtained":[{"floor":2.0,"key":"Explosive Potion"},{"floor":3.0,"key":"SneckoOil"},{"floor":7,"key":"SteroidPotion"},{"floor":10,"key":"Fire Potion"}],"is_trial":false,"path_per_floor":["M","M","M","?","?","R","?","E","T","M","M","?","R","M","R","B"],"character_chosen":"IRONCLAD","items_purchased":[],"campfire_rested":1,"item_purchase_floors":[],"current_hp_per_floor":[74,69,56,56,30,30,30,20,20,10,16,36,36,17,41,0],"gold":202,"neow_bonus":"TRANSFORM_CARD","is_prod":false,"is_daily":false,"chose_seed":false,"campfire_upgraded":2,"win_rate":0,"timestamp":1551977163,"path_taken":["M","M","M","?","?","R","?","E","T","?","M","?","R","M","R","BOSS"],"build_version":"2019-01-23","purchased_purges":0,"victory":false,"max_hp_per_floor":[75,75,75,75,75,75,75,82,82,82,82,82,82,82,82,82],"card_choices":[{"not_picked":["Sword Boomerang","Seeing Red"],"picked":"Disarm","floor":1.0},{"not_picked":["Reckless Charge","Havoc"],"picked":"Armaments","floor":2.0},{"not_picked":["Headbutt","Sever Soul"],"picked":"Ghostly Armor","floor":3.0},{"not_picked":["Combust","Spot Weakness"],"picked":"Impervious","floor":8},{"not_picked":["Entrench","Infernal Blade","Power Through"],"picked":"SKIP","floor":10},{"not_picked":["Reckless Charge","Burning Pact"],"picked":"Seeing Red","floor":11},{"not_picked":["Reckless Charge","Warcry","Armaments"],"picked":"SKIP","floor":14}],"player_experience":925308,"relics_obtained":[{"floor":8,"key":"Strawberry"},{"floor":9,"key":"Sundial"}],"event_choices":[{"damage_healed":0,"gold_gain":0,"player_choice":"Ignored","damage_taken":0,"max_hp_gain":0,"max_hp_loss":0,"event_name":"Liars Game","floor":4,"gold_loss":0},{"damage_healed":0,"gold_gain":0,"player_choice":"Success","damage_taken":26,"relics_obtained":["Gambling Chip"],"max_hp_gain":0,"max_hp_loss":0,"event_name":"Scrap Ooze","floor":5,"gold_loss":0},{"damage_healed":0,"gold_gain":0,"player_choice":"Bought 1 Potion","damage_taken":0,"max_hp_gain":0,"max_hp_loss":0,"event_name":"The Woman in Blue","floor":7,"gold_loss":0},{"damage_healed":20,"gold_gain":0,"player_choice":"Healed and dodged fight","damage_taken":0,"max_hp_gain":0,"max_hp_loss":0,"event_name":"Mushrooms","floor":12,"gold_loss":0,"cards_obtained":["Parasite"]}],"is_beta":false,"boss_relics":[],"items_purged_floors":[],"is_endless":false,"potions_floor_spawned":[2,3,10],"killed_by":"Hexaghost","ascension_level":18}