{"gold_per_floor":[115,125,145,67,82,109,121,146,158,183,195,237,94,66,66,142,142,158,158,169,169],"floor_reached":21,"playtime":534,"items_purged":["Strike_R"],"score":362,"play_id":"39a67b07-0f5b-4b25-bfd9-518239425e7d","local_time":"20190319192617","is_ascension_mode":true,"campfire_choices":[{"floor":7.0,"key":"REST"},{"data":"Carnage","floor":11.0,"key":"SMITH"},{"data":"Armaments","floor":15.0,"key":"SMITH"}],"neow_cost":"NONE","seed_source_timestamp":284622483845239,"circlet_count":0,"master_deck":["AscendersBane","Strike_R","Strike_R","Strike_R","Strike_R","Defend_R","Defend_R","Defend_R","Defend_R","Bash","Wild Strike","Carnage+1","Flame Barrier","Shrug It Off","True Grit","Inflame","Double Tap","Armaments+1","Twin Strike"],"special_seed":0,"relics":["Burning Blood","Anchor","MawBank","Pantograph","Strawberry","Cursed Key","Torii"],"potions_floor_usage":[],"damage_taken":[{"damage":7.0,"enemies":"Cultist","floor":1.0,"turns":4.0},{"damage":2.0,"enemies":"Jaw Worm","floor":2.0,"turns":2.0},{"damage":4.0,"enemies":"Small Slimes","floor":3.0,"turns":3.0},{"damage":20.0,"enemies":"Gremlin Gang","floor":5.0,"turns":6.0},{"damage":54.0,"enemies":"Lagavulin","floor":6.0,"turns":8.0},{"damage":6.0,"enemies":"Lots of Slimes","floor":8.0,"turns":4.0},{"damage":4.0,"enemies":"Red Slaver","floor":10.0,"turns":3.0},{"damage":41.0,"enemies":"The Guardian","floor":16.0,"turns":12.0},{"damage":44,"enemies":"Chosen","floor":18,"turns":6},{"damage":13,"enemies":"2 Thieves","floor":20,"turns":4},{"damage":43,"enemies":"Cultist and Chosen","floor":21,"turns":5}],"seed_played":"1724665713687187506","potions_obtained":[{"floor":6.0,"key":"Dexterity Potion"},{"floor":8.0,"key":"SpeedPotion"},{"floor":10.0,"key":"BloodPotion"},{"floor":16.0,"key":"Fruit Juice"},{"floor":18,"key":"SteroidPotion"}],"is_trial":false,"path_per_floor":["M","M","M","$","M","E","R","M","T","M","R","?","$","$","R","B",null,"M","?","M","M"],"character_chosen":"IRONCLAD","items_purchased":["Flame Barrier","Double Tap","Armaments"],"campfire_rested":1,"item_purchase_floors":[4,13,14],"current_hp_per_floor":[67,71,73,73,59,11,33,33,33,35,35,42,42,42,42,40,77,39,39,32,0],"gold":169,"neow_bonus":"RANDOM_COMMON_RELIC","is_prod":false,"is_daily":false,"chose_seed":false,"campfire_upgraded":2,"win_rate":0,"timestamp":1553023577,"path_taken":["M","M","M","?","M","E","R","M","T","?","R","?","?","$","R","BOSS","M","?","?","M"],"build_version":"2019-01-23","purchased_purges":1,"victory":false,"max_hp_per_floor":[75,75,75,75,75,75,75,75,75,75,75,82,82,82,82,82,87,87,87,87,87],"card_choices":[{"not_picked":["Pommel Strike","Sever Soul"],"picked":"Wild Strike","floor":1.0},{"not_picked":["Havoc","Anger","Clash"],"picked":"SKIP","floor":2.0},{"not_picked":["Pommel Strike","Body Slam"],"picked":"Carnage","floor":3.0},{"not_picked":["Headbutt","Clash"],"picked":"Shrug It Off","floor":5.0},{"not_picked":["Bloodletting","Rampage"],"picked":"True Grit","floor":6.0},{"not_picked":["Havoc","Perfected Strike"],"picked":"Inflame","floor":8.0},{"not_picked":["Whirlwind","Iron Wave","Second Wind"],"picked":"SKIP","floor":10.0},{"not_picked":["Armaments","Iron Wave"],"picked":"Twin Strike","floor":18},{"not_picked":["Clash","Second Wind","Carnage"],"picked":"SKIP","floor":20}],"player_experience":558294,"relics_obtained":[{"floor":6.0,"key":"MawBank"},{"floor":9.0,"key":"Pantograph"}],"event_choices":[{"damage_healed":0.0,"max_hp_gain":0.0,"max_hp_loss":0.0,"gold_gain":30.0,"event_name":"Dead Adventurer","player_choice":"Searched \u00272\u0027 times","floor":12.0,"gold_loss":0.0,"damage_taken":0.0,"relics_obtained":["Strawberry"]},{"damage_healed":0,"gold_gain":0,"player_choice":"Gave Potion","damage_taken":0,"relics_obtained":["Torii"],"max_hp_gain":0,"max_hp_loss":0,"event_name":"WeMeetAgain","floor":19,"gold_loss":0}],"is_beta":false,"boss_relics":[{"not_picked":["Coffee Dripper","Philosopher\u0027s Stone"],"picked":"Cursed Key"}],"items_purged_floors":[13],"is_endless":false,"potions_floor_spawned":[6,8,10,16,18],"killed_by":"Cultist and Chosen","ascension_level":20}