{"gold_per_floor":[118,118,60,60,73,102,121,132,132,157,82,82,82,113,113,191,191,205,205,224,243,243,243,260,260,307,96,96,114,114,142,142,142],"floor_reached":33,"playtime":699,"items_purged":["Strike_B","Hyperbeam"],"score":616,"play_id":"f1c51356-bde0-48c7-9099-ce8efb4cf197","local_time":"20190215104909","is_ascension_mode":true,"campfire_choices":[{"floor":12.0,"key":"REST"},{"data":"Streamline","floor":15.0,"key":"SMITH"},{"floor":23.0,"key":"REST"},{"floor":25.0,"key":"REST"},{"data":"Biased Cognition","floor":30.0,"key":"SMITH"},{"floor":32.0,"key":"REST"}],"neow_cost":"NONE","seed_source_timestamp":150320477550759,"circlet_count":0,"master_deck":["AscendersBane","Strike_B","Defend_B","Defend_B","Defend_B","Zap","Dualcast","Cold Snap","Ball Lightning","Steam","Streamline+1","Biased Cognition+1","Electrodynamics","Biased Cognition","White Noise+1","Go for the Eyes+1","Sweeping Beam","Hologram+1","Leap+1","Static Discharge"],"special_seed":0,"relics":["Cracked Core","NeowsBlessing","Singing Bowl","Ornamental Fan","Toxic Egg 2","Centennial Puzzle","Orichalcum","Velvet Choker","Blood Vial","Boot"],"potions_floor_usage":[33],"damage_taken":[{"damage":0.0,"enemies":"Small Slimes","floor":1.0,"turns":1.0},{"damage":0.0,"enemies":"Cultist","floor":5.0,"turns":1.0},{"damage":0.0,"enemies":"Lagavulin","floor":6.0,"turns":1.0},{"damage":8.0,"enemies":"2 Louse","floor":7.0,"turns":2.0},{"damage":22.0,"enemies":"Lots of Slimes","floor":8.0,"turns":4.0},{"damage":14.0,"enemies":"3 Sentries","floor":10.0,"turns":7.0},{"damage":8.0,"enemies":"Gremlin Nob","floor":14.0,"turns":3.0},{"damage":25.0,"enemies":"Hexaghost","floor":16.0,"turns":8.0},{"damage":2.0,"enemies":"3 Byrds","floor":18.0,"turns":2.0},{"damage":1.0,"enemies":"Spheric Guardian","floor":20.0,"turns":3.0},{"damage":21.0,"enemies":"Cultist and Chosen","floor":21.0,"turns":5.0},{"damage":20.0,"enemies":"Snecko","floor":24.0,"turns":4.0},{"damage":0.0,"enemies":"Chosen and Byrds","floor":29.0,"turns":5.0},{"damage":24.0,"enemies":"Slavers","floor":31.0,"turns":2.0},{"damage":84,"enemies":"Automaton","floor":33,"turns":10}],"seed_played":"571954505498667240","potions_obtained":[{"floor":6.0,"key":"SteroidPotion"},{"floor":8.0,"key":"Block Potion"},{"floor":16.0,"key":"PowerPotion"}],"is_trial":false,"path_per_floor":["M","?","?","$","M","E","M","M","T","E","$","R","?","E","R","B",null,"M","$","M","M","?","R","M","R","T","$","?","M","R","E","R","B"],"character_chosen":"DEFECT","items_purchased":["Hologram+1","Leap+1"],"campfire_rested":4,"item_purchase_floors":[27,27],"current_hp_per_floor":[64,64,64,64,64,66,58,36,36,22,22,43,43,35,35,10,57,55,55,54,35,35,57,39,62,62,62,62,66,66,44,67,0],"gold":142,"neow_bonus":"THREE_ENEMY_KILL","is_prod":false,"is_daily":false,"chose_seed":false,"campfire_upgraded":2,"win_rate":0,"timestamp":1550227749,"path_taken":["M","?","?","$","?","E","M","?","T","E","$","R","?","E","R","BOSS","M","$","?","M","?","R","M","R","T","$","?","?","R","E","R","BOSS"],"build_version":"2019-01-23","purchased_purges":2,"victory":false,"max_hp_per_floor":[71,71,71,71,71,73,73,73,73,73,73,73,73,73,73,73,73,73,73,73,75,75,75,77,77,77,77,77,79,79,79,79,79],"card_choices":[{"not_picked":["Gash","Barrage"],"picked":"Cold Snap","floor":1.0},{"not_picked":["Leap","Hologram"],"picked":"Ball Lightning","floor":5.0},{"not_picked":["Chaos","Sweeping Beam","Rebound"],"picked":"Singing Bowl","floor":6.0},{"not_picked":["Go for the Eyes","Darkness"],"picked":"Steam","floor":7.0},{"not_picked":["Thunder Strike","Steam"],"picked":"Streamline","floor":8.0},{"not_picked":["Stack+1","Steam Power+1"],"picked":"Biased Cognition","floor":10.0},{"not_picked":["Steam+1","Compile Driver"],"picked":"Electrodynamics","floor":14.0},{"not_picked":["Thunder Strike","Multi-Cast+1"],"picked":"Biased Cognition","floor":16.0},{"not_picked":["Turbo+1","Stack+1"],"picked":"White Noise+1","floor":18.0},{"not_picked":["Beam Cell","Stack+1"],"picked":"Go for the Eyes+1","floor":20.0},{"not_picked":["Gash+1","Chaos+1","Redo+1"],"picked":"Singing Bowl","floor":21.0},{"not_picked":["Gash","Barrage+1","Go for the Eyes"],"picked":"Singing Bowl","floor":24.0},{"not_picked":["Sunder","Chaos+1","Barrage"],"picked":"Singing Bowl","floor":29.0},{"not_picked":["Chaos+1","Doom and Gloom"],"picked":"Static Discharge","floor":31.0}],"player_experience":531156,"relics_obtained":[{"floor":6.0,"key":"Ornamental Fan"},{"floor":9.0,"key":"Toxic Egg 2"},{"floor":10.0,"key":"Centennial Puzzle"},{"floor":14.0,"key":"Orichalcum"},{"floor":26.0,"key":"Blood Vial"},{"floor":31.0,"key":"Boot"}],"event_choices":[{"damage_healed":0.0,"max_hp_gain":0.0,"max_hp_loss":0.0,"gold_gain":0.0,"event_name":"Liars Game","player_choice":"Ignored","floor":2.0,"gold_loss":0.0,"damage_taken":0.0},{"damage_healed":0.0,"max_hp_gain":0.0,"max_hp_loss":0.0,"gold_gain":0.0,"event_name":"WeMeetAgain","player_choice":"Paid Gold","floor":3.0,"gold_loss":58.0,"damage_taken":0.0,"relics_obtained":["Singing Bowl"]},{"damage_healed":0.0,"max_hp_gain":0.0,"max_hp_loss":0.0,"gold_gain":0.0,"event_name":"FaceTrader","player_choice":"Leave","floor":13.0,"gold_loss":0.0,"damage_taken":0.0},{"damage_healed":0.0,"max_hp_gain":0.0,"max_hp_loss":0.0,"gold_gain":0.0,"cards_transformed":["Strike_B","Defend_B"],"event_name":"Drug Dealer","player_choice":"Became Test Subject","floor":22.0,"gold_loss":0.0,"damage_taken":0.0,"cards_obtained":["Sweeping Beam","Hyperbeam"]},{"cards_removed":["Strike_B"],"damage_healed":0.0,"max_hp_gain":0.0,"max_hp_loss":0.0,"gold_gain":0.0,"event_name":"Purifier","player_choice":"Purged","floor":28.0,"gold_loss":0.0,"damage_taken":0.0}],"is_beta":false,"boss_relics":[{"not_picked":["Black Star","Calling Bell"],"picked":"Velvet Choker"}],"items_purged_floors":[11,27],"is_endless":false,"potions_floor_spawned":[6,8,16,18,20,29],"killed_by":"Automaton","ascension_level":20}