{"gold_per_floor":[211,223,239,255,274,274,449,449,449,522,522,543,140,164,164,289,289,310,310,62,77,91,91,91,91,115,240,240],"floor_reached":28,"playtime":6719,"items_purged":["Doubt"],"score":210,"play_id":"ac0874dd-336e-4506-b9b3-3cc0d95bd671","local_time":"20190224145822","is_ascension_mode":false,"campfire_choices":[{"data":"Loop","floor":6,"key":"SMITH"},{"data":"Rebound","floor":8,"key":"SMITH"},{"data":"Defend_B","floor":15,"key":"PURGE"},{"data":"Loop","floor":23,"key":"SMITH"},{"data":"Biased Cognition","floor":25,"key":"SMITH"}],"neow_cost":"NONE","seed_source_timestamp":9138992690800,"circlet_count":0,"master_deck":["Strike_B+1","Strike_B+1","Strike_B+1","Defend_B+1","Defend_B+1","Defend_B+1","Zap","Dualcast","Rebound+1","Coolheaded","Gash","Loop+1","Coolheaded","Conserve Battery","Self Repair","Core Surge","Metamorphosis","Loop+1","Sweeping Beam+1","Biased Cognition+1"],"relics":["Cracked Core","FossilizedHelix","Kunai","Golden Idol","Peace Pipe","Sozu","Boot","Unceasing Top","Cables"],"potions_floor_usage":[12,27,27],"damage_taken":[{"damage":1,"enemies":"2 Louse","floor":1,"turns":3},{"damage":6,"enemies":"Jaw Worm","floor":2,"turns":4},{"damage":8,"enemies":"Small Slimes","floor":3,"turns":3},{"damage":6,"enemies":"Exordium Wildlife","floor":4,"turns":4},{"damage":9,"enemies":"3 Louse","floor":5,"turns":3},{"damage":12,"enemies":"Large Slime","floor":12,"turns":5},{"damage":3,"enemies":"Lots of Slimes","floor":14,"turns":7},{"damage":19,"enemies":"The Guardian","floor":16,"turns":17},{"damage":8,"enemies":"3 Byrds","floor":18,"turns":5},{"damage":8,"enemies":"Shell Parasite","floor":21,"turns":5},{"damage":21,"enemies":"Snake Plant","floor":22,"turns":4},{"damage":26,"enemies":"Colosseum Slavers","floor":27,"turns":3},{"damage":16,"enemies":"Colosseum Nobs","floor":27,"turns":6},{"damage":20,"enemies":"Centurion and Healer","floor":28,"turns":2}],"seed_played":"-2412288959357391774","potions_obtained":[{"floor":1,"key":"Fire Potion"},{"floor":12,"key":"Weak Potion"},{"floor":14,"key":"Dexterity Potion"},{"floor":16,"key":"Weak Potion"}],"is_trial":false,"path_per_floor":["?","T","?","?","M","?","?"],"character_chosen":"DEFECT","items_purchased":["Self Repair","Peace Pipe","Metamorphosis","Loop"],"campfire_rested":0,"item_purchase_floors":[13,13,20,20],"current_hp_per_floor":[74,68,60,54,45,45,45,45,45,45,45,33,33,37,37,18,69,68,68,68,67,53,53,53,53,53,11,0],"gold":240,"neow_bonus":"HUNDRED_GOLD","is_prod":false,"is_daily":false,"chose_seed":false,"campfire_upgraded":4,"win_rate":0,"timestamp":1551038302,"path_taken":["M","M","M","M","M","R","?","R","T","?","?","M","$","M","R","BOSS","M","?","$","M","?","R","?","R","T","?","M"],"build_version":"2019-01-23","purchased_purges":1,"victory":false,"max_hp_per_floor":[75,75,75,75,75,75,75,75,75,75,69,69,69,69,69,69,69,69,69,69,69,69,69,69,69,69,69,69],"card_choices":[{"not_picked":["White Noise","Heatsinks"],"picked":"Rebound","floor":1},{"not_picked":["Blizzard","Lockon"],"picked":"Coolheaded","floor":2},{"not_picked":["Barrage","Reprogram"],"picked":"Gash","floor":3},{"not_picked":["Redo","Rebound"],"picked":"Loop","floor":4},{"not_picked":["Scrape","Compile Driver"],"picked":"Coolheaded","floor":5},{"not_picked":["Ball Lightning","FTL"],"picked":"Conserve Battery","floor":12},{"not_picked":["Conserve Battery","Leap","Steam"],"picked":"SKIP","floor":14},{"not_picked":["Machine Learning","Thunder Strike"],"picked":"Core Surge","floor":16},{"not_picked":["Steam","Redo","Conserve Battery+1"],"picked":"SKIP","floor":18},{"not_picked":["Cold Snap+1","Conserve Battery"],"picked":"Sweeping Beam+1","floor":21},{"not_picked":["Blizzard+1","Ball Lightning"],"picked":"Biased Cognition","floor":22}],"player_experience":135537,"relics_obtained":[{"floor":9,"key":"FossilizedHelix"},{"floor":10,"key":"Kunai"},{"floor":26,"key":"Boot"},{"floor":27,"key":"Unceasing Top"},{"floor":27,"key":"Cables"}],"event_choices":[{"damage_healed":0,"gold_gain":175,"player_choice":"AGREE","damage_taken":0,"max_hp_gain":0,"max_hp_loss":0,"event_name":"Liars Game","floor":7,"gold_loss":0,"cards_obtained":["Doubt"]},{"damage_healed":0,"gold_gain":0,"player_choice":"Lose Max HP","damage_taken":0,"relics_obtained":["Golden Idol"],"max_hp_gain":0,"max_hp_loss":6,"event_name":"Golden Idol","floor":11,"gold_loss":0},{"cards_removed":["Strike_B"],"damage_healed":0,"gold_gain":0,"player_choice":"Offered Basic","damage_taken":0,"max_hp_gain":0,"max_hp_loss":0,"event_name":"Bonfire Elementals","floor":19,"gold_loss":0},{"damage_healed":0,"gold_gain":0,"player_choice":"Simplicity","damage_taken":0,"max_hp_gain":0,"max_hp_loss":0,"event_name":"Back to Basics","floor":24,"gold_loss":0,"cards_upgraded":["Strike_B","Strike_B","Strike_B","Defend_B","Defend_B","Defend_B"]},{"damage_healed":0,"gold_gain":0,"player_choice":"Fight","damage_taken":0,"max_hp_gain":0,"max_hp_loss":0,"event_name":"Colosseum","floor":27,"gold_loss":0},{"damage_healed":0,"gold_gain":0,"player_choice":"Fought Nobs","damage_taken":0,"max_hp_gain":0,"max_hp_loss":0,"event_name":"Colosseum","floor":27,"gold_loss":0}],"is_beta":false,"boss_relics":[{"not_picked":["Orrery","White Beast Statue"],"picked":"Sozu"}],"items_purged_floors":[13],"is_endless":false,"potions_floor_spawned":[1,12,14,16,22,27,27],"killed_by":"Centurion and Healer","ascension_level":0}