{"gold_per_floor":[115,115,40,40,40,40,65,76,76,88,88,88,117,137,137,215,215,235,235,251,82,97,97,107,107,107,126,126,146,146,171,171,171],"floor_reached":33,"playtime":1082,"items_purged":["Strike_R"],"score":600,"play_id":"73d1487a-354c-43b7-b924-f108a13c8547","local_time":"20190218150746","is_ascension_mode":true,"campfire_choices":[{"floor":6.0,"key":"DIG"},{"data":"Bash","floor":11.0,"key":"SMITH"},{"data":"Metallicize","floor":15.0,"key":"SMITH"},{"floor":23.0,"key":"REST"},{"floor":25.0,"key":"REST"},{"data":"Evolve","floor":28.0,"key":"SMITH"},{"data":"True Grit","floor":30.0,"key":"SMITH"},{"floor":32.0,"key":"REST"}],"neow_cost":"NONE","seed_source_timestamp":0,"circlet_count":0,"master_deck":["AscendersBane","Strike_R","Strike_R","Strike_R","Defend_R","Defend_R","Defend_R","Defend_R","Bash+1","Twin Strike","Metallicize+1","Wild Strike","Dropkick","Heavy Blade","Headbutt","Shrug It Off","RitualDagger","Spot Weakness","Evolve+1","Power Through","True Grit+1","Spot Weakness","Inflame"],"special_seed":0,"relics":["Burning Blood","NeowsBlessing","Shovel","Lantern","Orichalcum","Bottled Tornado","Blue Candle","Sozu","Ornamental Fan","Kunai"],"potions_floor_usage":[],"damage_taken":[{"damage":0.0,"enemies":"Cultist","floor":1.0,"turns":1.0},{"damage":0.0,"enemies":"Gremlin Nob","floor":7.0,"turns":1.0},{"damage":0.0,"enemies":"2 Louse","floor":8.0,"turns":1.0},{"damage":5.0,"enemies":"Small Slimes","floor":10.0,"turns":5.0},{"damage":8.0,"enemies":"3 Sentries","floor":13.0,"turns":9.0},{"damage":5.0,"enemies":"Exordium Thugs","floor":14.0,"turns":4.0},{"damage":41.0,"enemies":"Hexaghost","floor":16.0,"turns":9.0},{"damage":21.0,"enemies":"Chosen","floor":18.0,"turns":5.0},{"damage":13.0,"enemies":"3 Byrds","floor":20.0,"turns":5.0},{"damage":17.0,"enemies":"Shelled Parasite and Fungi","floor":22.0,"turns":8.0},{"damage":26.0,"enemies":"Snecko","floor":24.0,"turns":7.0},{"damage":18.0,"enemies":"Snake Plant","floor":27.0,"turns":4.0},{"damage":0.0,"enemies":"Centurion and Healer","floor":29.0,"turns":5.0},{"damage":41.0,"enemies":"Book of Stabbing","floor":31.0,"turns":6.0},{"damage":38,"enemies":"Collector","floor":33,"turns":6}],"seed_played":"-6863753916638847737","potions_obtained":[{"floor":7.0,"key":"Fire Potion"},{"floor":8.0,"key":"Strength Potion"},{"floor":14.0,"key":"EssenceOfSteel"}],"is_trial":false,"path_per_floor":["M","?","$","?","?","R","E","M","T","M","R","$","E","M","R","B",null,"M","?","M","$","M","R","M","R","T","M","R","M","R","E","R","B"],"character_chosen":"IRONCLAD","items_purchased":["Evolve","Power Through"],"campfire_rested":3,"item_purchase_floors":[21,21],"current_hp_per_floor":[74,74,74,74,74,74,75,75,75,75,75,75,73,74,74,39,66,51,45,38,38,27,49,29,51,51,39,39,45,45,10,32,0],"gold":171,"neow_bonus":"THREE_ENEMY_KILL","is_prod":false,"is_daily":false,"chose_seed":false,"campfire_upgraded":4,"win_rate":0,"timestamp":1550502466,"path_taken":["M","?","?","?","?","R","E","M","T","M","R","$","E","M","R","BOSS","M","?","M","$","M","R","M","R","T","M","R","M","R","E","R","BOSS"],"build_version":"2019-01-23","purchased_purges":1,"victory":false,"max_hp_per_floor":[75,75,75,75,75,75,75,75,75,75,75,75,75,75,75,75,75,75,75,75,75,75,75,75,75,75,75,75,75,75,75,75,75],"card_choices":[{"not_picked":["Warcry","Havoc"],"picked":"Twin Strike","floor":1.0},{"not_picked":["Sword Boomerang","Sever Soul"],"picked":"Wild Strike","floor":7.0},{"not_picked":["Warcry","Corruption"],"picked":"Dropkick","floor":8.0},{"not_picked":["Intimidate","Cleave"],"picked":"Heavy Blade","floor":10.0},{"not_picked":["Intimidate","Brutality","Wild Strike"],"picked":"SKIP","floor":13.0},{"not_picked":["Sever Soul","Cleave"],"picked":"Headbutt","floor":14.0},{"not_picked":["Body Slam","Thunderclap"],"picked":"Shrug It Off","floor":18.0},{"not_picked":["Inflame+1","Hemokinesis"],"picked":"Spot Weakness","floor":20.0},{"not_picked":["Havoc","Thunderclap"],"picked":"True Grit","floor":22.0},{"not_picked":["Iron Wave","Warcry","Clash"],"picked":"SKIP","floor":24.0},{"not_picked":["Flex","Combust","Havoc"],"picked":"SKIP","floor":27.0},{"not_picked":["Clothesline","True Grit"],"picked":"Spot Weakness","floor":29.0},{"not_picked":["Perfected Strike","True Grit"],"picked":"Inflame","floor":31.0}],"player_experience":531855,"relics_obtained":[{"floor":5.0,"key":"Shovel"},{"floor":6.0,"key":"Lantern"},{"floor":7.0,"key":"Orichalcum"},{"floor":9.0,"key":"Bottled Tornado"},{"floor":13.0,"key":"Blue Candle"},{"floor":26.0,"key":"Ornamental Fan"},{"floor":31.0,"key":"Kunai"}],"event_choices":[{"damage_healed":0.0,"max_hp_gain":0.0,"max_hp_loss":0.0,"gold_gain":0.0,"cards_transformed":["Strike_R"],"event_name":"Transmorgrifier","player_choice":"Transformed","floor":2.0,"gold_loss":0.0,"damage_taken":0.0,"cards_obtained":["Metallicize"]},{"damage_healed":0.0,"max_hp_gain":0.0,"max_hp_loss":0.0,"gold_gain":0.0,"event_name":"The Cleric","player_choice":"Leave","floor":4.0,"gold_loss":0.0,"damage_taken":0.0},{"damage_healed":0.0,"max_hp_gain":0.0,"max_hp_loss":0.0,"gold_gain":0.0,"event_name":"Wheel of Change","player_choice":"Relic","floor":5.0,"gold_loss":0.0,"damage_taken":0.0},{"damage_healed":0.0,"max_hp_gain":0.0,"max_hp_loss":0.0,"gold_gain":0.0,"event_name":"Nest","player_choice":"Joined the Cult","floor":19.0,"gold_loss":0.0,"damage_taken":6.0,"cards_obtained":["RitualDagger"]}],"is_beta":false,"boss_relics":[{"not_picked":["Orrery","Runic Pyramid"],"picked":"Sozu"}],"items_purged_floors":[3],"is_endless":false,"potions_floor_spawned":[7,8,14,20,24],"killed_by":"Collector","ascension_level":20}