{"gold_per_floor":[117,117,133,183,65,65,105,123,123,123,137,137,137,157,157,256,256,274,313,99,99,112,112,12,12,61,61,82,27,66,66,66,66],"floor_reached":33,"playtime":688,"items_purged":["Strike_R","Strike_R"],"score":522,"play_id":"c127d94c-c04a-4f9f-8986-ec9247befd10","local_time":"20190324101253","is_ascension_mode":true,"campfire_choices":[{"data":"Uppercut","floor":6.0,"key":"SMITH"},{"data":"Armaments","floor":10.0,"key":"SMITH"},{"data":"Carnage","floor":13.0,"key":"SMITH"},{"floor":15.0,"key":"REST"},{"floor":23,"key":"REST"},{"floor":25,"key":"REST"},{"data":"Shrug It Off","floor":27,"key":"SMITH"},{"floor":32,"key":"REST"}],"neow_cost":"NONE","seed_source_timestamp":234374398903864,"circlet_count":0,"master_deck":["AscendersBane","Strike_R","Strike_R","Strike_R","Defend_R","Defend_R","Defend_R","Defend_R+1","Bash","Shrug It Off+1","Carnage+1","Uppercut+1","Armaments+1","Pommel Strike","Wild Strike","Demon Form","Flame Barrier+1","Offering"],"special_seed":0,"relics":["Burning Blood","Omamori","Golden Idol","Paper Frog","Dodecahedron","Busted Crown","Red Mask","War Paint","Shuriken","Ancient Tea Set","Mercury Hourglass"],"potions_floor_usage":[19,30,33],"damage_taken":[{"damage":8.0,"enemies":"2 Louse","floor":1.0,"turns":3.0},{"damage":6.0,"enemies":"Cultist","floor":3.0,"turns":4.0},{"damage":44.0,"enemies":"3 Sentries","floor":7.0,"turns":11.0},{"damage":0.0,"enemies":"Jaw Worm","floor":8.0,"turns":3.0},{"damage":15.0,"enemies":"Lots of Slimes","floor":11.0,"turns":6.0},{"damage":11.0,"enemies":"3 Louse","floor":14.0,"turns":4.0},{"damage":24.0,"enemies":"Hexaghost","floor":16.0,"turns":9.0},{"damage":28.0,"enemies":"Shell Parasite","floor":18.0,"turns":5.0},{"damage":41,"enemies":"Masked Bandits","floor":19,"turns":4},{"damage":2,"enemies":"Chosen","floor":22,"turns":5},{"damage":5,"enemies":"Centurion and Healer","floor":28,"turns":5},{"damage":54,"enemies":"Gremlin Leader","floor":30,"turns":8},{"damage":55,"enemies":"Automaton","floor":33,"turns":8}],"seed_played":"5071530227009099382","potions_obtained":[{"floor":7.0,"key":"Fruit Juice"},{"floor":8.0,"key":"SkillPotion"},{"floor":12.0,"key":"Strength Potion"},{"floor":16.0,"key":"GamblersBrew"},{"floor":18.0,"key":"Swift Potion"},{"floor":28,"key":"Regen Potion"}],"is_trial":false,"path_per_floor":["M","?","M","?","$","R","E","M","T","R","M","?","R","M","R","B",null,"M","?","$","T","M","R","$","R","T","R","M","$","E","?","R","B"],"character_chosen":"IRONCLAD","items_purchased":["Uppercut","Flame Barrier","War Paint","Strength Potion"],"campfire_rested":4,"item_purchase_floors":[5,20,20,29],"current_hp_per_floor":[66,66,66,59,59,59,21,27,27,27,18,23,23,18,42,24,66,44,9,9,9,13,37,37,61,61,61,62,62,29,29,53,0],"gold":66,"neow_bonus":"RANDOM_COMMON_RELIC","is_prod":false,"is_daily":false,"chose_seed":false,"campfire_upgraded":4,"win_rate":0,"timestamp":1553422373,"path_taken":["M","?","M","?","$","R","E","M","T","R","?","?","R","?","R","BOSS","M","?","?","?","M","R","$","R","T","R","M","$","E","?","R","BOSS"],"build_version":"2019-01-23","purchased_purges":2,"victory":false,"max_hp_per_floor":[75,75,75,75,75,75,75,75,75,75,75,80,80,80,80,80,80,80,80,80,80,80,80,80,80,80,80,80,80,80,80,80,80],"card_choices":[{"not_picked":["Cleave","Clash"],"picked":"Shrug It Off","floor":1.0},{"not_picked":["Flex","Metallicize"],"picked":"Carnage","floor":3.0},{"not_picked":["Rupture","Burning Pact"],"picked":"Armaments","floor":7.0},{"not_picked":["Perfected Strike","Sentinel"],"picked":"Pommel Strike","floor":8.0},{"not_picked":["Bloodletting","Rampage","Dual Wield"],"picked":"SKIP","floor":11.0},{"not_picked":["Twin Strike","Cleave"],"picked":"Wild Strike","floor":14.0},{"not_picked":["Juggernaut","Impervious"],"picked":"Demon Form","floor":16.0},{"not_picked":["Havoc"],"picked":"SKIP","floor":18.0},{"not_picked":["Searing Blow+1"],"picked":"SKIP","floor":22},{"not_picked":["Anger"],"picked":"SKIP","floor":28},{"not_picked":[],"picked":"Offering","floor":30}],"player_experience":570648,"relics_obtained":[{"floor":7.0,"key":"Paper Frog"},{"floor":9.0,"key":"Dodecahedron"},{"floor":19,"key":"Red Mask"},{"floor":21,"key":"Shuriken"},{"floor":26,"key":"Ancient Tea Set"},{"floor":30,"key":"Mercury Hourglass"}],"event_choices":[{"damage_healed":0.0,"max_hp_gain":0.0,"max_hp_loss":0.0,"gold_gain":0.0,"event_name":"Golden Idol","player_choice":"Take Wound","floor":2.0,"gold_loss":0.0,"damage_taken":0.0,"relics_obtained":["Golden Idol"],"cards_obtained":["Injury"]},{"damage_healed":0.0,"max_hp_gain":0.0,"max_hp_loss":0.0,"gold_gain":50.0,"event_name":"FaceTrader","player_choice":"Touch","floor":4.0,"gold_loss":0.0,"damage_taken":7.0},{"damage_healed":0.0,"max_hp_gain":0.0,"max_hp_loss":0.0,"gold_gain":0.0,"event_name":"Lab","player_choice":"Got Potions","floor":12.0,"gold_loss":0.0,"damage_taken":0.0},{"damage_healed":0,"gold_gain":0,"player_choice":"Fought Bandits","damage_taken":0,"max_hp_gain":0,"max_hp_loss":0,"event_name":"Masked Bandits","floor":19,"gold_loss":0},{"damage_healed":0,"gold_gain":0,"player_choice":"Ignored","damage_taken":0,"max_hp_gain":0,"max_hp_loss":0,"event_name":"Ghosts","floor":31,"gold_loss":0}],"is_beta":false,"boss_relics":[{"not_picked":["Orrery","Philosopher\u0027s Stone"],"picked":"Busted Crown"}],"items_purged_floors":[5,24],"is_endless":false,"potions_floor_spawned":[7,8,16,18,28],"killed_by":"Automaton","ascension_level":20}