{"gold_per_floor":[118,118,132,132,152,152,182,182,182,214,194,194,207,235,235,330,330,349,7,25,43,143,143,178,178,178,208,208,242,259,277,277,377,377,394,51,71,71,87,114,214,242,295,307,0,27,39,79,91,103],"floor_reached":51,"playtime":2449,"items_purged":[],"score":1442,"play_id":"46f25f46-3145-4f8c-9943-b09a0b69020b","local_time":"20190322112303","daily_mods":["SealedDeck","Heirloom","Elite Swarm","Uncertain Future"],"is_ascension_mode":true,"campfire_choices":[{"data":"Footwork","floor":6,"key":"SMITH"},{"data":"1","floor":8,"key":"LIFT"},{"floor":15,"key":"REST"},{"floor":23,"key":"REST"},{"floor":28,"key":"REST"},{"floor":32,"key":"REST"},{"data":"2","floor":44,"key":"LIFT"},{"data":"3","floor":47,"key":"LIFT"},{"floor":49,"key":"REST"}],"neow_cost":"","seed_source_timestamp":0,"circlet_count":0,"master_deck":["AscendersBane","Dodge and Roll+1","Dodge and Roll","Accuracy","Blade Dance+1","Finisher","Leg Sweep","Cloak And Dagger","Crippling Poison","Footwork+1","Noxious Fumes+1","Escape Plan","A Thousand Cuts","Burst","Burst","Cloak And Dagger","Blade Dance+1","Tools of the Trade+1","Die Die Die","Well Laid Plans+1","Escape Plan","Infinite Blades+1","PiercingWail+1","A Thousand Cuts+1","Envenom+1","Blur"],"relics":["Ring of the Snake","Girya","Dodecahedron","Pen Nib","Smiling Mask","Paper Crane","Philosopher\u0027s Stone","ClockworkSouvenir","Boot","Tough Bandages","Frozen Egg 2","Lantern","Omamori","Sundial","Ancient Tea Set","Sozu","FossilizedHelix","Art of War","Incense Burner","Vajra","MawBank","Red Mask","Blue Candle"],"potions_floor_usage":[7,13,14,14,14,22,24,29,42],"damage_taken":[{"damage":5,"enemies":"Small Slimes","floor":1,"turns":4},{"damage":0,"enemies":"Jaw Worm","floor":3,"turns":4},{"damage":0,"enemies":"Cultist","floor":5,"turns":3},{"damage":24,"enemies":"Gremlin Nob","floor":7,"turns":4},{"damage":2,"enemies":"3 Sentries","floor":10,"turns":7},{"damage":0,"enemies":"Looter","floor":13,"turns":3},{"damage":11,"enemies":"Gremlin Nob","floor":14,"turns":4},{"damage":0,"enemies":"Hexaghost","floor":16,"turns":8},{"damage":6,"enemies":"3 Byrds","floor":18,"turns":4},{"damage":11,"enemies":"Shell Parasite","floor":20,"turns":4},{"damage":15,"enemies":"Sentry and Sphere","floor":21,"turns":4},{"damage":2,"enemies":"Colosseum Slavers","floor":22,"turns":4},{"damage":12,"enemies":"Colosseum Nobs","floor":22,"turns":5},{"damage":25,"enemies":"Slavers","floor":24,"turns":4},{"damage":0,"enemies":"Gremlin Leader","floor":27,"turns":5},{"damage":17,"enemies":"Slavers","floor":29,"turns":3},{"damage":2,"enemies":"Chosen and Byrds","floor":30,"turns":5},{"damage":14,"enemies":"Cultist and Chosen","floor":31,"turns":4},{"damage":12,"enemies":"Automaton","floor":33,"turns":7},{"damage":1,"enemies":"3 Darklings","floor":35,"turns":3},{"damage":0,"enemies":"Orb Walker","floor":37,"turns":2},{"damage":0,"enemies":"Spire Growth","floor":39,"turns":4},{"damage":0,"enemies":"Giant Head","floor":40,"turns":7},{"damage":0,"enemies":"Mind Bloom Boss Battle","floor":41,"turns":5},{"damage":22,"enemies":"Reptomancer","floor":42,"turns":4},{"damage":0,"enemies":"Maw","floor":46,"turns":5},{"damage":0,"enemies":"Nemesis","floor":48,"turns":3},{"damage":42,"enemies":"Donu and Deca","floor":50,"turns":6}],"seed_played":"594747499663095352","potions_obtained":[{"floor":3,"key":"AttackPotion"},{"floor":7,"key":"SteroidPotion"},{"floor":10,"key":"FearPotion"},{"floor":11,"key":"Fire Potion"},{"floor":13,"key":"Ancient Potion"},{"floor":21,"key":"EssenceOfSteel"},{"floor":22,"key":"Regen Potion"},{"floor":27,"key":"Poison Potion"},{"floor":31,"key":"GamblersBrew"},{"floor":33,"key":"PowerPotion"}],"is_trial":true,"path_per_floor":["M","?","M","?","M","R","E","R","T","E","?","$","M","E","R","B",null,"M","$","M","M","?","R","E","?","T","E","R","E","M","M","R","B",null,"M","$","M","?","M","E","?","E","T","R","?","M","R","E","R","B",null],"character_chosen":"THE_SILENT","items_purchased":["ClockworkSouvenir","Boot","FossilizedHelix","Escape Plan"],"campfire_rested":5,"item_purchase_floors":[19,19,36,36],"current_hp_per_floor":[58,44,44,49,49,49,25,25,25,23,23,23,23,12,34,34,65,59,59,48,33,19,41,28,28,28,28,50,33,31,17,39,27,63,62,62,62,62,62,62,62,40,40,40,40,40,40,40,62,20],"gold":115,"neow_bonus":"","is_prod":false,"is_daily":false,"chose_seed":false,"campfire_upgraded":1,"win_rate":0,"timestamp":1553250183,"path_taken":["M","?","M","?","M","R","E","R","T","E","?","$","M","E","R","BOSS","M","$","M","M","?","R","E","?","T","E","R","E","?","M","R","BOSS","M","$","M","?","M","E","?","E","T","R","?","M","R","E","R","BOSS"],"build_version":"2019-01-23","purchased_purges":0,"victory":true,"max_hp_per_floor":[70,70,70,75,75,75,75,75,75,75,75,75,75,75,75,75,75,75,75,75,75,75,75,75,75,75,75,75,75,75,75,75,75,75,75,75,75,75,75,75,75,75,75,75,75,75,75,75,75,75],"card_choices":[{"not_picked":["Dodge and Roll","Blade Dance","Acrobatics"],"picked":"SKIP","floor":1},{"not_picked":["Prepared","Catalyst"],"picked":"Escape Plan","floor":3},{"not_picked":["Dagger Throw","Eviscerate","Acrobatics"],"picked":"SKIP","floor":5},{"not_picked":["Glass Knife","Doppelganger"],"picked":"A Thousand Cuts","floor":7},{"not_picked":["Doppelganger","Corpse Explosion"],"picked":"Burst","floor":10},{"not_picked":["Flechettes","Distraction","Dagger Throw"],"picked":"SKIP","floor":13},{"not_picked":["Night Terror","Grand Finale","Unload"],"picked":"SKIP","floor":14},{"not_picked":["Storm of Steel","Venomology"],"picked":"Burst","floor":16},{"not_picked":["Dagger Spray","Acrobatics"],"picked":"Cloak And Dagger","floor":18},{"not_picked":["Underhanded Strike","Flying Knee"],"picked":"Blade Dance+1","floor":20},{"not_picked":["Outmaneuver","Predator"],"picked":"Caltrops+1","floor":21},{"not_picked":["Bullet Time","Night Terror"],"picked":"Tools of the Trade+1","floor":24},{"not_picked":["Burst","Tools of the Trade+1"],"picked":"Die Die Die","floor":27},{"not_picked":["Night Terror","Bullet Time","Doppelganger"],"picked":"SKIP","floor":29},{"not_picked":["Dagger Throw","Poisoned Stab","Acrobatics+1"],"picked":"SKIP","floor":30},{"not_picked":["Dagger Throw","Prepared"],"picked":"Well Laid Plans+1","floor":31},{"not_picked":["Backstab","Sucker Punch+1","Poisoned Stab+1"],"picked":"SKIP","floor":35},{"not_picked":["Outmaneuver","Blade Dance"],"picked":"Infinite Blades+1","floor":37},{"not_picked":["Phantasmal Killer","Setup+1"],"picked":"PiercingWail+1","floor":39},{"not_picked":["Tools of the Trade+1","Grand Finale"],"picked":"A Thousand Cuts+1","floor":40},{"not_picked":["Bullet Time","A Thousand Cuts+1"],"picked":"Envenom+1","floor":42},{"not_picked":["Prepared+1","Dash+1"],"picked":"Blur","floor":46},{"not_picked":["Malaise","Storm of Steel","Burst"],"picked":"SKIP","floor":48}],"player_experience":1081165,"relics_obtained":[{"floor":7,"key":"Dodecahedron"},{"floor":9,"key":"Pen Nib"},{"floor":10,"key":"Smiling Mask"},{"floor":14,"key":"Paper Crane"},{"floor":22,"key":"Tough Bandages"},{"floor":22,"key":"Frozen Egg 2"},{"floor":24,"key":"Lantern"},{"floor":26,"key":"Omamori"},{"floor":27,"key":"Sundial"},{"floor":29,"key":"Ancient Tea Set"},{"floor":40,"key":"Art of War"},{"floor":41,"key":"Incense Burner"},{"floor":42,"key":"Vajra"},{"floor":43,"key":"MawBank"},{"floor":48,"key":"Blue Candle"}],"event_choices":[{"damage_healed":0,"gold_gain":0,"player_choice":"Entered Light","damage_taken":14,"max_hp_gain":0,"max_hp_loss":0,"event_name":"Shining Light","floor":2,"gold_loss":0,"cards_upgraded":["Blade Dance","Dodge and Roll"]},{"damage_healed":0,"gold_gain":0,"player_choice":"Donut","damage_taken":0,"max_hp_gain":5,"max_hp_loss":0,"event_name":"Big Fish","floor":4,"gold_loss":0},{"damage_healed":0,"gold_gain":0,"player_choice":"Bought 1 Potion","damage_taken":0,"max_hp_gain":0,"max_hp_loss":0,"event_name":"The Woman in Blue","floor":11,"gold_loss":0},{"damage_healed":0,"gold_gain":0,"player_choice":"Fight","damage_taken":0,"max_hp_gain":0,"max_hp_loss":0,"event_name":"Colosseum","floor":22,"gold_loss":0},{"damage_healed":0,"gold_gain":0,"player_choice":"Fought Nobs","damage_taken":0,"max_hp_gain":0,"max_hp_loss":0,"event_name":"Colosseum","floor":22,"gold_loss":0},{"damage_healed":0,"gold_gain":0,"player_choice":"Upgraded","damage_taken":0,"max_hp_gain":0,"max_hp_loss":0,"event_name":"Upgrade Shrine","floor":25,"gold_loss":0,"cards_upgraded":["Noxious Fumes"]},{"cards_removed":["Caltrops"],"damage_healed":0,"gold_gain":0,"player_choice":"Removed Power","damage_taken":0,"max_hp_gain":0,"max_hp_loss":0,"event_name":"Falling","floor":38,"gold_loss":0},{"damage_healed":0,"gold_gain":0,"player_choice":"Fight","damage_taken":0,"max_hp_gain":0,"max_hp_loss":0,"event_name":"MindBloom","floor":41,"gold_loss":0},{"damage_healed":0,"gold_gain":0,"player_choice":"Paid","damage_taken":0,"relics_obtained":["Red Mask"],"max_hp_gain":0,"max_hp_loss":0,"event_name":"Tomb of Lord Red Mask","floor":45,"gold_loss":319}],"is_beta":false,"boss_relics":[{"not_picked":["Empty Cage","Orrery"],"picked":"Philosopher\u0027s Stone"},{"not_picked":["White Beast Statue","Snecko Eye"],"picked":"Sozu"}],"items_purged_floors":[],"is_endless":false,"potions_floor_spawned":[3,7,10,13,21,22,27,31,33,39,40,42,48],"ascension_level":10}