{"gold_per_floor":[119,136,152,5,5,5,17,36,36,36,52,52,52,71,71,145,145,116,147,167,167,167,167,177,177,227,227,99,112,125,150,150,227,227,239,251,262,275,287,287,301,301,301,321,338,338,28,48,48,48],"floor_reached":50,"playtime":2155,"items_purged":["Writhe"],"score":901,"play_id":"ca52e3e3-4d66-476a-8da9-aa075859bbad","local_time":"20190323134601","is_ascension_mode":true,"campfire_choices":[{"data":"Go for the Eyes","floor":6,"key":"SMITH"},{"floor":13,"key":"REST"},{"data":"Defragment","floor":15,"key":"SMITH"},{"floor":23,"key":"REST"},{"floor":25,"key":"REST"},{"floor":27,"key":"REST"},{"floor":32,"key":"REST"},{"floor":40,"key":"REST"},{"floor":42,"key":"REST"},{"floor":49,"key":"REST"}],"neow_cost":"NONE","seed_source_timestamp":47787642953612,"circlet_count":0,"master_deck":["AscendersBane","Strike_B+1","Strike_B+1","Strike_B+1","Defend_B+1","Defend_B+1","Defend_B+1","Defend_B+1","Zap","Go for the Eyes+1","Chill","Cold Snap","Cold Snap","Loop","Coolheaded","Defragment+1","Electrodynamics","Buffer","Glacier","Tempest","Chill","Coolheaded","Rebound","Creative AI","Cold Snap+1","Chill+1","FTL","Ball Lightning+1","BootSequence+1","Doom and Gloom","Coolheaded","Stack"],"relics":["Sozu","WarpedTongs","Fusion Hammer","Red Mask","PreservedInsect","Bag of Marbles","Sundial","Empty Cage","Gremlin Horn","Anchor"],"potions_floor_usage":[],"damage_taken":[{"damage":4,"enemies":"Jaw Worm","floor":1,"turns":4},{"damage":1,"enemies":"Cultist","floor":2,"turns":3},{"damage":5,"enemies":"Small Slimes","floor":3,"turns":3},{"damage":10,"enemies":"Exordium Thugs","floor":7,"turns":8},{"damage":15,"enemies":"Large Slime","floor":8,"turns":8},{"damage":3,"enemies":"Looter","floor":11,"turns":4},{"damage":0,"enemies":"3 Louse","floor":14,"turns":4},{"damage":27,"enemies":"The Guardian","floor":16,"turns":12},{"damage":6,"enemies":"2 Thieves","floor":18,"turns":4},{"damage":39,"enemies":"Masked Bandits","floor":19,"turns":4},{"damage":0,"enemies":"Chosen","floor":20,"turns":4},{"damage":13,"enemies":"Snake Plant","floor":24,"turns":5},{"damage":1,"enemies":"Cultist and Chosen","floor":29,"turns":7},{"damage":0,"enemies":"Chosen and Byrds","floor":30,"turns":6},{"damage":14,"enemies":"Gremlin Leader","floor":31,"turns":6},{"damage":50,"enemies":"Automaton","floor":33,"turns":15},{"damage":0,"enemies":"Orb Walker","floor":35,"turns":5},{"damage":3,"enemies":"3 Shapes","floor":36,"turns":3},{"damage":18,"enemies":"Spire Growth","floor":37,"turns":6},{"damage":10,"enemies":"Transient","floor":38,"turns":6},{"damage":9,"enemies":"4 Shapes","floor":39,"turns":4},{"damage":0,"enemies":"3 Darklings","floor":41,"turns":5},{"damage":10,"enemies":"Spire Growth","floor":44,"turns":6},{"damage":12,"enemies":"Transient","floor":45,"turns":6},{"damage":21,"enemies":"Maw","floor":48,"turns":10},{"damage":90,"enemies":"Donu and Deca","floor":50,"turns":8}],"seed_played":"-3255412646032491541","potions_obtained":[],"is_trial":false,"path_per_floor":["M","M","M","$","?","R","M","M","T","?","M","?","R","M","R","B",null,"M","?","M","?","?","R","M","R","T","R","$","M","M","E","R","B",null,"M","M","M","M","M","R","M","R","T","M","M","?","$","M","R","B"],"character_chosen":"DEFECT","items_purchased":["Cold Snap","Loop","Coolheaded","Coolheaded","Anchor","Doom and Gloom","Coolheaded"],"campfire_rested":8,"item_purchase_floors":[4,4,4,28,47,47,47],"current_hp_per_floor":[60,59,54,54,54,54,44,29,29,29,26,26,47,47,47,20,58,52,13,13,13,13,34,21,42,42,63,63,62,62,48,69,19,58,58,55,37,27,18,39,39,60,60,50,38,71,71,50,71,0],"gold":48,"neow_bonus":"BOSS_RELIC","is_prod":false,"is_daily":false,"chose_seed":false,"campfire_upgraded":2,"win_rate":0,"timestamp":1553341561,"path_taken":["M","M","M","$","?","R","M","?","T","?","?","?","R","M","R","BOSS","M","?","M","?","?","R","M","R","T","R","?","M","M","E","R","BOSS","M","M","M","M","M","R","M","R","T","M","M","?","?","M","R","BOSS"],"build_version":"2019-01-23","purchased_purges":1,"victory":false,"max_hp_per_floor":[71,71,71,71,71,71,71,71,71,71,71,71,71,71,71,71,71,71,71,71,71,71,71,71,71,71,71,71,71,71,71,71,71,71,71,71,71,71,71,71,71,71,71,71,71,71,71,71,71,71],"card_choices":[{"not_picked":["Scrape","Reprogram"],"picked":"Go for the Eyes","floor":1},{"not_picked":["Turbo","Barrage"],"picked":"Chill","floor":2},{"not_picked":["Beam Cell","Redo"],"picked":"Cold Snap","floor":3},{"not_picked":["Compile Driver","Conserve Battery"],"picked":"Defragment","floor":7},{"not_picked":["Gash","Turbo","Streamline"],"picked":"SKIP","floor":8},{"not_picked":["Stack","Sweeping Beam"],"picked":"Electrodynamics","floor":11},{"not_picked":["Go for the Eyes","Sweeping Beam","Streamline"],"picked":"SKIP","floor":14},{"not_picked":["Biased Cognition","Amplify"],"picked":"Buffer","floor":16},{"not_picked":["Auto Shields","Rebound"],"picked":"Glacier","floor":18},{"not_picked":["Stack","Barrage"],"picked":"Tempest","floor":19},{"not_picked":["Conserve Battery","Hello World"],"picked":"Chill","floor":20},{"not_picked":["Reprogram","Ball Lightning+1","Turbo+1"],"picked":"SKIP","floor":24},{"not_picked":["Recycle","Steam"],"picked":"Rebound","floor":29},{"not_picked":["Ball Lightning","Compile Driver+1","Redo"],"picked":"SKIP","floor":30},{"not_picked":["Beam Cell","Leap","Heatsinks"],"picked":"SKIP","floor":31},{"not_picked":["Fission","All For One"],"picked":"Creative AI","floor":33},{"not_picked":["Redo","Barrage"],"picked":"Cold Snap+1","floor":35},{"not_picked":["Sweeping Beam","Leap+1"],"picked":"Recycle+1","floor":36},{"not_picked":["Beam Cell","Rebound","Tempest"],"picked":"SKIP","floor":37},{"not_picked":["Lockon","Turbo"],"picked":"Chill+1","floor":38},{"not_picked":["Streamline","White Noise"],"picked":"FTL","floor":39},{"not_picked":["Scrape+1","Chaos"],"picked":"Ball Lightning+1","floor":41},{"not_picked":["Genetic Algorithm","Doom and Gloom","Static Discharge"],"picked":"SKIP","floor":44},{"not_picked":["Conserve Battery","Core Surge"],"picked":"BootSequence+1","floor":45},{"not_picked":["Beam Cell","Self Repair"],"picked":"Stack","floor":48}],"player_experience":817562,"relics_obtained":[{"floor":19,"key":"Red Mask"},{"floor":26,"key":"Bag of Marbles"},{"floor":31,"key":"Sundial"},{"floor":43,"key":"Gremlin Horn"}],"event_choices":[{"damage_healed":0,"gold_gain":0,"player_choice":"Rummage","damage_taken":0,"relics_obtained":["WarpedTongs"],"max_hp_gain":0,"max_hp_loss":0,"event_name":"Accursed Blacksmith","floor":5,"gold_loss":0,"cards_obtained":["Pain"]},{"damage_healed":0,"gold_gain":0,"player_choice":"Got Potions","damage_taken":0,"max_hp_gain":0,"max_hp_loss":0,"event_name":"Lab","floor":10,"gold_loss":0},{"cards_removed":["Pain"],"damage_healed":0,"gold_gain":0,"player_choice":"Removed Curses","damage_taken":0,"max_hp_gain":0,"max_hp_loss":0,"event_name":"Fountain of Cleansing","floor":12,"gold_loss":0},{"damage_healed":0,"gold_gain":0,"player_choice":"Fought Bandits","damage_taken":0,"max_hp_gain":0,"max_hp_loss":0,"event_name":"Masked Bandits","floor":19,"gold_loss":0},{"damage_healed":0,"gold_gain":0,"player_choice":"Opened","damage_taken":0,"relics_obtained":["PreservedInsect"],"max_hp_gain":0,"max_hp_loss":0,"event_name":"The Mausoleum","floor":21,"gold_loss":0,"cards_obtained":["Writhe"]},{"damage_healed":0,"gold_gain":0,"player_choice":"Simplicity","damage_taken":0,"max_hp_gain":0,"max_hp_loss":0,"event_name":"Back to Basics","floor":22,"gold_loss":0,"cards_upgraded":["Strike_B","Strike_B","Strike_B","Strike_B","Defend_B","Defend_B","Defend_B","Defend_B"]},{"cards_removed":["Recycle"],"damage_healed":33,"gold_gain":0,"player_choice":"Offered Uncommon","damage_taken":0,"max_hp_gain":0,"max_hp_loss":0,"event_name":"Bonfire Elementals","floor":46,"gold_loss":0}],"is_beta":false,"boss_relics":[{"not_picked":["Orrery","Calling Bell"],"picked":"Fusion Hammer"},{"not_picked":["Eternal Feather","Runic Dome"],"picked":"Empty Cage"}],"items_purged_floors":[28],"is_endless":false,"potions_floor_spawned":[1,7,14,16,19,29,33,36,39,48],"killed_by":"Donu and Deca","ascension_level":19}