{"gold_per_floor":[117,134,148,148,148,148,184,184,260,210,85,85,85,13,13,143,143,158,176,176,176,189,189,205,205,253,267,280,280,296,296,296,421,421,444,459,1,1,25,25,25,25,25,43,57,57,80,80,80,80],"floor_reached":51,"playtime":4897,"items_purged":["Strike_G","Strike_G"],"score":672,"play_id":"78f4cf77-8857-4e05-a95b-922f2f87e700","local_time":"20190202003232","is_ascension_mode":false,"campfire_choices":[{"data":"Neutralize","floor":6,"key":"SMITH"},{"data":"Dagger Spray","floor":12,"key":"SMITH"},{"data":"Backflip","floor":15,"key":"SMITH"},{"data":"J.A.X.","floor":23,"key":"SMITH"},{"data":"Malaise","floor":25,"key":"SMITH"},{"floor":32,"key":"REST"},{"data":"Accuracy","floor":40,"key":"SMITH"},{"data":"Accuracy","floor":42,"key":"SMITH"},{"data":"Storm of Steel","floor":46,"key":"SMITH"},{"data":"Secret Technique","floor":49,"key":"SMITH"}],"neow_cost":"NONE","seed_source_timestamp":41593986798598,"circlet_count":0,"master_deck":["Defend_G","Defend_G","Defend_G","Defend_G","Defend_G","Survivor","Neutralize+1","Dash","Dagger Spray+1","Escape Plan","Flying Knee","Backflip+1","Backstab+1","Malaise+1","Finisher+1","J.A.X.+1","Predator+1","Flying Knee+1","Storm of Steel+1","Cloak And Dagger","Malaise+1","Adrenaline","Cloak And Dagger+1","Acrobatics","Accuracy+1","Accuracy+1","Secret Technique+1","Parasite","Escape Plan","Well Laid Plans+1"],"relics":["Ring of the Serpent","Golden Idol","Vajra","Shuriken","Molten Egg 2","Regal Pillow","Matryoshka","Philosopher\u0027s Stone","DollysMirror","PreservedInsect","Happy Flower","Bag of Marbles","Dead Branch"],"potions_floor_usage":[1,7,16,16,24,33,33,36,39,50],"damage_taken":[{"damage":0,"enemies":"2 Louse","floor":1,"turns":2},{"damage":0,"enemies":"Jaw Worm","floor":2,"turns":3},{"damage":0,"enemies":"Cultist","floor":3,"turns":3},{"damage":0,"enemies":"Gremlin Nob","floor":7,"turns":5},{"damage":30,"enemies":"Hexaghost","floor":16,"turns":6},{"damage":3,"enemies":"Spheric Guardian","floor":18,"turns":4},{"damage":0,"enemies":"3 Byrds","floor":19,"turns":6},{"damage":14,"enemies":"Snake Plant","floor":22,"turns":6},{"damage":22,"enemies":"Snecko","floor":24,"turns":6},{"damage":0,"enemies":"Cultist and Chosen","floor":27,"turns":5},{"damage":24,"enemies":"Shelled Parasite and Fungi","floor":28,"turns":5},{"damage":0,"enemies":"Centurion and Healer","floor":30,"turns":4},{"damage":25,"enemies":"Collector","floor":33,"turns":8},{"damage":0,"enemies":"3 Shapes","floor":35,"turns":2},{"damage":2,"enemies":"3 Darklings","floor":36,"turns":3},{"damage":7,"enemies":"Writhing Mass","floor":39,"turns":4},{"damage":0,"enemies":"Jaw Worm Horde","floor":44,"turns":3},{"damage":0,"enemies":"Transient","floor":45,"turns":5},{"damage":0,"enemies":"Maw","floor":47,"turns":3},{"damage":69,"enemies":"Awakened One","floor":50,"turns":7}],"seed_played":"4301999461415324349","potions_obtained":[{"floor":0,"key":"Fruit Juice"},{"floor":0,"key":"SteroidPotion"},{"floor":0,"key":"Strength Potion"},{"floor":1,"key":"FairyPotion"},{"floor":7,"key":"AttackPotion"},{"floor":19,"key":"SkillPotion"},{"floor":22,"key":"PowerPotion"},{"floor":30,"key":"Block Potion"},{"floor":33,"key":"SteroidPotion"},{"floor":39,"key":"LiquidBronze"}],"is_trial":false,"path_per_floor":["?","?","?","?","$","T","?","?","M","M","T","?","?","T","M","?"],"character_chosen":"THE_SILENT","items_purchased":["Backflip","Backstab+1","Acrobatics","Accuracy","DollysMirror","Block Potion"],"campfire_rested":1,"item_purchase_floors":[11,14,37,37,37,37],"current_hp_per_floor":[75,75,75,80,60,60,60,60,60,60,60,60,60,60,60,30,80,77,77,77,77,63,63,41,41,41,41,17,17,17,17,56,31,80,80,78,78,78,71,71,71,71,71,71,71,71,71,71,71,2],"gold":80,"neow_bonus":"THREE_SMALL_POTIONS","is_prod":false,"is_daily":false,"chose_seed":false,"campfire_upgraded":9,"win_rate":0,"timestamp":1549085552,"path_taken":["M","M","M","?","?","R","E","?","T","?","?","R","?","$","R","BOSS","M","M","?","?","?","R","M","R","T","?","M","?","M","?","R","BOSS","M","M","$","?","M","R","?","R","T","?","M","R","M","?","R","BOSS"],"build_version":"2019-01-23","purchased_purges":2,"victory":true,"max_hp_per_floor":[75,75,75,80,80,80,80,80,80,80,80,80,80,80,80,80,80,80,80,80,80,80,80,80,80,80,80,80,80,80,80,80,80,80,80,80,80,80,80,80,80,80,80,80,80,80,80,80,80,80],"card_choices":[{"not_picked":["Expertise","Cloak And Dagger"],"picked":"Dash","floor":1},{"not_picked":["Deadly Poison","Predator"],"picked":"Dagger Spray","floor":2},{"not_picked":["Blade Dance","Infinite Blades"],"picked":"Escape Plan","floor":3},{"not_picked":["Underhanded Strike","Distraction"],"picked":"Flying Knee","floor":7},{"not_picked":["Storm of Steel","Night Terror"],"picked":"Malaise","floor":16},{"not_picked":["Deadly Poison+1","Acrobatics+1","Deflect"],"picked":"SKIP","floor":18},{"not_picked":["Acrobatics","Poisoned Stab+1"],"picked":"Finisher+1","floor":19},{"not_picked":["Dagger Throw+1","Bane+1"],"picked":"Predator+1","floor":22},{"not_picked":["Slice+1","PiercingWail"],"picked":"Flying Knee+1","floor":24},{"not_picked":["Leg Sweep+1","Endless Agony+1"],"picked":"Storm of Steel","floor":27},{"not_picked":["Bane+1","Flying Knee+1","Slice+1"],"picked":"SKIP","floor":28},{"not_picked":["Dodge and Roll+1","Deadly Poison"],"picked":"Cloak And Dagger","floor":30},{"not_picked":["Unload+1","Die Die Die+1"],"picked":"Adrenaline","floor":33},{"not_picked":["Backflip","Quick Slash+1"],"picked":"Cloak And Dagger+1","floor":35},{"not_picked":["PiercingWail+1","Masterful Stab+1","Dodge and Roll"],"picked":"SKIP","floor":36},{"not_picked":["PanicButton","Panacea"],"picked":"Secret Technique","floor":38},{"not_picked":["Flying Knee+1","PiercingWail","Poisoned Stab+1"],"picked":"SKIP","floor":39},{"not_picked":["Poisoned Stab+1","Flechettes+1"],"picked":"Escape Plan","floor":44},{"not_picked":["Acrobatics+1","Distraction+1"],"picked":"Well Laid Plans+1","floor":45},{"not_picked":["Expertise","Outmaneuver","Bane+1"],"picked":"SKIP","floor":47}],"player_experience":74127,"relics_obtained":[{"floor":7,"key":"Vajra"},{"floor":9,"key":"Shuriken"},{"floor":13,"key":"Molten Egg 2"},{"floor":26,"key":"Regal Pillow"},{"floor":29,"key":"Matryoshka"},{"floor":41,"key":"PreservedInsect"},{"floor":41,"key":"Happy Flower"},{"floor":43,"key":"Bag of Marbles"},{"floor":43,"key":"Dead Branch"}],"event_choices":[{"damage_healed":0,"gold_gain":0,"player_choice":"Donut","damage_taken":0,"max_hp_gain":5,"max_hp_loss":0,"event_name":"Big Fish","floor":4,"gold_loss":0},{"damage_healed":0,"gold_gain":0,"player_choice":"Take Damage","damage_taken":20,"relics_obtained":["Golden Idol"],"max_hp_gain":0,"max_hp_loss":0,"event_name":"Golden Idol","floor":5,"gold_loss":0},{"cards_removed":["Strike_G"],"damage_healed":0,"gold_gain":0,"player_choice":"Forget","damage_taken":0,"max_hp_gain":0,"max_hp_loss":0,"event_name":"Living Wall","floor":8,"gold_loss":0},{"cards_removed":["Strike_G"],"damage_healed":0,"gold_gain":0,"player_choice":"Card Removal","damage_taken":0,"max_hp_gain":0,"max_hp_loss":0,"event_name":"The Cleric","floor":10,"gold_loss":50},{"damage_healed":0,"gold_gain":0,"player_choice":"Obtain J.A.X.","damage_taken":0,"max_hp_gain":0,"max_hp_loss":0,"event_name":"Drug Dealer","floor":20,"gold_loss":0,"cards_obtained":["J.A.X."]},{"cards_removed":["Strike_G"],"damage_healed":0,"gold_gain":0,"player_choice":"Offered Basic","damage_taken":0,"max_hp_gain":0,"max_hp_loss":0,"event_name":"Bonfire Elementals","floor":21,"gold_loss":0},{"damage_healed":0,"gold_gain":0,"player_choice":"Copied","damage_taken":0,"max_hp_gain":0,"max_hp_loss":0,"event_name":"Duplicator","floor":31,"gold_loss":0,"cards_obtained":["Malaise"]},{"damage_healed":0,"gold_gain":0,"player_choice":"Memory 1","damage_taken":0,"max_hp_gain":0,"max_hp_loss":0,"event_name":"SensoryStone","floor":38,"gold_loss":0},{"damage_healed":0,"gold_gain":0,"player_choice":"Ignored","damage_taken":0,"max_hp_gain":0,"max_hp_loss":0,"event_name":"Mysterious Sphere","floor":48,"gold_loss":0}],"is_beta":false,"boss_relics":[{"not_picked":["Snecko Eye","White Beast Statue"],"picked":"Ring of the Serpent"},{"not_picked":["Tiny House","Coffee Dripper"],"picked":"Philosopher\u0027s Stone"}],"items_purged_floors":[11,37],"is_endless":false,"potions_floor_spawned":[1,7,19,22,30,33,39],"ascension_level":0}