{"gold_per_floor":[115,125,140,140,9,9,28,42,42,42,76,76,107,150,150,274,274,274,26,26,26,26,26,26,26,26,26,26,26,26,26,26,26,26,26,26,26,26,26,26,26,26,26,26,26,26,26,0,0,0],"floor_reached":51,"playtime":2432,"items_purged":["Blade Dance"],"score":1186,"play_id":"3961626a-e7fd-4a91-bfad-ee31b8dd54cf","local_time":"20190321181823","daily_mods":["SealedDeck","Heirloom","Uncertain Future"],"is_ascension_mode":true,"campfire_choices":[{"data":"Footwork","floor":6.0,"key":"SMITH"},{"data":"Discovery","floor":10,"key":"SMITH"},{"floor":15,"key":"REST"},{"data":"Apotheosis","floor":23,"key":"SMITH"},{"data":"Accuracy","floor":25,"key":"SMITH"},{"floor":32,"key":"REST"},{"floor":44,"key":"REST"},{"data":"Leg Sweep","floor":47,"key":"SMITH"},{"floor":49,"key":"REST"}],"neow_cost":"","seed_source_timestamp":109438358315571,"circlet_count":0,"master_deck":["AscendersBane","Bouncing Flask","Dagger Spray+1","Crippling Poison","PiercingWail","Blade Dance","Blade Dance","Backflip","Cloak And Dagger","Cloak And Dagger","Cloak And Dagger","Escape Plan","Dash+1","Footwork+1","Discovery+1","Skewer","Corpse Explosion","Venomology","Apotheosis+1","Well Laid Plans+1","Accuracy+1","Escape Plan+1","Leg Sweep+1","Crippling Poison+1","Caltrops+1"],"special_seed":0,"relics":["Ring of the Snake","Pocketwatch","Golden Idol","Turnip","Ginger","The Specimen","Odd Mushroom","Dodecahedron","Ectoplasm","Whetstone","Mummified Hand","Centennial Puzzle","Busted Crown","StoneCalendar","Singing Bowl","PreservedInsect","Smiling Mask","Red Mask"],"potions_floor_usage":[14,14,16,22,22,24,24,27,33,38,40,40,40,41,41,42,50,50,50],"damage_taken":[{"damage":2.0,"enemies":"2 Louse","floor":1.0,"turns":2.0},{"damage":4.0,"enemies":"Small Slimes","floor":2.0,"turns":3.0},{"damage":0.0,"enemies":"Jaw Worm","floor":3.0,"turns":4.0},{"damage":0.0,"enemies":"2 Fungi Beasts","floor":7.0,"turns":4.0},{"damage":8,"enemies":"Lots of Slimes","floor":8,"turns":2},{"damage":20,"enemies":"3 Sentries","floor":11,"turns":6},{"damage":2,"enemies":"The Mushroom Lair","floor":13,"turns":5},{"damage":18,"enemies":"Gremlin Nob","floor":14,"turns":4},{"damage":12,"enemies":"Hexaghost","floor":16,"turns":10},{"damage":0,"enemies":"Chosen","floor":18,"turns":4},{"damage":0,"enemies":"3 Byrds","floor":20,"turns":3},{"damage":9,"enemies":"Shelled Parasite and Fungi","floor":22,"turns":5},{"damage":1,"enemies":"Book of Stabbing","floor":24,"turns":5},{"damage":9,"enemies":"Gremlin Leader","floor":27,"turns":5},{"damage":1,"enemies":"Cultist and Chosen","floor":28,"turns":2},{"damage":0,"enemies":"Centurion and Healer","floor":29,"turns":4},{"damage":2,"enemies":"Snake Plant","floor":30,"turns":3},{"damage":16,"enemies":"Champ","floor":33,"turns":8},{"damage":5,"enemies":"3 Darklings","floor":35,"turns":3},{"damage":0,"enemies":"3 Shapes","floor":36,"turns":2},{"damage":0,"enemies":"Mind Bloom Boss Battle","floor":38,"turns":5},{"damage":0,"enemies":"Jaw Worm Horde","floor":39,"turns":3},{"damage":0,"enemies":"Nemesis","floor":40,"turns":7},{"damage":23,"enemies":"Transient","floor":41,"turns":5},{"damage":33,"enemies":"Reptomancer","floor":42,"turns":5},{"damage":0,"enemies":"3 Darklings","floor":46,"turns":4},{"damage":35,"enemies":"Awakened One","floor":50,"turns":12}],"seed_played":"6887818729188151074","potions_obtained":[{"floor":2.0,"key":"GamblersBrew"},{"floor":13,"key":"FearPotion"},{"floor":14,"key":"AttackPotion"},{"floor":20,"key":"Regen Potion"},{"floor":24,"key":"Fire Potion"},{"floor":36,"key":"Swift Potion"},{"floor":38,"key":"SteroidPotion"},{"floor":46,"key":"Regen Potion"}],"is_trial":true,"path_per_floor":["M","M","M","?","$","R","M","M","T","R","E","?","?","E","R","B",null,"M","$","M","?","M","R","E","R","T","E","M","M","M","?","R","B",null,"M","M","?","?","M","E","M","E","T","R","$","M","R","?","R","B",null],"character_chosen":"THE_SILENT","items_purchased":["Footwork","Discovery","Apotheosis"],"campfire_rested":4,"item_purchase_floors":[5,5,19],"current_hp_per_floor":[61,57,57,57,57,57,57,49,49,49,29,29,27,9,28,16,53,53,53,53,53,58,58,57,57,57,48,47,47,45,45,64,48,61,56,56,56,56,56,58,37,6,6,27,27,29,29,29,50,30],"gold":0,"neow_bonus":"","is_prod":false,"is_daily":false,"chose_seed":false,"campfire_upgraded":5,"win_rate":0,"timestamp":1553188703,"path_taken":["M","M","M","?","$","R","M","M","T","R","E","?","?","E","R","BOSS","M","$","M","?","M","R","E","R","T","E","M","?","M","?","R","BOSS","M","M","?","?","M","E","M","E","T","R","$","M","R","?","R","BOSS"],"build_version":"2019-01-23","purchased_purges":1,"victory":true,"max_hp_per_floor":[70,70,70,65,65,65,65,65,65,65,65,65,65,65,65,65,65,65,65,65,65,65,65,65,65,65,65,65,65,65,65,65,65,65,65,65,65,65,65,67,69,71,71,71,71,73,73,73,73,73],"card_choices":[{"not_picked":["Flying Knee","Flechettes"],"picked":"Escape Plan","floor":1.0},{"not_picked":["Catalyst","Acrobatics"],"picked":"Dash","floor":2.0},{"not_picked":["Dagger Spray","Flechettes"],"picked":"Blade Dance","floor":3.0},{"not_picked":["Underhanded Strike","Dagger Spray","Sucker Punch"],"picked":"SKIP","floor":7},{"not_picked":["Bouncing Flask","Dagger Throw","Quick Slash"],"picked":"SKIP","floor":8},{"not_picked":["Dagger Spray","Choke"],"picked":"Skewer","floor":11},{"not_picked":["Underhanded Strike","Bouncing Flask"],"picked":"Corpse Explosion","floor":14},{"not_picked":["Bullet Time","Storm of Steel"],"picked":"Venomology","floor":16},{"not_picked":["Bane","Eviscerate","Infinite Blades"],"picked":"SKIP","floor":18},{"not_picked":["Quick Slash","Slice","Distraction"],"picked":"SKIP","floor":20},{"not_picked":["Flying Knee","Poisoned Stab"],"picked":"Well Laid Plans+1","floor":22},{"not_picked":["Bane","Flying Knee"],"picked":"Accuracy","floor":24},{"not_picked":["Concentrate","Blade Dance"],"picked":"Tools of the Trade","floor":27},{"not_picked":["Quick Slash+1","Blur"],"picked":"Escape Plan+1","floor":28},{"not_picked":["Bouncing Flask","Caltrops"],"picked":"Leg Sweep","floor":29},{"not_picked":["Prepared+1","Outmaneuver","Slice"],"picked":"SKIP","floor":30},{"not_picked":[],"picked":"Crippling Poison+1","floor":35},{"not_picked":["Outmaneuver+1"],"picked":"SKIP","floor":36},{"not_picked":[],"picked":"Caltrops+1","floor":38},{"not_picked":["Prepared+1"],"picked":"SKIP","floor":39},{"not_picked":["Backstab"],"picked":"Singing Bowl","floor":40},{"not_picked":["Infinite Blades+1"],"picked":"Singing Bowl","floor":41},{"not_picked":["Dagger Throw+1"],"picked":"Singing Bowl","floor":42},{"not_picked":["Finisher"],"picked":"Singing Bowl","floor":46}],"player_experience":1078733,"relics_obtained":[{"floor":9,"key":"Turnip"},{"floor":11,"key":"Ginger"},{"floor":13,"key":"Odd Mushroom"},{"floor":14,"key":"Dodecahedron"},{"floor":24,"key":"Whetstone"},{"floor":26,"key":"Mummified Hand"},{"floor":27,"key":"Centennial Puzzle"},{"floor":38,"key":"StoneCalendar"},{"floor":40,"key":"Singing Bowl"},{"floor":42,"key":"PreservedInsect"},{"floor":43,"key":"Smiling Mask"}],"event_choices":[{"damage_healed":0.0,"max_hp_gain":0.0,"max_hp_loss":5.0,"gold_gain":0.0,"event_name":"Golden Idol","player_choice":"Lose Max HP","floor":4.0,"gold_loss":0.0,"damage_taken":0.0,"relics_obtained":["Golden Idol"]},{"damage_healed":0,"gold_gain":0,"player_choice":"Searched \u00271\u0027 times","damage_taken":0,"relics_obtained":["The Specimen"],"max_hp_gain":0,"max_hp_loss":0,"event_name":"Dead Adventurer","floor":12,"gold_loss":0},{"damage_healed":0,"gold_gain":0,"player_choice":"Fought Mushrooms","damage_taken":0,"max_hp_gain":0,"max_hp_loss":0,"event_name":"Mushrooms","floor":13,"gold_loss":0},{"damage_healed":0,"gold_gain":100,"player_choice":"Pray","damage_taken":0,"max_hp_gain":0,"max_hp_loss":0,"event_name":"Golden Shrine","floor":21,"gold_loss":0},{"cards_removed":["Tools of the Trade"],"damage_healed":0,"gold_gain":0,"player_choice":"Removed Power","damage_taken":0,"max_hp_gain":0,"max_hp_loss":0,"event_name":"Falling","floor":37,"gold_loss":0},{"damage_healed":0,"gold_gain":0,"player_choice":"Fight","damage_taken":0,"max_hp_gain":0,"max_hp_loss":0,"event_name":"MindBloom","floor":38,"gold_loss":0},{"damage_healed":0,"gold_gain":0,"player_choice":"Paid","damage_taken":0,"relics_obtained":["Red Mask"],"max_hp_gain":0,"max_hp_loss":0,"event_name":"Tomb of Lord Red Mask","floor":48,"gold_loss":26}],"is_beta":false,"boss_relics":[{"not_picked":["Lizard Tail","Orrery"],"picked":"Ectoplasm"},{"not_picked":["Runic Pyramid","Black Star"],"picked":"Busted Crown"}],"items_purged_floors":[19],"is_endless":false,"potions_floor_spawned":[2,13,14,20,24,36,38,39,46],"ascension_level":10}