{"gold_per_floor":[211,118,132,147,166,166,199,219,244,244,254,21,21,36,36,115,115,132,132,152,22,37,37,82,94,106,134,161,188,219,50,50,50],"floor_reached":33,"playtime":923,"items_purged":["Strike_R","Strike_R","Defend_R"],"score":506,"play_id":"2fedb683-6388-4d8e-8816-46111a212060","local_time":"20190303132233","is_ascension_mode":true,"campfire_choices":[{"data":"Spot Weakness","floor":6.0,"key":"SMITH"},{"floor":10.0,"key":"REST"},{"floor":15.0,"key":"REST"},{"data":"Armaments","floor":23.0,"key":"SMITH"},{"floor":25.0,"key":"REST"},{"floor":32,"key":"REST"}],"neow_cost":"NONE","seed_source_timestamp":258657211896078,"circlet_count":0,"master_deck":["AscendersBane","Strike_R","Strike_R","Defend_R","Defend_R","Defend_R","Bash","Spot Weakness+1","Ghostly Armor","Heavy Blade","Limit Break","Armaments+1","Clothesline","Feed","Spot Weakness","Shrug It Off","Shrug It Off+1","True Grit","Disarm"],"special_seed":0,"relics":["Burning Blood","Torii","Potion Belt","Bronze Scales","Vajra","Velvet Choker","MawBank","Ornamental Fan"],"potions_floor_usage":[33,33,33,33],"damage_taken":[{"damage":14.0,"enemies":"Small Slimes","floor":1.0,"turns":4.0},{"damage":8.0,"enemies":"Cultist","floor":3.0,"turns":5.0},{"damage":1.0,"enemies":"2 Louse","floor":4.0,"turns":3.0},{"damage":7.0,"enemies":"Looter","floor":5.0,"turns":4.0},{"damage":30.0,"enemies":"Lagavulin","floor":7.0,"turns":6.0},{"damage":23.0,"enemies":"Large Slime","floor":8.0,"turns":7.0},{"damage":12.0,"enemies":"Gremlin Gang","floor":11.0,"turns":5.0},{"damage":1.0,"enemies":"Red Slaver","floor":14.0,"turns":5.0},{"damage":40.0,"enemies":"Slime Boss","floor":16.0,"turns":9.0},{"damage":25.0,"enemies":"Shell Parasite","floor":18.0,"turns":4.0},{"damage":9.0,"enemies":"Chosen","floor":20.0,"turns":7.0},{"damage":15.0,"enemies":"Snake Plant","floor":22.0,"turns":3.0},{"damage":34.0,"enemies":"3 Cultists","floor":27.0,"turns":5.0},{"damage":25.0,"enemies":"Chosen and Byrds","floor":28.0,"turns":7.0},{"damage":14.0,"enemies":"Snake Plant","floor":29.0,"turns":3.0},{"damage":9.0,"enemies":"3 Cultists","floor":30.0,"turns":6.0},{"damage":34,"enemies":"Automaton","floor":33,"turns":4}],"seed_played":"-6676734016127942523","potions_obtained":[{"floor":4.0,"key":"Strength Potion"},{"floor":5.0,"key":"Dexterity Potion"},{"floor":8.0,"key":"Poison Potion"},{"floor":11.0,"key":"Fire Potion"},{"floor":18.0,"key":"Block Potion"},{"floor":29.0,"key":"EntropicBrew"},{"floor":30.0,"key":"Explosive Potion"}],"is_trial":false,"path_per_floor":["M","?","M","M","M","R","E","M","T","R","M","$","$","M","R","B",null,"M","?","M","$","M","R","T","R","T","M","M","M","M","$","R","B"],"character_chosen":"IRONCLAD","items_purchased":["Vajra","Shrug It Off","Strength Potion"],"campfire_rested":4,"item_purchase_floors":[12,21,31],"current_hp_per_floor":[60,60,58,63,62,62,38,21,21,43,37,37,37,42,64,30,64,45,45,45,45,36,36,36,59,59,34,18,10,7,7,32,0],"gold":50,"neow_bonus":"HUNDRED_GOLD","is_prod":false,"is_daily":false,"chose_seed":false,"campfire_upgraded":2,"win_rate":0,"timestamp":1551619353,"path_taken":["M","?","M","?","M","R","E","M","T","R","M","?","$","M","R","BOSS","M","?","M","$","?","R","?","R","T","M","M","M","M","$","R","BOSS"],"build_version":"2019-01-23","purchased_purges":3,"victory":false,"max_hp_per_floor":[75,75,75,75,75,75,75,75,75,75,75,75,75,75,75,75,75,75,75,78,78,78,78,78,78,78,81,84,84,84,84,84,84],"card_choices":[{"not_picked":["Havoc","Burning Pact"],"picked":"Spot Weakness","floor":1.0},{"not_picked":["Pommel Strike","Havoc"],"picked":"Ghostly Armor","floor":3.0},{"not_picked":["Seeing Red","Entrench"],"picked":"Heavy Blade","floor":4.0},{"not_picked":["Body Slam","Sever Soul"],"picked":"Limit Break","floor":5.0},{"not_picked":["Impervious","Burning Pact"],"picked":"Armaments","floor":7.0},{"not_picked":["Flex","Heavy Blade","Burning Pact"],"picked":"SKIP","floor":8.0},{"not_picked":["Heavy Blade","Headbutt","Corruption"],"picked":"SKIP","floor":11.0},{"not_picked":["Havoc","Fire Breathing"],"picked":"Clothesline","floor":14.0},{"not_picked":["Immolate","Exhume"],"picked":"Feed","floor":16.0},{"not_picked":["Havoc","Intimidate"],"picked":"Spot Weakness","floor":18.0},{"not_picked":["Armaments","Heavy Blade","Burning Pact"],"picked":"SKIP","floor":20.0},{"not_picked":["Havoc","Dual Wield","Whirlwind"],"picked":"SKIP","floor":22.0},{"not_picked":["Perfected Strike+1","Iron Wave","Pommel Strike+1"],"picked":"SKIP","floor":27.0},{"not_picked":["Havoc","Warcry"],"picked":"Shrug It Off+1","floor":28.0},{"not_picked":["Cleave","Infernal Blade"],"picked":"True Grit","floor":29.0},{"not_picked":["Rage","Impervious"],"picked":"Disarm","floor":30.0}],"player_experience":543972,"relics_obtained":[{"floor":7.0,"key":"Potion Belt"},{"floor":9.0,"key":"Bronze Scales"},{"floor":24.0,"key":"MawBank"},{"floor":26.0,"key":"Ornamental Fan"}],"event_choices":[{"damage_healed":0.0,"max_hp_gain":0.0,"max_hp_loss":0.0,"gold_gain":0.0,"event_name":"WeMeetAgain","player_choice":"Paid Gold","floor":2.0,"gold_loss":93.0,"damage_taken":0.0,"relics_obtained":["Torii"]},{"cards_removed":["Strike_R"],"damage_healed":0.0,"max_hp_gain":0.0,"max_hp_loss":0.0,"gold_gain":0.0,"event_name":"Bonfire Elementals","player_choice":"Offered Basic","floor":19.0,"gold_loss":0.0,"damage_taken":0.0}],"is_beta":false,"boss_relics":[{"not_picked":["Orrery","Empty Cage"],"picked":"Velvet Choker"}],"items_purged_floors":[12,21,31],"is_endless":false,"potions_floor_spawned":[4,5,8,11,18,29,30],"killed_by":"Automaton","ascension_level":20}