{"gold_per_floor":[110,130,130,149,18,18,48,23,23,85,85,96,44,55,55,133,133,146,146,146,71,83,83,83],"floor_reached":24,"playtime":799,"items_purged":[],"score":369,"play_id":"f4060524-6bdf-4f52-b1fd-3914fd1776ca","local_time":"20190308232016","is_ascension_mode":true,"campfire_choices":[{"data":"Perfected Strike","floor":6.0,"key":"SMITH"},{"floor":11.0,"key":"REST"},{"data":"Disarm","floor":15.0,"key":"SMITH"},{"data":"Perfected Strike","floor":23.0,"key":"SMITH"}],"neow_cost":"PERCENT_DAMAGE","seed_source_timestamp":193397715576805,"circlet_count":0,"master_deck":["AscendersBane","Strike_R","Strike_R","Strike_R","Strike_R","Strike_R","Defend_R","Defend_R","Defend_R","Defend_R","Bash","Impervious","Perfected Strike+1","Twin Strike","Shrug It Off","Flame Barrier","Shrug It Off","Feel No Pain","Perfected Strike+1","Disarm+1","Demon Form","Pommel Strike","Clash+1"],"special_seed":0,"relics":["Burning Blood","Dream Catcher","Pear","Question Card","Velvet Choker"],"potions_floor_usage":[24],"damage_taken":[{"damage":7.0,"enemies":"Cultist","floor":1.0,"turns":5.0},{"damage":2.0,"enemies":"Jaw Worm","floor":2.0,"turns":4.0},{"damage":3.0,"enemies":"Small Slimes","floor":4.0,"turns":3.0},{"damage":20.0,"enemies":"Gremlin Nob","floor":7.0,"turns":4.0},{"damage":49.0,"enemies":"Lagavulin Event","floor":10.0,"turns":8.0},{"damage":15.0,"enemies":"Exordium Wildlife","floor":12.0,"turns":7.0},{"damage":11.0,"enemies":"Large Slime","floor":14.0,"turns":8.0},{"damage":22.0,"enemies":"Hexaghost","floor":16.0,"turns":13.0},{"damage":16.0,"enemies":"3 Byrds","floor":18.0,"turns":6.0},{"damage":0.0,"enemies":"Chosen","floor":22.0,"turns":3.0},{"damage":63,"enemies":"Gremlin Leader","floor":24,"turns":5}],"seed_played":"8676067047250660474","potions_obtained":[{"floor":1.0,"key":"Block Potion"},{"floor":12.0,"key":"Dexterity Potion"},{"floor":18.0,"key":"FearPotion"},{"floor":22.0,"key":"SkillPotion"}],"is_trial":false,"path_per_floor":["M","M","?","M","$","R","E","$","T","?","R","M","$","M","R","B",null,"M","$","?","?","M","R","E"],"character_chosen":"IRONCLAD","items_purchased":["Shrug It Off","BloodPotion","True Grit","Perfected Strike"],"campfire_rested":1,"item_purchase_floors":[5,5,8,13],"current_hp_per_floor":[49,53,53,56,56,56,49,49,59,16,41,32,32,27,27,11,67,57,57,57,57,63,63,0],"gold":83,"neow_bonus":"THREE_RARE_CARDS","is_prod":false,"is_daily":false,"chose_seed":false,"campfire_upgraded":3,"win_rate":0,"timestamp":1552083616,"path_taken":["M","M","?","M","$","R","E","$","T","?","R","M","?","?","R","BOSS","M","$","?","?","M","R","E"],"build_version":"2019-01-23","purchased_purges":0,"victory":false,"max_hp_per_floor":[75,75,75,75,75,75,75,75,85,85,85,85,85,85,85,85,85,85,85,85,85,85,85,85],"card_choices":[{"not_picked":["Demon Form","Bludgeon"],"picked":"Impervious","floor":0.0},{"not_picked":["Blood for Blood","Clothesline"],"picked":"Perfected Strike","floor":1.0},{"not_picked":["Thunderclap","Blood for Blood"],"picked":"Twin Strike","floor":2.0},{"not_picked":["Thunderclap","Warcry","Juggernaut"],"picked":"SKIP","floor":4.0},{"not_picked":["Armaments","Corruption"],"picked":"Flame Barrier","floor":7.0},{"not_picked":["Second Wind","Warcry"],"picked":"Shrug It Off","floor":10.0},{"not_picked":["Sword Boomerang","Cleave","Blood for Blood"],"picked":"Feel No Pain","floor":11.0},{"not_picked":["Body Slam","Reckless Charge","Clothesline","Wild Strike"],"picked":"SKIP","floor":12.0},{"not_picked":["Bloodletting","Second Wind","True Grit"],"picked":"Disarm","floor":14.0},{"not_picked":["Feed","Offering","Reaper"],"picked":"Demon Form","floor":16.0},{"not_picked":["Intimidate","Havoc+1","Perfected Strike"],"picked":"Pommel Strike","floor":18.0},{"not_picked":["True Grit","Cleave","Hemokinesis"],"picked":"Clash+1","floor":22.0}],"player_experience":949300,"relics_obtained":[{"floor":7.0,"key":"Dream Catcher"},{"floor":9.0,"key":"Pear"},{"floor":10.0,"key":"Question Card"}],"event_choices":[{"damage_healed":0.0,"max_hp_gain":0.0,"max_hp_loss":0.0,"gold_gain":0.0,"event_name":"Golden Wing","player_choice":"Ignored","floor":3.0,"gold_loss":0.0,"damage_taken":0.0},{"damage_healed":0.0,"max_hp_gain":0.0,"max_hp_loss":0.0,"gold_gain":30.0,"event_name":"Dead Adventurer","player_choice":"Searched \u00272\u0027 times","floor":10.0,"gold_loss":0.0,"damage_taken":0.0},{"damage_healed":0.0,"max_hp_gain":0.0,"max_hp_loss":0.0,"gold_gain":0.0,"event_name":"The Mausoleum","player_choice":"Ignored","floor":20.0,"gold_loss":0.0,"damage_taken":0.0},{"cards_removed":["True Grit"],"damage_healed":0.0,"max_hp_gain":0.0,"max_hp_loss":0.0,"gold_gain":0.0,"event_name":"Beggar","player_choice":"Gave Gold","floor":21.0,"gold_loss":75.0,"damage_taken":0.0}],"is_beta":false,"boss_relics":[{"not_picked":["Snecko Eye","Coffee Dripper"],"picked":"Velvet Choker"}],"items_purged_floors":[],"is_endless":false,"potions_floor_spawned":[1,12,18,22],"killed_by":"Gremlin Leader","ascension_level":18}