{"gold_per_floor":[119,68,88,88,100,100,128,141,141,141,160,160,171,190,190,265,265,276,286,486,486],"floor_reached":21,"playtime":882,"items_purged":[],"score":357,"play_id":"b765e762-41cf-41f8-a310-6d894569e9ba","local_time":"20190113185636","is_ascension_mode":true,"campfire_choices":[{"floor":10,"key":"REST"},{"floor":12,"key":"REST"},{"data":"Noxious Fumes","floor":15,"key":"SMITH"}],"neow_cost":"CURSE","seed_source_timestamp":91146864656628,"circlet_count":0,"master_deck":["AscendersBane","Survivor","Neutralize","Writhe","Deadly Poison","Flying Knee","Backflip","Footwork+1","Noxious Fumes+1","Bane","Blur","Dagger Throw","PiercingWail","Dash","Skewer","Die Die Die","Dodge and Roll","Malaise","Outmaneuver","Noxious Fumes","Masterful Stab","Blade Dance","Blade Dance","Leg Sweep","Predator","Crippling Poison"],"relics":["Ring of the Snake","Torii","Prayer Wheel","Matryoshka","Pandora\u0027s Box"],"potions_floor_usage":[7,8,13,16,19],"damage_taken":[{"damage":2,"enemies":"Jaw Worm","floor":1,"turns":7},{"damage":11,"enemies":"Cultist","floor":3,"turns":4},{"damage":7,"enemies":"Small Slimes","floor":5,"turns":3},{"damage":35,"enemies":"3 Sentries","floor":7,"turns":17},{"damage":0,"enemies":"Blue Slaver","floor":8,"turns":5},{"damage":8,"enemies":"Lots of Slimes","floor":11,"turns":5},{"damage":1,"enemies":"Exordium Thugs","floor":13,"turns":7},{"damage":2,"enemies":"Blue Slaver","floor":14,"turns":4},{"damage":30,"enemies":"Hexaghost","floor":16,"turns":10},{"damage":6,"enemies":"3 Byrds","floor":18,"turns":4},{"damage":26,"enemies":"Spheric Guardian","floor":19,"turns":6},{"damage":26,"enemies":"Snecko","floor":21,"turns":7}],"seed_played":"-7265240756494860589","potions_obtained":[{"floor":3,"key":"FearPotion"},{"floor":5,"key":"GhostInAJar"},{"floor":11,"key":"PowerPotion"},{"floor":14,"key":"GhostInAJar"},{"floor":16,"key":"EssenceOfSteel"}],"is_trial":false,"path_per_floor":["M","$","M","?","M","?","E","M","T","R","M","R","M","M","R","B",null,"M","M","?","M"],"character_chosen":"THE_SILENT","items_purchased":["Flying Knee"],"campfire_rested":2,"item_purchase_floors":[2],"current_hp_per_floor":[57,57,46,46,39,39,4,4,4,23,15,34,33,31,31,1,50,44,18,18,0],"gold":486,"neow_bonus":"ONE_RARE_RELIC","is_prod":false,"is_daily":false,"chose_seed":false,"campfire_upgraded":1,"win_rate":0,"timestamp":1547405796,"path_taken":["M","$","M","?","?","?","E","M","T","R","M","R","M","M","R","BOSS","M","M","?","?"],"build_version":"2019-01-10","purchased_purges":0,"victory":false,"max_hp_per_floor":[66,66,66,66,66,66,66,66,66,66,66,66,66,66,66,66,66,66,66,66,66],"card_choices":[{"not_picked":["Tactician","Poisoned Stab"],"picked":"Deadly Poison","floor":1},{"not_picked":["Deflect","All Out Attack","Concentrate"],"picked":"SKIP","floor":3},{"not_picked":["Poisoned Stab","Quick Slash"],"picked":"Footwork","floor":5},{"not_picked":["Backflip","Skewer"],"picked":"Noxious Fumes","floor":7},{"not_picked":["Riddle With Holes","Catalyst"],"picked":"Bane","floor":8},{"not_picked":["Reflex","Masterful Stab","Flying Knee"],"picked":"SKIP","floor":8},{"not_picked":["Bullet Time","Finisher"],"picked":"Blur","floor":11},{"not_picked":["Acrobatics","Quick Slash"],"picked":"Dagger Throw","floor":11},{"not_picked":["Underhanded Strike","Eviscerate"],"picked":"PiercingWail","floor":13},{"not_picked":["Slice","Outmaneuver","Acrobatics"],"picked":"SKIP","floor":13},{"not_picked":["PiercingWail","Quick Slash"],"picked":"Dash","floor":14},{"not_picked":["Slice","Backstab"],"picked":"Skewer","floor":14},{"not_picked":["Phantasmal Killer","Storm of Steel"],"picked":"Die Die Die","floor":16},{"not_picked":["Dagger Throw","Acrobatics","Sucker Punch"],"picked":"SKIP","floor":18},{"not_picked":["Dagger Spray","Bouncing Flask","Prepared"],"picked":"SKIP","floor":18},{"not_picked":["Dagger Spray+1","Masterful Stab"],"picked":"Crippling Poison","floor":19},{"not_picked":["Acrobatics","Eviscerate","Prepared"],"picked":"SKIP","floor":19}],"player_experience":507526,"relics_obtained":[{"floor":7,"key":"Prayer Wheel"},{"floor":9,"key":"Matryoshka"}],"event_choices":[{"damage_healed":0,"gold_gain":0,"cards_transformed":["Strike_G"],"player_choice":"Transformed","damage_taken":0,"max_hp_gain":0,"max_hp_loss":0,"event_name":"Transmorgrifier","floor":4,"gold_loss":0,"cards_obtained":["Backflip"]},{"damage_healed":0,"gold_gain":0,"player_choice":"Grow","damage_taken":0,"max_hp_gain":0,"max_hp_loss":0,"event_name":"Living Wall","floor":6,"gold_loss":0,"cards_upgraded":["Footwork"]},{"damage_healed":0,"gold_gain":250,"player_choice":"Bet on Owner","damage_taken":0,"max_hp_gain":0,"max_hp_loss":0,"event_name":"The Joust","floor":20,"gold_loss":50}],"is_beta":false,"boss_relics":[{"not_picked":["Philosopher\u0027s Stone","Coffee Dripper"],"picked":"Pandora\u0027s Box"}],"items_purged_floors":[],"is_endless":false,"potions_floor_spawned":[3,5,11,14,16],"killed_by":"Snecko","ascension_level":19}