{"gold_per_floor":[111,129,14,30,30,30,64,64,64,111,144,144,156,166,166,240,240,256,531,107,107,67,67,99,99,146,146,107,126,159,5,5,77,127,147,147,1146,530,530,560,31,31,31,31,48,68,68,86,86,86,86],"floor_reached":51,"playtime":2218,"items_purged":["Defend_G","Regret","Strike_G","Defend_G","Defend_G"],"score":1409,"play_id":"c31561c8-d283-4c14-8c88-e3d624934256","local_time":"20190312233011","is_ascension_mode":true,"campfire_choices":[{"data":"Dagger Spray","floor":6.0,"key":"SMITH"},{"floor":8.0,"key":"REST"},{"floor":15.0,"key":"REST"},{"data":"Cloak And Dagger","floor":23.0,"key":"SMITH"},{"floor":25.0,"key":"REST"},{"data":"Cloak And Dagger","floor":27.0,"key":"SMITH"},{"data":"Footwork","floor":32.0,"key":"SMITH"},{"data":"Footwork","floor":42.0,"key":"SMITH"},{"floor":44.0,"key":"REST"},{"data":"Infinite Blades","floor":47.0,"key":"SMITH"},{"data":"After Image","floor":49.0,"key":"SMITH"}],"neow_cost":"NONE","seed_source_timestamp":537788171673746,"circlet_count":0,"master_deck":["AscendersBane","Defend_G+1","Defend_G","Strike_G+1","Survivor","Neutralize+1","Backflip","Dagger Spray+1","Leg Sweep","Cloak And Dagger+1","Sucker Punch+1","Adrenaline","Dagger Spray+1","Venomology+1","PiercingWail+1","PiercingWail+1","Cloak And Dagger+1","Accuracy+1","Cloak And Dagger+1","Footwork+1","Blade Dance","After Image+1","Blade Dance","Accuracy","Footwork+1","Infinite Blades+1"],"special_seed":0,"relics":["Ring of the Snake","NeowsBlessing","Molten Egg 2","Shuriken","Letter Opener","Regal Pillow","Pen Nib","Astrolabe","Ornamental Fan","MutagenicStrength","Omamori","War Paint","Whetstone","Tiny House","Anchor","Toy Ornithopter","Dodecahedron","Paper Crane","Pantograph"],"potions_floor_usage":[51],"damage_taken":[{"damage":0.0,"enemies":"Cultist","floor":1.0,"turns":1.0},{"damage":0.0,"enemies":"Jaw Worm","floor":2.0,"turns":1.0},{"damage":0.0,"enemies":"2 Louse","floor":4.0,"turns":1.0},{"damage":33.0,"enemies":"3 Sentries","floor":7.0,"turns":12.0},{"damage":20.0,"enemies":"Gremlin Nob","floor":11.0,"turns":5.0},{"damage":4.0,"enemies":"Exordium Wildlife","floor":13.0,"turns":4.0},{"damage":0.0,"enemies":"Exordium Thugs","floor":14.0,"turns":3.0},{"damage":12.0,"enemies":"The Guardian","floor":16.0,"turns":13.0},{"damage":1.0,"enemies":"3 Byrds","floor":18.0,"turns":5.0},{"damage":61.0,"enemies":"Book of Stabbing","floor":24.0,"turns":8.0},{"damage":0.0,"enemies":"Shell Parasite","floor":29.0,"turns":2.0},{"damage":0.0,"enemies":"Gremlin Leader","floor":30.0,"turns":6.0},{"damage":51.0,"enemies":"Automaton","floor":33.0,"turns":9.0},{"damage":0.0,"enemies":"3 Shapes","floor":35.0,"turns":3.0},{"damage":42.0,"enemies":"Giant Head","floor":40.0,"turns":8.0},{"damage":22.0,"enemies":"3 Darklings","floor":45.0,"turns":5.0},{"damage":4.0,"enemies":"Writhing Mass","floor":46.0,"turns":9.0},{"damage":0.0,"enemies":"Spire Growth","floor":48.0,"turns":5.0},{"damage":48.0,"enemies":"Awakened One","floor":50.0,"turns":14.0},{"damage":78,"enemies":"Time Eater","floor":51,"turns":12}],"seed_played":"90736518991442485","potions_obtained":[{"floor":4.0,"key":"Poison Potion"},{"floor":7.0,"key":"GhostInAJar"},{"floor":11.0,"key":"PowerPotion"},{"floor":14.0,"key":"Poison Potion"},{"floor":29.0,"key":"Explosive Potion"},{"floor":30.0,"key":"Strength Potion"},{"floor":33.0,"key":"Strength Potion"},{"floor":34.0,"key":"FairyPotion"},{"floor":45.0,"key":"Explosive Potion"},{"floor":48.0,"key":"AttackPotion"}],"is_trial":false,"path_per_floor":["M","M","$","M","?","R","E","R","T","T","E","?","M","M","R","B",null,"M","?","$","?","$","R","E","R","T","R","$","M","E","$","R","B",null,"M","?","?","$","?","E","$","R","T","R","M","M","R","M","R","B","B"],"character_chosen":"THE_SILENT","items_purchased":["Leg Sweep","Ornamental Fan","Cloak And Dagger","Accuracy","Footwork","Blade Dance","Anchor","Toy Ornithopter","Accuracy","Footwork","Paper Crane"],"campfire_rested":4,"item_purchase_floors":[3,20,20,22,28,31,38,38,38,41,41],"current_hp_per_floor":[59,59,59,59,41,41,8,27,27,27,7,7,3,3,37,25,56,55,55,55,55,55,55,9,43,43,43,43,43,57,57,57,6,56,56,56,56,56,71,29,29,29,29,65,53,59,59,71,71,28,0],"gold":86,"neow_bonus":"THREE_ENEMY_KILL","is_prod":false,"is_daily":false,"chose_seed":false,"campfire_upgraded":7,"win_rate":0,"timestamp":1552429811,"path_taken":["M","?","$","M","?","R","E","R","T","?","E","?","M","M","R","BOSS","M","?","?","?","$","R","E","R","T","R","$","M","E","?","R","BOSS","M","?","?","$","?","E","$","R","T","R","M","M","R","M","R","BOSS","BOSS"],"build_version":"2019-01-23","purchased_purges":5,"victory":false,"max_hp_per_floor":[66,66,66,66,66,66,66,66,66,66,66,66,66,66,66,66,66,66,66,66,66,66,66,66,66,66,66,66,66,66,66,66,66,71,71,71,71,71,71,71,71,71,71,71,71,71,71,71,71,71,71],"card_choices":[{"not_picked":["Prepared","Deflect"],"picked":"Backflip","floor":1.0},{"not_picked":["Bouncing Flask","Dodge and Roll"],"picked":"Dagger Spray","floor":2.0},{"not_picked":["Choke","Expertise","Dagger Throw"],"picked":"SKIP","floor":4.0},{"not_picked":["Underhanded Strike+1","Accuracy"],"picked":"Cloak And Dagger","floor":7.0},{"not_picked":["Choke+1","Bullet Time"],"picked":"Sucker Punch+1","floor":11.0},{"not_picked":["Sucker Punch+1","Deadly Poison","Flying Knee+1"],"picked":"SKIP","floor":13.0},{"not_picked":["Eviscerate+1","Flying Knee+1","Distraction"],"picked":"SKIP","floor":14.0},{"not_picked":["Wraith Form v2","Phantasmal Killer"],"picked":"Adrenaline","floor":16.0},{"not_picked":["Poisoned Stab+1","Backflip+1"],"picked":"PiercingWail+1","floor":18.0},{"not_picked":["Masterful Stab+1","Expertise"],"picked":"Cloak And Dagger","floor":24.0},{"not_picked":["Eviscerate+1","Quick Slash+1","Deflect"],"picked":"SKIP","floor":29.0},{"not_picked":["Acrobatics","Outmaneuver+1","Tactician"],"picked":"SKIP","floor":30.0},{"not_picked":["Unload+1","Tools of the Trade"],"picked":"After Image","floor":33.0},{"not_picked":["Dagger Throw+1","Acrobatics+1"],"picked":"Blade Dance","floor":34.0},{"not_picked":["Dagger Spray+1","Eviscerate+1","Outmaneuver+1"],"picked":"SKIP","floor":35.0},{"not_picked":["Good Instincts","Deep Breath"],"picked":"Dramatic Entrance+1","floor":36.0},{"not_picked":["Quick Slash+1","Dagger Throw+1","Glass Knife+1"],"picked":"SKIP","floor":40.0},{"not_picked":["Cloak And Dagger","Acrobatics","Calculated Gamble"],"picked":"SKIP","floor":45.0},{"not_picked":["Expertise","Backflip"],"picked":"Infinite Blades","floor":46.0},{"not_picked":["PiercingWail","Eviscerate+1","Underhanded Strike+1"],"picked":"SKIP","floor":48.0}],"player_experience":987661,"relics_obtained":[{"floor":7.0,"key":"Shuriken"},{"floor":9.0,"key":"Letter Opener"},{"floor":10.0,"key":"Regal Pillow"},{"floor":11.0,"key":"Pen Nib"},{"floor":24.0,"key":"Omamori"},{"floor":26.0,"key":"War Paint"},{"floor":30.0,"key":"Whetstone"},{"floor":40.0,"key":"Dodecahedron"},{"floor":43.0,"key":"Pantograph"}],"event_choices":[{"damage_healed":0.0,"max_hp_gain":0.0,"max_hp_loss":0.0,"gold_gain":0.0,"event_name":"Scrap Ooze","player_choice":"Success","floor":5.0,"gold_loss":0.0,"damage_taken":18.0,"relics_obtained":["Molten Egg 2"]},{"damage_healed":0.0,"max_hp_gain":0.0,"max_hp_loss":0.0,"gold_gain":0.0,"event_name":"Shining Light","player_choice":"Ignored","floor":12.0,"gold_loss":0.0,"damage_taken":0.0},{"damage_healed":0.0,"max_hp_gain":0.0,"max_hp_loss":0.0,"gold_gain":275.0,"event_name":"Golden Shrine","player_choice":"Desecrate","floor":19.0,"gold_loss":0.0,"damage_taken":0.0,"cards_obtained":["Regret"]},{"damage_healed":0.0,"max_hp_gain":0.0,"max_hp_loss":0.0,"gold_gain":0.0,"event_name":"Drug Dealer","player_choice":"Inject Mutagens","floor":21.0,"gold_loss":0.0,"damage_taken":0.0,"relics_obtained":["MutagenicStrength"]},{"damage_healed":0.0,"max_hp_gain":0.0,"max_hp_loss":0.0,"gold_gain":0.0,"event_name":"SensoryStone","player_choice":"Memory 1","floor":36.0,"gold_loss":0.0,"damage_taken":0.0},{"damage_healed":0.0,"max_hp_gain":0.0,"max_hp_loss":0.0,"gold_gain":999.0,"event_name":"MindBloom","player_choice":"Gold","floor":37.0,"gold_loss":0.0,"damage_taken":0.0,"cards_obtained":["Normality","Normality"]},{"cards_removed":["Dramatic Entrance"],"damage_healed":15.0,"max_hp_gain":0.0,"max_hp_loss":0.0,"gold_gain":0.0,"event_name":"Bonfire Elementals","player_choice":"Offered Uncommon","floor":39.0,"gold_loss":0.0,"damage_taken":0.0}],"is_beta":false,"boss_relics":[{"not_picked":["Lizard Tail","White Beast Statue"],"picked":"Astrolabe"},{"not_picked":["Empty Cage","Runic Pyramid"],"picked":"Tiny House"}],"items_purged_floors":[3,20,31,38,41],"is_endless":false,"potions_floor_spawned":[4,7,11,14,29,30,33,45,48],"killed_by":"Time Eater","ascension_level":20}