{"gold_per_floor":[118,43,43,54,0,0,20,35,35,63,63,63,83,83,83,155,155,175,175,191,204,239,239,268,284,284,284],"floor_reached":27,"playtime":1087,"items_purged":[],"score":454,"play_id":"c803f790-0203-4119-a838-1145310631b6","local_time":"20190125171641","is_ascension_mode":true,"campfire_choices":[{"data":"Well Laid Plans","floor":6.0,"key":"SMITH"},{"floor":12.0,"key":"REST"},{"data":"Skewer","floor":15.0,"key":"SMITH"},{"data":"After Image","floor":23.0,"key":"SMITH"}],"neow_cost":"NONE","seed_source_timestamp":76264512965397,"circlet_count":0,"master_deck":["AscendersBane","Defend_G","Defend_G","Defend_G","Defend_G","Defend_G","Strike_G","Strike_G","Strike_G","Survivor","Neutralize","Deep Breath","Backstab","Well Laid Plans+1","Dagger Spray","Flying Knee","Terror","Skewer+1","After Image+1","Footwork","J.A.X.","Backflip","Escape Plan","Dagger Throw","Noxious Fumes"],"special_seed":0,"relics":["Ring of the Snake","Nunchaku","Thread and Needle","Runic Dome","Red Mask","Snake Skull","Anchor"],"potions_floor_usage":[],"damage_taken":[{"damage":10.0,"enemies":"Jaw Worm","floor":1.0,"turns":7.0},{"damage":1.0,"enemies":"Small Slimes","floor":4.0,"turns":4.0},{"damage":0.0,"enemies":"Cultist","floor":7.0,"turns":3.0},{"damage":3.0,"enemies":"Blue Slaver","floor":8.0,"turns":4.0},{"damage":17.0,"enemies":"3 Sentries","floor":10.0,"turns":8.0},{"damage":2.0,"enemies":"3 Louse","floor":13.0,"turns":3.0},{"damage":26.0,"enemies":"Hexaghost","floor":16.0,"turns":9.0},{"damage":6.0,"enemies":"Chosen","floor":18.0,"turns":5.0},{"damage":4.0,"enemies":"3 Byrds","floor":20.0,"turns":5.0},{"damage":11.0,"enemies":"Centurion and Healer","floor":21.0,"turns":5.0},{"damage":3.0,"enemies":"Masked Bandits","floor":22.0,"turns":4.0},{"damage":21,"enemies":"Gremlin Leader","floor":24,"turns":6},{"damage":6,"enemies":"Snecko","floor":25,"turns":6},{"damage":4,"enemies":"Snake Plant","floor":27,"turns":3}],"seed_played":"8446312527545538158","potions_obtained":[{"floor":4.0,"key":"LiquidBronze"},{"floor":10.0,"key":"SmokeBomb"},{"floor":13.0,"key":"SkillPotion"},{"floor":18.0,"key":"Explosive Potion"},{"floor":21.0,"key":"EssenceOfSteel"}],"is_trial":false,"path_per_floor":["M","?","?","M","$","R","M","M","T","E","?","R","M","?","R","B",null,"M","?","M","M","?","R","E","M","T","M"],"character_chosen":"THE_SILENT","items_purchased":["Dagger Spray"],"campfire_rested":1,"item_purchase_floors":[5],"current_hp_per_floor":[49,49,49,48,48,48,48,45,45,28,28,47,45,45,45,19,54,48,48,44,33,30,30,9,3,3,0],"gold":284,"neow_bonus":"RANDOM_COLORLESS","is_prod":false,"is_daily":false,"chose_seed":false,"campfire_upgraded":3,"win_rate":0,"timestamp":1548436601,"path_taken":["M","?","?","M","$","R","?","M","T","E","?","R","M","?","R","BOSS","M","?","M","M","?","R","E","M","T","M"],"build_version":"2019-01-23","purchased_purges":0,"victory":false,"max_hp_per_floor":[66,66,66,66,66,66,66,66,66,66,66,66,66,66,66,66,66,66,66,66,66,66,66,66,66,66,66],"card_choices":[{"not_picked":["Riddle With Holes","Outmaneuver"],"picked":"Backstab","floor":1.0},{"not_picked":["PiercingWail","Backflip"],"picked":"Well Laid Plans","floor":4.0},{"not_picked":["Endless Agony","Dodge and Roll"],"picked":"Flying Knee","floor":7.0},{"not_picked":["Expertise","Poisoned Stab"],"picked":"Terror","floor":8.0},{"not_picked":["Outmaneuver","Phantasmal Killer","Accuracy"],"picked":"SKIP","floor":10.0},{"not_picked":["Deflect","Cloak And Dagger"],"picked":"Skewer","floor":13.0},{"not_picked":["Envenom","Malaise"],"picked":"After Image","floor":16.0},{"not_picked":["Sucker Punch","Accuracy+1"],"picked":"Footwork","floor":18.0},{"not_picked":["Expertise","Prepared"],"picked":"Backflip","floor":20.0},{"not_picked":["Cloak And Dagger","Bouncing Flask"],"picked":"Escape Plan","floor":21.0},{"not_picked":["Prepared","Backflip"],"picked":"Dagger Throw","floor":22.0},{"not_picked":["Infinite Blades","Eviscerate"],"picked":"Noxious Fumes","floor":24},{"not_picked":["Acrobatics","Terror","Underhanded Strike+1"],"picked":"SKIP","floor":25}],"player_experience":515962,"relics_obtained":[{"floor":9.0,"key":"Nunchaku"},{"floor":10.0,"key":"Thread and Needle"},{"floor":22.0,"key":"Red Mask"},{"floor":24,"key":"Snake Skull"},{"floor":26,"key":"Anchor"}],"event_choices":[{"cards_removed":["Strike_G"],"damage_healed":0.0,"max_hp_gain":0.0,"max_hp_loss":0.0,"gold_gain":0.0,"event_name":"The Cleric","player_choice":"Card Removal","floor":2.0,"gold_loss":75.0,"damage_taken":0.0},{"cards_removed":["Strike_G"],"damage_healed":0.0,"max_hp_gain":0.0,"max_hp_loss":0.0,"gold_gain":0.0,"event_name":"Wheel of Change","player_choice":"Card Removal","floor":3.0,"gold_loss":0.0,"damage_taken":0.0},{"damage_healed":0.0,"max_hp_gain":0.0,"max_hp_loss":0.0,"gold_gain":0.0,"event_name":"Golden Idol","player_choice":"Ignored","floor":11.0,"gold_loss":0.0,"damage_taken":0.0},{"damage_healed":0.0,"max_hp_gain":0.0,"max_hp_loss":0.0,"gold_gain":0.0,"event_name":"Liars Game","player_choice":"Ignored","floor":14.0,"gold_loss":0.0,"damage_taken":0.0},{"damage_healed":0.0,"max_hp_gain":0.0,"max_hp_loss":0.0,"gold_gain":0.0,"event_name":"Drug Dealer","player_choice":"Obtain J.A.X.","floor":19.0,"gold_loss":0.0,"damage_taken":0.0,"cards_obtained":["J.A.X."]},{"damage_healed":0.0,"max_hp_gain":0.0,"max_hp_loss":0.0,"gold_gain":0.0,"event_name":"Masked Bandits","player_choice":"Fought Bandits","floor":22.0,"gold_loss":0.0,"damage_taken":0.0}],"is_beta":false,"boss_relics":[{"not_picked":["Philosopher\u0027s Stone","Ring of the Serpent"],"picked":"Runic Dome"}],"items_purged_floors":[],"is_endless":false,"potions_floor_spawned":[4,10,13,18,21],"killed_by":"Snake Plant","ascension_level":19}