{"gold_per_floor":[121,58,145,171,183,195,222,234,271,294,339,351,363,394,406,495,507,538,202,219,219,232,15,47,47,70,70,90,90,122,122,122,199,199,214,229,229,129,147,180,180,211,211,226,260,0,14,25,25,25,25],"floor_reached":51,"playtime":2183,"items_purged":["Strike_B","Writhe"],"score":1510,"play_id":"d96b805a-c1de-4b77-8f5f-5e35a12b4a7f","local_time":"20190324091858","is_ascension_mode":true,"campfire_choices":[{"floor":6.0,"key":"REST"},{"data":"Zap","floor":8.0,"key":"SMITH"},{"data":"Doom and Gloom","floor":13.0,"key":"SMITH"},{"data":"Sweeping Beam","floor":15.0,"key":"SMITH"},{"floor":25.0,"key":"REST"},{"data":"Defragment","floor":27.0,"key":"SMITH"},{"floor":29.0,"key":"REST"},{"data":"Glacier","floor":32.0,"key":"SMITH"},{"floor":41.0,"key":"REST"},{"floor":49,"key":"RECALL"}],"neow_cost":"NONE","seed_source_timestamp":528458293545300,"circlet_count":0,"master_deck":["AscendersBane","Strike_B+1","Strike_B","Defend_B+1","Defend_B+1","Defend_B","Defend_B","Zap+1","Dualcast+1","Doom and Gloom+1","Sweeping Beam+1","White Noise","Glacier+1","Seek","White Noise","Defragment+1","Echo Form","Leap","Echo Form","Capacitor+1","Conserve Battery"],"special_seed":0,"relics":["Cracked Core","MawBank","War Paint","FossilizedHelix","Sozu","Letter Opener","ClockworkSouvenir","Blue Candle","Orichalcum","Red Mask","Runic Pyramid","Vajra","Smiling Mask","The Courier","Ginger"],"potions_floor_usage":[],"damage_taken":[{"damage":4.0,"enemies":"Small Slimes","floor":1.0,"turns":3.0},{"damage":14.0,"enemies":"Jaw Worm","floor":4.0,"turns":3.0},{"damage":0.0,"enemies":"2 Louse","floor":7.0,"turns":2.0},{"damage":14.0,"enemies":"Large Slime","floor":10.0,"turns":4.0},{"damage":11.0,"enemies":"Gremlin Nob","floor":11.0,"turns":3.0},{"damage":0.0,"enemies":"Blue Slaver","floor":14.0,"turns":4.0},{"damage":23.0,"enemies":"The Guardian","floor":16.0,"turns":10.0},{"damage":0.0,"enemies":"Chosen","floor":18.0,"turns":5.0},{"damage":18.0,"enemies":"3 Byrds","floor":20.0,"turns":3.0},{"damage":0.0,"enemies":"3 Cultists","floor":22.0,"turns":4.0},{"damage":32.0,"enemies":"Gremlin Leader","floor":24.0,"turns":5.0},{"damage":10.0,"enemies":"Snake Plant","floor":28.0,"turns":4.0},{"damage":0.0,"enemies":"Masked Bandits","floor":30.0,"turns":3.0},{"damage":38.0,"enemies":"Automaton","floor":33.0,"turns":9.0},{"damage":18.0,"enemies":"3 Darklings","floor":35.0,"turns":3.0},{"damage":0.0,"enemies":"3 Shapes","floor":36.0,"turns":3.0},{"damage":18.0,"enemies":"Jaw Worm Horde","floor":39.0,"turns":4.0},{"damage":0.0,"enemies":"Giant Head","floor":40.0,"turns":9.0},{"damage":9.0,"enemies":"Nemesis","floor":42.0,"turns":7.0},{"damage":0.0,"enemies":"Maw","floor":44.0,"turns":8.0},{"damage":0.0,"enemies":"Giant Head","floor":45.0,"turns":7.0},{"damage":14,"enemies":"4 Shapes","floor":47,"turns":5},{"damage":0,"enemies":"Transient","floor":48,"turns":6},{"damage":29,"enemies":"Time Eater","floor":50,"turns":12},{"damage":12,"enemies":"Donu and Deca","floor":51,"turns":1}],"seed_played":"194428466310649270","potions_obtained":[{"floor":4.0,"key":"Fruit Juice"},{"floor":7.0,"key":"LiquidBronze"},{"floor":10.0,"key":"Energy Potion"},{"floor":16.0,"key":"Weak Potion"}],"is_trial":false,"path_per_floor":["M","?","?","M","?","R","M","R","T","M","E","?","R","M","R","B",null,"M","$","M","?","M","$","E","R","T","R","M","R","?","?","R","B",null,"M","M","?","$","M","E","R","E","T","M","E","$","M","M","R","B","B"],"character_chosen":"DEFECT","items_purchased":["Letter Opener","ClockworkSouvenir","Ginger"],"campfire_rested":4,"item_purchase_floors":[19,23,46],"current_hp_per_floor":[60,60,49,40,17,39,39,39,39,25,14,39,39,39,39,16,61,61,61,43,43,43,43,11,33,33,33,23,45,45,45,45,7,59,41,41,56,56,38,38,60,51,51,51,51,51,37,37,37,8,0],"gold":25,"neow_bonus":"RANDOM_COMMON_RELIC","is_prod":false,"is_daily":false,"chose_seed":false,"campfire_upgraded":5,"win_rate":0,"timestamp":1553444338,"path_taken":["M","?","?","?","?","R","M","R","T","M","E","?","R","M","R","BOSS","M","$","M","?","M","$","E","R","T","R","M","R","?","?","R","BOSS","M","M","?","$","M","E","R","E","T","M","E","$","M","M","R","BOSS","BOSS"],"build_version":"2019-03-15","purchased_purges":2,"victory":false,"max_hp_per_floor":[71,71,71,76,76,76,76,76,76,76,76,76,76,76,76,76,76,76,76,76,76,76,76,76,76,76,76,76,76,76,76,76,76,76,76,76,76,76,76,76,76,76,76,76,76,76,76,76,76,76,76],"card_choices":[{"not_picked":["Leap","Rebound"],"picked":"Doom and Gloom","floor":1.0},{"not_picked":["Coolheaded","Lockon"],"picked":"Sweeping Beam","floor":4.0},{"not_picked":["Stack","Turbo"],"picked":"White Noise","floor":7.0},{"not_picked":["Beam Cell","Force Field","Fusion"],"picked":"SKIP","floor":10.0},{"not_picked":["Turbo","Hologram"],"picked":"Glacier","floor":11.0},{"not_picked":["Sweeping Beam","Rebound","Barrage"],"picked":"SKIP","floor":14.0},{"not_picked":["Meteor Strike","All For One"],"picked":"Seek","floor":16.0},{"not_picked":["Compile Driver","Redo"],"picked":"White Noise","floor":18.0},{"not_picked":["Turbo","Streamline","Rebound"],"picked":"SKIP","floor":20.0},{"not_picked":["FTL","Lockon"],"picked":"Echo Form","floor":22.0},{"not_picked":["Compile Driver","Coolheaded"],"picked":"Leap","floor":24.0},{"not_picked":["Stack","Storm","Lockon"],"picked":"SKIP","floor":28.0},{"not_picked":["Thunder Strike","Hyperbeam"],"picked":"Echo Form","floor":33.0},{"not_picked":["Stack+1","Sweeping Beam","Steam"],"picked":"SKIP","floor":35.0},{"not_picked":["Barrage","Storm","Redo"],"picked":"SKIP","floor":36.0},{"not_picked":["Meteor Strike","Darkness","Storm"],"picked":"SKIP","floor":39.0},{"not_picked":["Steam Power","Doom and Gloom","Barrage+1"],"picked":"SKIP","floor":40.0},{"not_picked":["Double Energy+1","Force Field","Self Repair"],"picked":"SKIP","floor":42.0},{"not_picked":["Chaos","Turbo"],"picked":"Capacitor+1","floor":44.0},{"not_picked":["Gash","Streamline"],"picked":"Conserve Battery","floor":45.0},{"not_picked":["Go for the Eyes","Rebound+1","Compile Driver"],"picked":"SKIP","floor":47},{"not_picked":["Go for the Eyes","Scrape","Leap"],"picked":"SKIP","floor":48}],"player_experience":2369203,"relics_obtained":[{"floor":9.0,"key":"War Paint"},{"floor":11.0,"key":"FossilizedHelix"},{"floor":24.0,"key":"Blue Candle"},{"floor":26.0,"key":"Orichalcum"},{"floor":30.0,"key":"Red Mask"},{"floor":40.0,"key":"Vajra"},{"floor":42.0,"key":"Smiling Mask"},{"floor":45.0,"key":"The Courier"}],"event_choices":[{"cards_removed":["Strike_B"],"damage_healed":0.0,"max_hp_gain":0.0,"max_hp_loss":0.0,"gold_gain":0.0,"event_name":"The Cleric","player_choice":"Card Removal","floor":2.0,"gold_loss":75.0,"damage_taken":0.0},{"damage_healed":0.0,"max_hp_gain":0.0,"max_hp_loss":0.0,"gold_gain":75.0,"event_name":"World of Goop","player_choice":"Gather Gold","floor":3.0,"gold_loss":0.0,"damage_taken":11.0},{"damage_healed":0.0,"max_hp_gain":0.0,"max_hp_loss":0.0,"gold_gain":0.0,"event_name":"Shining Light","player_choice":"Entered Light","floor":5.0,"gold_loss":0.0,"damage_taken":23.0,"cards_upgraded":["Strike_B","Dualcast"]},{"damage_healed":25.0,"max_hp_gain":0.0,"max_hp_loss":0.0,"gold_gain":0.0,"event_name":"Big Fish","player_choice":"Banana","floor":12.0,"gold_loss":0.0,"damage_taken":0.0},{"damage_healed":0.0,"max_hp_gain":0.0,"max_hp_loss":0.0,"gold_gain":0.0,"event_name":"The Library","player_choice":"Read","floor":21.0,"gold_loss":0.0,"damage_taken":0.0,"cards_obtained":["Defragment"]},{"damage_healed":0.0,"max_hp_gain":0.0,"max_hp_loss":0.0,"gold_gain":0.0,"event_name":"Masked Bandits","player_choice":"Fought Bandits","floor":30.0,"gold_loss":0.0,"damage_taken":0.0},{"damage_healed":0.0,"max_hp_gain":0.0,"max_hp_loss":0.0,"gold_gain":0.0,"event_name":"The Mausoleum","player_choice":"Ignored","floor":31.0,"gold_loss":0.0,"damage_taken":0.0},{"damage_healed":15.0,"max_hp_gain":0.0,"max_hp_loss":0.0,"gold_gain":0.0,"event_name":"Winding Halls","player_choice":"Writhe","floor":37.0,"gold_loss":0.0,"damage_taken":0.0,"cards_obtained":["Writhe"]}],"is_beta":true,"boss_relics":[{"not_picked":["Cursed Key","Pandora\u0027s Box"],"picked":"Sozu"},{"not_picked":["Calling Bell","Empty Cage"],"picked":"Runic Pyramid"}],"items_purged_floors":[19,38],"is_endless":false,"potions_floor_spawned":[4,7,10,16,24,28,33,35,36,45,48],"killed_by":"Donu and Deca","ascension_level":20}