{"gold_per_floor":[217,11,30,130,142,142,171,154,178,178,6,6,16,33,33,137,137,150,65,79,79,29,29,45,71,71,71,87,87,98,129,129,230,230,241,241,48,48,73,73,90,121,144,144,244,244,21,21,21,21,21,21,5,5],"floor_reached":54,"playtime":1430,"items_purged":["Warcry","Strike_R","Perfected Strike"],"score":806,"play_id":"a08866c2-17d4-48f5-87cf-931d96942ebd","local_time":"20190322194532","is_ascension_mode":true,"campfire_choices":[{"data":"Armaments","floor":6.0,"key":"SMITH"},{"floor":12.0,"key":"REST"},{"data":"Disarm","floor":15.0,"key":"SMITH"},{"data":"Demon Form","floor":23.0,"key":"SMITH"},{"floor":27.0,"key":"REST"},{"floor":29.0,"key":"REST"},{"floor":32.0,"key":"REST"},{"data":"Heavy Blade","floor":40.0,"key":"SMITH"},{"floor":44.0,"key":"REST"},{"data":"Exhume","floor":46.0,"key":"SMITH"},{"floor":49.0,"key":"RECALL"},{"data":"Shrug It Off","floor":52.0,"key":"SMITH"}],"neow_cost":"NONE","seed_source_timestamp":0,"circlet_count":0,"master_deck":["Strike_R","Strike_R+1","Defend_R","Defend_R","Defend_R","Defend_R","Bash","Disarm+1","Iron Wave","Armaments+1","Twin Strike","Impervious","Twin Strike","Demon Form+1","Spot Weakness","Inflame","Heavy Blade+1","Shrug It Off+1","Sword Boomerang+1","Pummel+1","Shrug It Off","Exhume+1","Perfected Strike","Wild Strike+1","Demon Form+1","Ghostly Armor","Metallicize"],"special_seed":0,"relics":["Burning Blood","Membership Card","Bronze Scales","Smiling Mask","Incense Burner","Velvet Choker","Blood Vial","Dream Catcher","The Courier","Self Forming Clay","Black Star","Lee\u0027s Waffle","Strawberry","Whetstone","Bottled Lightning","Regal Pillow","Ice Cream","DollysMirror","Bag of Preparation"],"potions_floor_usage":[],"damage_taken":[{"damage":6.0,"enemies":"Cultist","floor":1.0,"turns":3.0},{"damage":11.0,"enemies":"Jaw Worm","floor":3.0,"turns":5.0},{"damage":0.0,"enemies":"Small Slimes","floor":5.0,"turns":3.0},{"damage":49.0,"enemies":"Lagavulin","floor":7.0,"turns":8.0},{"damage":17.0,"enemies":"Exordium Thugs","floor":8.0,"turns":4.0},{"damage":0.0,"enemies":"Exordium Wildlife","floor":13.0,"turns":2.0},{"damage":6.0,"enemies":"Looter","floor":14.0,"turns":4.0},{"damage":17.0,"enemies":"The Guardian","floor":16.0,"turns":12.0},{"damage":6.0,"enemies":"Spheric Guardian","floor":18.0,"turns":4.0},{"damage":13.0,"enemies":"2 Thieves","floor":20.0,"turns":4.0},{"damage":10.0,"enemies":"Centurion and Healer","floor":24.0,"turns":5.0},{"damage":34.0,"enemies":"Book of Stabbing","floor":25.0,"turns":4.0},{"damage":24.0,"enemies":"Shelled Parasite and Fungi","floor":28.0,"turns":5.0},{"damage":4.0,"enemies":"Snake Plant","floor":30.0,"turns":5.0},{"damage":33.0,"enemies":"Slavers","floor":31.0,"turns":5.0},{"damage":45.0,"enemies":"Collector","floor":33.0,"turns":7.0},{"damage":20.0,"enemies":"3 Shapes","floor":35.0,"turns":6.0},{"damage":34.0,"enemies":"3 Darklings","floor":41.0,"turns":4.0},{"damage":61.0,"enemies":"Nemesis","floor":42.0,"turns":5.0},{"damage":0.0,"enemies":"Mind Bloom Boss Battle","floor":45.0,"turns":7.0},{"damage":6.0,"enemies":"Time Eater","floor":50.0,"turns":8.0},{"damage":104,"enemies":"Shield and Spear","floor":54,"turns":5}],"seed_played":"4118527836931279214","potions_obtained":[{"floor":1.0,"key":"Swift Potion"},{"floor":7.0,"key":"EssenceOfSteel"},{"floor":8.0,"key":"Strength Potion"},{"floor":14.0,"key":"Explosive Potion"},{"floor":16.0,"key":"AttackPotion"},{"floor":24.0,"key":"SteroidPotion"},{"floor":33.0,"key":"Explosive Potion"},{"floor":41.0,"key":"EssenceOfSteel"},{"floor":45.0,"key":"EssenceOfSteel"}],"is_trial":false,"path_per_floor":["M","$","M","?","M","R","E","M","T","?","$","R","M","M","R","B",null,"M","?","M","?","$","R","M","E","T","R","M","R","M","E","R","B",null,"M","?","$","?","T","R","M","E","T","R","?","R","$","$","R","B",null,"R","$","E"],"character_chosen":"IRONCLAD","items_purchased":["Membership Card","Incense Burner","Twin Strike","Lee\u0027s Waffle","Strawberry","DollysMirror","Ghostly Armor","Bag of Preparation","Metallicize"],"campfire_rested":5,"item_purchase_floors":[2,11,11,37,37,47,47,47,53],"current_hp_per_floor":[80,80,75,75,80,80,37,26,26,26,26,50,56,56,56,45,80,80,80,73,73,73,73,71,45,45,69,53,77,80,53,77,40,80,66,66,94,94,94,94,66,13,13,56,64,64,64,64,64,66,94,94,94,0],"gold":5,"neow_bonus":"HUNDRED_GOLD","is_prod":false,"is_daily":false,"chose_seed":true,"campfire_upgraded":6,"win_rate":0,"timestamp":1553283932,"path_taken":["M","?","M","?","?","R","E","M","T","?","?","R","M","M","R","BOSS","M","?","M","?","$","R","M","E","T","R","M","R","?","E","R","BOSS","M","?","$","?","?","R","M","E","T","R","?","R","?","$","R","BOSS","R","$","E"],"build_version":"2019-01-23","purchased_purges":3,"victory":false,"max_hp_per_floor":[80,80,80,80,80,80,80,80,80,80,80,80,80,80,80,80,80,80,80,80,80,80,80,80,80,80,80,80,80,80,80,80,80,80,80,80,94,94,94,94,94,94,94,94,94,94,94,94,94,94,94,94,94,94],"card_choices":[{"not_picked":["Cleave","Warcry"],"picked":"Disarm","floor":1.0},{"not_picked":["Seeing Red","Perfected Strike"],"picked":"Iron Wave","floor":3.0},{"not_picked":["Heavy Blade","Warcry"],"picked":"Armaments","floor":5.0},{"not_picked":["Havoc","Fire Breathing"],"picked":"Perfected Strike","floor":7.0},{"not_picked":["Burning Pact","Armaments","Flex"],"picked":"SKIP","floor":8.0},{"not_picked":["Warcry","Flex"],"picked":"Impervious","floor":13.0},{"not_picked":["Body Slam","Evolve"],"picked":"Twin Strike","floor":14.0},{"not_picked":["Barricade","Double Tap"],"picked":"Demon Form","floor":16.0},{"not_picked":["Thunderclap","Rampage"],"picked":"Spot Weakness","floor":18.0},{"not_picked":["Power Through","Headbutt","Perfected Strike"],"picked":"SKIP","floor":20.0},{"not_picked":["Wild Strike+1","Headbutt"],"picked":"Heavy Blade","floor":24.0},{"not_picked":["Body Slam+1","Bludgeon","Burning Pact"],"picked":"SKIP","floor":25.0},{"not_picked":["Intimidate","Burning Pact"],"picked":"Shrug It Off","floor":27.0},{"not_picked":["Cleave","Twin Strike"],"picked":"Sword Boomerang","floor":28.0},{"not_picked":["Clothesline","Armaments","Dropkick+1"],"picked":"SKIP","floor":30.0},{"not_picked":["Combust","Flex","Sword Boomerang"],"picked":"SKIP","floor":31.0},{"not_picked":["Sentinel","Rage"],"picked":"Pummel+1","floor":32.0},{"not_picked":["Juggernaut","Immolate"],"picked":"Exhume","floor":33.0},{"not_picked":["True Grit","Headbutt","Heavy Blade"],"picked":"SKIP","floor":35.0},{"not_picked":["Havoc","Flex"],"picked":"Shrug It Off","floor":41.0},{"not_picked":["Fire Breathing+1","Headbutt+1"],"picked":"Exhume","floor":42.0},{"not_picked":["Flex","Cleave"],"picked":"Perfected Strike","floor":44.0},{"not_picked":["Rupture+1","Whirlwind"],"picked":"Wild Strike+1","floor":45.0}],"player_experience":568000,"relics_obtained":[{"floor":7.0,"key":"Bronze Scales"},{"floor":9.0,"key":"Smiling Mask"},{"floor":25.0,"key":"Dream Catcher"},{"floor":26.0,"key":"The Courier"},{"floor":31.0,"key":"Self Forming Clay"},{"floor":42.0,"key":"Whetstone"},{"floor":42.0,"key":"Bottled Lightning"},{"floor":43.0,"key":"Regal Pillow"},{"floor":45.0,"key":"Ice Cream"}],"event_choices":[{"damage_healed":0.0,"max_hp_gain":0.0,"max_hp_loss":0.0,"gold_gain":100.0,"event_name":"Wheel of Change","player_choice":"Gold","floor":4.0,"gold_loss":0.0,"damage_taken":0.0},{"damage_healed":0.0,"max_hp_gain":0.0,"max_hp_loss":0.0,"gold_gain":0.0,"event_name":"Shining Light","player_choice":"Ignored","floor":10.0,"gold_loss":0.0,"damage_taken":0.0},{"damage_healed":0.0,"max_hp_gain":0.0,"max_hp_loss":0.0,"gold_gain":0.0,"event_name":"Addict","player_choice":"Obtained Relic","floor":19.0,"gold_loss":85.0,"damage_taken":0.0,"relics_obtained":["Blood Vial"]},{"damage_healed":0.0,"max_hp_gain":0.0,"max_hp_loss":0.0,"gold_gain":0.0,"cards_transformed":["Strike_R","Strike_R"],"event_name":"Drug Dealer","player_choice":"Became Test Subject","floor":21.0,"gold_loss":0.0,"damage_taken":0.0,"cards_obtained":["Warcry","Inflame"]},{"damage_healed":0.0,"max_hp_gain":0.0,"max_hp_loss":0.0,"gold_gain":0.0,"event_name":"Tomb of Lord Red Mask","player_choice":"Ignored","floor":36.0,"gold_loss":0.0,"damage_taken":0.0},{"cards_removed":["Exhume"],"damage_healed":0.0,"max_hp_gain":0.0,"max_hp_loss":0.0,"gold_gain":0.0,"event_name":"Falling","player_choice":"Removed Skill","floor":38.0,"gold_loss":0.0,"damage_taken":0.0},{"damage_healed":0.0,"max_hp_gain":0.0,"max_hp_loss":0.0,"gold_gain":0.0,"event_name":"MindBloom","player_choice":"Fight","floor":45.0,"gold_loss":0.0,"damage_taken":0.0}],"is_beta":false,"boss_relics":[{"not_picked":["White Beast Statue","Calling Bell"],"picked":"Velvet Choker"},{"not_picked":["Busted Crown","Fusion Hammer"],"picked":"Black Star"}],"items_purged_floors":[22,37,47],"is_endless":false,"potions_floor_spawned":[1,7,8,14,16,18,24,33,41,45],"killed_by":"Shield and Spear","ascension_level":3}