{"gold_per_floor":[109,184,184,204,219,248,248,281,281,281],"floor_reached":10,"playtime":1806,"items_purged":[],"score":118,"play_id":"df6f77a3-a109-4a42-ba87-7b6cc85f7d2f","local_time":"20190312170723","is_ascension_mode":true,"campfire_choices":[{"floor":7,"key":"REST"}],"neow_cost":"NONE","seed_source_timestamp":943431443753537,"circlet_count":0,"master_deck":["AscendersBane","Strike_R","Strike_R","Strike_R","Strike_R","Defend_R","Defend_R","Defend_R","Defend_R","Bash","Perfected Strike","True Grit","Rampage","Anger","Spot Weakness"],"relics":["Burning Blood","Lantern","Ornamental Fan","Mummified Hand","Letter Opener"],"potions_floor_usage":[10],"damage_taken":[{"damage":9,"enemies":"2 Louse","floor":1,"turns":3},{"damage":5,"enemies":"Small Slimes","floor":4,"turns":3},{"damage":5,"enemies":"Cultist","floor":5,"turns":5},{"damage":40,"enemies":"Lagavulin","floor":6,"turns":6},{"damage":24,"enemies":"3 Sentries","floor":8,"turns":9},{"damage":32,"enemies":"Lagavulin","floor":10,"turns":6}],"seed_played":"4835159035921326135","potions_obtained":[{"floor":4,"key":"Swift Potion"}],"is_trial":false,"path_per_floor":["M","?","?","M","M","E","R","E","T","E"],"character_chosen":"IRONCLAD","items_purchased":[],"campfire_rested":1,"item_purchase_floors":[],"current_hp_per_floor":[69,58,58,59,60,26,50,32,32,0],"gold":281,"neow_bonus":"RANDOM_COMMON_RELIC","is_prod":false,"is_daily":false,"chose_seed":false,"campfire_upgraded":0,"win_rate":0,"timestamp":1552424843,"path_taken":["M","?","?","?","M","E","R","E","T","E"],"build_version":"2019-01-23","purchased_purges":0,"victory":false,"max_hp_per_floor":[80,80,80,80,80,80,80,80,80,80],"card_choices":[{"not_picked":["Twin Strike","True Grit"],"picked":"Perfected Strike","floor":1},{"not_picked":["Reckless Charge","Heavy Blade"],"picked":"True Grit","floor":4},{"not_picked":["Intimidate","Combust"],"picked":"Rampage","floor":5},{"not_picked":["True Grit","Burning Pact"],"picked":"Anger","floor":6},{"not_picked":["Sword Boomerang","Power Through"],"picked":"Spot Weakness","floor":8}],"player_experience":1834661,"relics_obtained":[{"floor":6,"key":"Ornamental Fan"},{"floor":8,"key":"Mummified Hand"},{"floor":9,"key":"Letter Opener"}],"event_choices":[{"damage_healed":0,"gold_gain":75,"player_choice":"Gather Gold","damage_taken":11,"max_hp_gain":0,"max_hp_loss":0,"event_name":"World of Goop","floor":2,"gold_loss":0},{"cards_removed":["Strike_R"],"damage_healed":0,"gold_gain":0,"player_choice":"Offered Basic","damage_taken":0,"max_hp_gain":0,"max_hp_loss":0,"event_name":"Bonfire Elementals","floor":3,"gold_loss":0}],"is_beta":false,"boss_relics":[],"items_purged_floors":[],"is_endless":false,"potions_floor_spawned":[4],"killed_by":"Lagavulin","ascension_level":11}