{"gold_per_floor":[110,126,137,152,152,152,178,103,176,176,196,96,108,119,119,193,193,210,222,233,245,245,245,278,278,278,278,290,290,301,318,318,394,394,408,14,30,41,51,51,80,80,80,80,80,80,97,5,5,5],"floor_reached":50,"playtime":2577,"items_purged":["Strike_G","Strike_G"],"score":1146,"play_id":"0b420261-ec7c-449c-9a2f-fad1c7502727","local_time":"20190313001447","is_ascension_mode":true,"campfire_choices":[{"data":"Catalyst","floor":6.0,"key":"SMITH"},{"data":"Malaise","floor":10.0,"key":"SMITH"},{"floor":15,"key":"REST"},{"floor":23,"key":"REST"},{"floor":25,"key":"REST"},{"data":"Noxious Fumes","floor":27,"key":"SMITH"},{"data":"Noxious Fumes","floor":29,"key":"SMITH"},{"floor":32,"key":"REST"},{"floor":40,"key":"REST"},{"data":"Wraith Form v2","floor":42,"key":"SMITH"},{"floor":49,"key":"REST"}],"neow_cost":"NONE","seed_source_timestamp":540469539412790,"circlet_count":0,"master_deck":["AscendersBane","Defend_G","Defend_G","Defend_G","Defend_G","Defend_G","Survivor","Neutralize","Malaise+1","Deadly Poison","Catalyst+1","PiercingWail","Caltrops","Glass Knife","Noxious Fumes+1","Tools of the Trade","Deadly Poison","Noxious Fumes+1","PiercingWail","Endless Agony","Leg Sweep","Blur+1","Well Laid Plans","Escape Plan","Wraith Form v2+1","Night Terror+1","Dark Shackles+1"],"special_seed":0,"relics":["Ring of the Serpent","Thread and Needle","Bottled Flame","Velvet Choker","Boot","Gremlin Horn","Ice Cream","Toxic Egg 2","Centennial Puzzle"],"potions_floor_usage":[11,24,24,30,39,50],"damage_taken":[{"damage":3.0,"enemies":"Jaw Worm","floor":1.0,"turns":6.0},{"damage":0.0,"enemies":"Cultist","floor":2.0,"turns":4.0},{"damage":5.0,"enemies":"Small Slimes","floor":3.0,"turns":5.0},{"damage":11.0,"enemies":"Red Slaver","floor":4.0,"turns":4.0},{"damage":23.0,"enemies":"Lagavulin","floor":7.0,"turns":7.0},{"damage":4,"enemies":"Gremlin Gang","floor":11,"turns":7},{"damage":0,"enemies":"Blue Slaver","floor":13,"turns":4},{"damage":6,"enemies":"Exordium Wildlife","floor":14,"turns":6},{"damage":0,"enemies":"Hexaghost","floor":16,"turns":9},{"damage":0,"enemies":"Chosen","floor":18,"turns":5},{"damage":4,"enemies":"Spheric Guardian","floor":19,"turns":6},{"damage":4,"enemies":"Snake Plant","floor":20,"turns":4},{"damage":22,"enemies":"Shelled Parasite and Fungi","floor":21,"turns":6},{"damage":27,"enemies":"Slavers","floor":24,"turns":6},{"damage":6,"enemies":"Centurion and Healer","floor":28,"turns":8},{"damage":0,"enemies":"Snecko","floor":30,"turns":6},{"damage":0,"enemies":"Chosen and Byrds","floor":31,"turns":6},{"damage":38,"enemies":"Collector","floor":33,"turns":8},{"damage":0,"enemies":"3 Shapes","floor":35,"turns":5},{"damage":14,"enemies":"3 Darklings","floor":37,"turns":5},{"damage":31,"enemies":"Jaw Worm Horde","floor":38,"turns":8},{"damage":1,"enemies":"Transient","floor":39,"turns":6},{"damage":0,"enemies":"Nemesis","floor":41,"turns":7},{"damage":14,"enemies":"Maw","floor":47,"turns":8},{"damage":48,"enemies":"Donu and Deca","floor":50,"turns":7}],"seed_played":"3377792653613357211","potions_obtained":[{"floor":2.0,"key":"GamblersBrew"},{"floor":4.0,"key":"GamblersBrew"},{"floor":7.0,"key":"Block Potion"},{"floor":11,"key":"FearPotion"},{"floor":16,"key":"Dexterity Potion"},{"floor":21,"key":"Weak Potion"},{"floor":28,"key":"Ancient Potion"},{"floor":33,"key":"FairyPotion"},{"floor":39,"key":"Weak Potion"}],"is_trial":false,"path_per_floor":["M","M","M","M","?","R","E","$","T","R","M","$","M","M","R","B",null,"M","M","M","M","?","R","E","R","T","R","M","R","M","M","R","B",null,"M","$","M","M","M","R","E","R","T","?","?","?","M","$","R","B"],"character_chosen":"THE_SILENT","items_purchased":["Ice Cream","Dexterity Potion","Dark Shackles+1"],"campfire_rested":6,"item_purchase_floors":[36,36,48],"current_hp_per_floor":[56,56,51,40,40,40,17,17,17,17,13,13,13,7,26,26,56,56,52,48,26,26,45,18,37,37,37,31,31,31,31,50,12,53,53,53,39,8,7,26,26,26,26,26,26,26,12,12,30,0],"gold":5,"neow_bonus":"ONE_RANDOM_RARE_CARD","is_prod":false,"is_daily":false,"chose_seed":false,"campfire_upgraded":5,"win_rate":0,"timestamp":1552432487,"path_taken":["M","M","M","M","?","R","E","$","T","R","M","?","?","M","R","BOSS","M","M","M","M","?","R","E","R","T","R","M","R","?","M","R","BOSS","M","$","?","M","M","R","E","R","T","?","?","?","M","$","R","BOSS"],"build_version":"2019-01-23","purchased_purges":2,"victory":false,"max_hp_per_floor":[66,66,66,66,66,66,66,66,66,66,66,66,66,66,66,66,66,66,66,66,66,66,66,66,66,66,66,66,66,66,66,66,66,66,66,66,66,66,66,66,66,66,66,63,63,63,63,63,63,63],"card_choices":[{"not_picked":["Sucker Punch","Well Laid Plans"],"picked":"Deadly Poison","floor":1.0},{"not_picked":["Underhanded Strike","Bouncing Flask"],"picked":"Catalyst","floor":2.0},{"not_picked":["Calculated Gamble","Backflip"],"picked":"PiercingWail","floor":3.0},{"not_picked":["Slice","Blade Dance"],"picked":"Caltrops","floor":4.0},{"not_picked":["Cloak And Dagger","Dagger Throw"],"picked":"Glass Knife","floor":7.0},{"not_picked":["Underhanded Strike","Dagger Spray"],"picked":"Noxious Fumes","floor":11},{"not_picked":["Sucker Punch","Flying Knee","Distraction"],"picked":"SKIP","floor":13},{"not_picked":["Endless Agony","Outmaneuver","Deflect"],"picked":"SKIP","floor":14},{"not_picked":["Envenom","Unload"],"picked":"Tools of the Trade","floor":16},{"not_picked":["Underhanded Strike","Deflect"],"picked":"Deadly Poison","floor":18},{"not_picked":["Leg Sweep","Well Laid Plans+1"],"picked":"Noxious Fumes","floor":19},{"not_picked":["Sucker Punch","Outmaneuver"],"picked":"PiercingWail","floor":20},{"not_picked":["Bouncing Flask","Riddle With Holes+1","Blade Dance"],"picked":"SKIP","floor":21},{"not_picked":["Sucker Punch","A Thousand Cuts"],"picked":"Leg Sweep","floor":24},{"not_picked":["Blade Dance","Acrobatics"],"picked":"Blur+1","floor":28},{"not_picked":["Dodge and Roll","Wraith Form v2"],"picked":"Well Laid Plans","floor":30},{"not_picked":["Backflip","Blade Dance"],"picked":"Escape Plan","floor":31},{"not_picked":["After Image","Bullet Time"],"picked":"Wraith Form v2","floor":33},{"not_picked":["Slice","Outmaneuver","Cloak And Dagger"],"picked":"SKIP","floor":35},{"not_picked":["Eviscerate","Distraction","Dagger Spray"],"picked":"SKIP","floor":37},{"not_picked":["All Out Attack","Deadly Poison","Backflip"],"picked":"SKIP","floor":38},{"not_picked":["Infinite Blades","Poisoned Stab","Bane"],"picked":"SKIP","floor":39},{"not_picked":["Outmaneuver","Reflex+1"],"picked":"Night Terror","floor":41},{"not_picked":["Dagger Throw","Outmaneuver+1","Underhanded Strike"],"picked":"SKIP","floor":47}],"player_experience":989879,"relics_obtained":[{"floor":7.0,"key":"Thread and Needle"},{"floor":9.0,"key":"Bottled Flame"},{"floor":24,"key":"Boot"},{"floor":26,"key":"Gremlin Horn"},{"floor":41,"key":"Toxic Egg 2"},{"floor":43,"key":"Centennial Puzzle"}],"event_choices":[{"cards_removed":["Strike_G"],"damage_healed":0.0,"max_hp_gain":0.0,"max_hp_loss":0.0,"gold_gain":0.0,"event_name":"Purifier","player_choice":"Purged","floor":5.0,"gold_loss":0.0,"damage_taken":0.0},{"damage_healed":0,"gold_gain":0,"cards_transformed":["Strike_G"],"player_choice":"Transformed","damage_taken":0,"max_hp_gain":0,"max_hp_loss":0,"event_name":"Transmorgrifier","floor":22,"gold_loss":0,"cards_obtained":["Endless Agony"]},{"damage_healed":0,"gold_gain":0,"player_choice":"Max HP","damage_taken":0,"max_hp_gain":0,"max_hp_loss":3,"event_name":"Winding Halls","floor":44,"gold_loss":0},{"damage_healed":0,"gold_gain":0,"player_choice":"Ignored","damage_taken":0,"max_hp_gain":0,"max_hp_loss":0,"event_name":"Mysterious Sphere","floor":45,"gold_loss":0},{"cards_removed":["Strike_G"],"damage_healed":0,"gold_gain":0,"player_choice":"Removed Attack","damage_taken":0,"max_hp_gain":0,"max_hp_loss":0,"event_name":"Falling","floor":46,"gold_loss":0}],"is_beta":false,"boss_relics":[{"not_picked":["Coffee Dripper","Tiny House"],"picked":"Velvet Choker"},{"not_picked":["Black Star","Pandora\u0027s Box"],"picked":"Ring of the Serpent"}],"items_purged_floors":[8,12],"is_endless":false,"potions_floor_spawned":[2,4,7,11,16,21,28,33,39,41,47],"killed_by":"Donu and Deca","ascension_level":20}