{"gold_per_floor":[211,102,102,122,133,164,164,176,201,228,228,228,244,271,271,271],"floor_reached":16,"playtime":681,"items_purged":[],"score":234,"play_id":"8c45154a-3142-481d-a20b-ba8ffad9b655","local_time":"20190304195030","is_ascension_mode":true,"campfire_choices":[{"data":"Uppercut","floor":7,"key":"SMITH"},{"floor":11,"key":"REST"},{"data":"True Grit","floor":15,"key":"SMITH"}],"neow_cost":"NONE","seed_source_timestamp":30499664731141,"circlet_count":0,"master_deck":["AscendersBane","Strike_R","Strike_R","Strike_R","Strike_R","Strike_R","Defend_R","Defend_R","Defend_R","Defend_R","Bash","Clothesline","Cleave","Uppercut+1","Inflame","Immolate","True Grit+1","Metallicize"],"relics":["Burning Blood","PreservedInsect","Strawberry","Smiling Mask","Singing Bowl"],"potions_floor_usage":[6,14,16],"damage_taken":[{"damage":6,"enemies":"Jaw Worm","floor":1,"turns":6},{"damage":12,"enemies":"Cultist","floor":4,"turns":4},{"damage":2,"enemies":"2 Louse","floor":5,"turns":2},{"damage":47,"enemies":"Lagavulin","floor":6,"turns":9},{"damage":6,"enemies":"Looter","floor":8,"turns":3},{"damage":8,"enemies":"Gremlin Nob","floor":10,"turns":3},{"damage":14,"enemies":"Exordium Thugs","floor":13,"turns":5},{"damage":14,"enemies":"Lagavulin","floor":14,"turns":5},{"damage":41,"enemies":"Hexaghost","floor":16,"turns":11}],"seed_played":"543623187034102656","potions_obtained":[{"floor":1,"key":"Ancient Potion"},{"floor":5,"key":"Poison Potion"},{"floor":6,"key":"AttackPotion"}],"is_trial":false,"path_per_floor":["M","$","?","M","M","E","R","M","T","E","R","?","M","E","R","B"],"character_chosen":"IRONCLAD","items_purchased":["FearPotion","Cleave"],"campfire_rested":1,"item_purchase_floors":[2,2],"current_hp_per_floor":[68,68,68,62,66,25,25,25,32,30,54,54,46,40,40,0],"gold":271,"neow_bonus":"HUNDRED_GOLD","is_prod":false,"is_daily":false,"chose_seed":false,"campfire_upgraded":2,"win_rate":0,"timestamp":1551747030,"path_taken":["M","$","?","M","M","E","R","M","T","E","R","?","M","E","R","BOSS"],"build_version":"2019-01-23","purchased_purges":0,"victory":false,"max_hp_per_floor":[75,75,75,75,75,75,75,75,82,82,82,82,82,84,84,84],"card_choices":[{"not_picked":["Searing Blow","Sword Boomerang"],"picked":"Clothesline","floor":1},{"not_picked":["Searing Blow","True Grit"],"picked":"Uppercut","floor":4},{"not_picked":["Carnage","Infernal Blade"],"picked":"Inflame","floor":5},{"not_picked":["Heavy Blade","Entrench"],"picked":"Immolate","floor":6},{"not_picked":["Thunderclap","Rampage","Wild Strike"],"picked":"SKIP","floor":8},{"not_picked":["Headbutt","Blood for Blood","Anger"],"picked":"SKIP","floor":10},{"not_picked":["Hemokinesis","Cleave"],"picked":"Metallicize","floor":13},{"not_picked":["Clothesline","Wild Strike","Headbutt"],"picked":"Singing Bowl","floor":14}],"player_experience":564243,"relics_obtained":[{"floor":6,"key":"PreservedInsect"},{"floor":9,"key":"Strawberry"},{"floor":10,"key":"Smiling Mask"},{"floor":14,"key":"Singing Bowl"}],"event_choices":[{"damage_healed":0,"gold_gain":0,"player_choice":"Ignored","damage_taken":0,"max_hp_gain":0,"max_hp_loss":0,"event_name":"Shining Light","floor":3,"gold_loss":0},{"damage_healed":0,"gold_gain":0,"player_choice":"1 cards matched","damage_taken":0,"max_hp_gain":0,"max_hp_loss":0,"event_name":"Match and Keep!","floor":12,"gold_loss":0,"cards_obtained":["True Grit"]}],"is_beta":false,"boss_relics":[],"items_purged_floors":[],"is_endless":false,"potions_floor_spawned":[1,5,6,13],"killed_by":"Hexaghost","ascension_level":19}