{"gold_per_floor":[116,136,7,7,24,24,59,59,111,129,144,144,163,191,191,265,265,282,18,18,28,28,28,57,57,57,2,2,2,0,11,11,85,85,96,76,90,105,125,125,137,150,150,150],"floor_reached":44,"playtime":1583,"items_purged":["Strike_R","Strike_R"],"score":880,"play_id":"4a235883-4b55-444d-be4e-5ddd0790a4ea","local_time":"20190312180607","is_ascension_mode":true,"campfire_choices":[{"data":"Rampage","floor":6.0,"key":"SMITH"},{"data":"Headbutt","floor":8.0,"key":"SMITH"},{"data":"Shrug It Off","floor":12.0,"key":"SMITH"},{"data":"Flame Barrier","floor":15.0,"key":"SMITH"},{"floor":23.0,"key":"REST"},{"data":"Double Tap","floor":25.0,"key":"SMITH"},{"data":"Armaments","floor":29.0,"key":"SMITH"},{"floor":32.0,"key":"REST"},{"floor":40,"key":"REST"}],"neow_cost":"NONE","seed_source_timestamp":0,"circlet_count":0,"master_deck":["AscendersBane","Strike_R+1","Strike_R","Strike_R","Defend_R","Defend_R+1","Defend_R+1","Defend_R","Bash+1","Rampage+1","Headbutt+1","Shrug It Off+1","Flame Barrier+1","Anger+1","Double Tap+1","Carnage","RitualDagger","Shockwave","Armaments+1","Reaper","Shrug It Off","Wild Strike+1","Clothesline+1","Impervious","Power Through","Second Wind+1"],"special_seed":0,"relics":["Burning Blood","PreservedInsect","War Paint","Bag of Marbles","Frozen Egg 2","Snecko Eye","Whetstone","Paper Frog","Mummified Hand","MutagenicStrength","Orrery","The Courier"],"potions_floor_usage":[39,44],"damage_taken":[{"damage":6.0,"enemies":"Cultist","floor":1.0,"turns":3.0},{"damage":12.0,"enemies":"Jaw Worm","floor":2.0,"turns":2.0},{"damage":0.0,"enemies":"Small Slimes","floor":5.0,"turns":2.0},{"damage":8.0,"enemies":"Gremlin Nob","floor":7.0,"turns":3.0},{"damage":11.0,"enemies":"Looter","floor":10.0,"turns":2.0},{"damage":3.0,"enemies":"Blue Slaver","floor":11.0,"turns":3.0},{"damage":0.0,"enemies":"Large Slime","floor":13.0,"turns":4.0},{"damage":13.0,"enemies":"3 Sentries","floor":14.0,"turns":5.0},{"damage":45.0,"enemies":"The Guardian","floor":16.0,"turns":10.0},{"damage":13.0,"enemies":"Chosen","floor":18.0,"turns":5.0},{"damage":6.0,"enemies":"Shell Parasite","floor":21.0,"turns":3.0},{"damage":2.0,"enemies":"Book of Stabbing","floor":24.0,"turns":3.0},{"damage":24.0,"enemies":"Snake Plant","floor":31.0,"turns":4.0},{"damage":34.0,"enemies":"Collector","floor":33.0,"turns":6.0},{"damage":26.0,"enemies":"3 Darklings","floor":35.0,"turns":4.0},{"damage":33.0,"enemies":"3 Shapes","floor":37.0,"turns":9.0},{"damage":13.0,"enemies":"Jaw Worm Horde","floor":38.0,"turns":2.0},{"damage":26,"enemies":"3 Darklings","floor":39,"turns":5},{"damage":48,"enemies":"Maw","floor":41,"turns":8},{"damage":15,"enemies":"Spire Growth","floor":42,"turns":3},{"damage":36,"enemies":"3 Darklings","floor":44,"turns":4}],"seed_played":"-816222682683308740","potions_obtained":[{"floor":2.0,"key":"AttackPotion"},{"floor":5.0,"key":"GamblersBrew"},{"floor":7.0,"key":"Energy Potion"},{"floor":14.0,"key":"LiquidBronze"},{"floor":16.0,"key":"SpeedPotion"},{"floor":18.0,"key":"Dexterity Potion"},{"floor":33.0,"key":"Swift Potion"},{"floor":36.0,"key":"Fruit Juice"},{"floor":37.0,"key":"FearPotion"},{"floor":41,"key":"PowerPotion"}],"is_trial":false,"path_per_floor":["M","M","$","?","M","R","E","R","T","M","M","R","M","E","R","B",null,"M","$","?","M","?","R","E","R","T","$","?","R","?","M","R","B",null,"M","?","M","M","M","R","M","M","T","M"],"character_chosen":"IRONCLAD","items_purchased":["Headbutt","Whetstone","Armaments"],"campfire_rested":3,"item_purchase_floors":[3,19,27],"current_hp_per_floor":[68,62,62,62,68,68,66,66,66,61,64,64,70,63,63,24,62,55,55,49,49,28,52,56,56,56,56,56,56,56,38,62,34,69,53,58,45,38,39,64,34,25,25,0],"gold":150,"neow_bonus":"UPGRADE_CARD","is_prod":false,"is_daily":false,"chose_seed":false,"campfire_upgraded":6,"win_rate":0,"timestamp":1552413967,"path_taken":["M","?","$","?","M","R","E","R","T","M","M","R","?","E","R","BOSS","M","$","?","M","?","R","E","R","T","?","?","R","?","M","R","BOSS","M","?","?","?","M","R","M","M","T","M"],"build_version":"2019-01-23","purchased_purges":2,"victory":false,"max_hp_per_floor":[75,75,75,75,75,75,75,75,75,75,75,75,75,75,75,75,75,75,75,75,75,80,80,80,80,80,80,80,80,80,80,80,80,80,80,85,85,85,85,85,85,85,85,85],"card_choices":[{"not_picked":["Shrug It Off","Clash"],"picked":"Rampage","floor":1.0},{"not_picked":["Thunderclap","Body Slam","True Grit"],"picked":"SKIP","floor":2.0},{"not_picked":["Blood for Blood","Dropkick","Bloodletting"],"picked":"SKIP","floor":5.0},{"not_picked":["Anger","Flex","Warcry"],"picked":"SKIP","floor":7.0},{"not_picked":["Rupture","Heavy Blade"],"picked":"Shrug It Off","floor":10.0},{"not_picked":["Evolve","Exhume","Warcry"],"picked":"SKIP","floor":11.0},{"not_picked":["Warcry","Twin Strike"],"picked":"Flame Barrier","floor":13.0},{"not_picked":["Iron Wave","Intimidate"],"picked":"Anger","floor":14.0},{"not_picked":["Offering","Juggernaut+1"],"picked":"Double Tap","floor":16.0},{"not_picked":["Intimidate","Flame Barrier"],"picked":"Carnage","floor":18.0},{"not_picked":["Clash","Flex","Dropkick+1"],"picked":"SKIP","floor":21.0},{"not_picked":["Combust+1","Heavy Blade"],"picked":"Shockwave","floor":24.0},{"not_picked":["Intimidate","Pommel Strike","Feel No Pain+1"],"picked":"SKIP","floor":31.0},{"not_picked":["Impervious","Berserk+1"],"picked":"Reaper","floor":33.0},{"not_picked":["Flame Barrier","Warcry"],"picked":"Shrug It Off","floor":34.0},{"not_picked":["Armaments","Shrug It Off"],"picked":"Wild Strike+1","floor":34.0},{"not_picked":["Havoc","Burning Pact+1"],"picked":"Clothesline+1","floor":35.0},{"not_picked":["Battle Trance","Combust+1"],"picked":"Impervious","floor":37.0},{"not_picked":["Flex","Feel No Pain+1","Clash"],"picked":"SKIP","floor":38.0},{"not_picked":["Dropkick","Clothesline+1","Iron Wave"],"picked":"SKIP","floor":39},{"not_picked":["Perfected Strike+1","Headbutt"],"picked":"Power Through","floor":41},{"not_picked":["Seeing Red","Body Slam"],"picked":"Second Wind+1","floor":42}],"player_experience":550393,"relics_obtained":[{"floor":7.0,"key":"War Paint"},{"floor":9.0,"key":"Bag of Marbles"},{"floor":14.0,"key":"Frozen Egg 2"},{"floor":24.0,"key":"Paper Frog"},{"floor":26.0,"key":"Mummified Hand"},{"floor":43,"key":"The Courier"}],"event_choices":[{"damage_healed":0.0,"max_hp_gain":0.0,"max_hp_loss":0.0,"gold_gain":0.0,"event_name":"WeMeetAgain","player_choice":"Gave Potion","floor":4.0,"gold_loss":0.0,"damage_taken":0.0,"relics_obtained":["PreservedInsect"]},{"damage_healed":0.0,"max_hp_gain":0.0,"max_hp_loss":0.0,"gold_gain":0.0,"event_name":"Nest","player_choice":"Joined the Cult","floor":20.0,"gold_loss":0.0,"damage_taken":6.0,"cards_obtained":["RitualDagger"]},{"damage_healed":0.0,"max_hp_gain":5.0,"max_hp_loss":0.0,"gold_gain":0.0,"event_name":"Forgotten Altar","player_choice":"Shed Blood","floor":22.0,"gold_loss":0.0,"damage_taken":26.0},{"damage_healed":0.0,"max_hp_gain":0.0,"max_hp_loss":0.0,"gold_gain":0.0,"event_name":"Drug Dealer","player_choice":"Inject Mutagens","floor":28.0,"gold_loss":0.0,"damage_taken":0.0,"relics_obtained":["MutagenicStrength"]},{"damage_healed":0.0,"max_hp_gain":0.0,"max_hp_loss":0.0,"gold_gain":0.0,"event_name":"Masked Bandits","player_choice":"Paid Fearfully","floor":30.0,"gold_loss":2.0,"damage_taken":0.0},{"damage_healed":0.0,"max_hp_gain":0.0,"max_hp_loss":0.0,"gold_gain":0.0,"event_name":"The Woman in Blue","player_choice":"Bought 1 Potion","floor":36.0,"gold_loss":0.0,"damage_taken":0.0}],"is_beta":false,"boss_relics":[{"not_picked":["Runic Dome","Philosopher\u0027s Stone"],"picked":"Snecko Eye"},{"not_picked":["Calling Bell","Tiny House"],"picked":"Orrery"}],"items_purged_floors":[3,19],"is_endless":false,"potions_floor_spawned":[2,5,7,14,16,18,21,24,33,35,37,41],"killed_by":"3 Darklings","ascension_level":20}