{"gold_per_floor":[109,68,68,87,97,97,129,129,129,148,2,2,18,30,30,103,103,114,127,177,177],"floor_reached":21,"playtime":477,"items_purged":["Strike_B"],"score":317,"play_id":"38d2d54c-d337-4551-96fc-29d530b58f16","local_time":"20190125214624","is_ascension_mode":true,"campfire_choices":[{"data":"Chill","floor":6,"key":"SMITH"},{"data":"Doom and Gloom","floor":8,"key":"SMITH"},{"data":"Capacitor","floor":12,"key":"SMITH"},{"floor":15,"key":"REST"}],"neow_cost":"NONE","seed_source_timestamp":15049862273422,"circlet_count":0,"master_deck":["AscendersBane","Strike_B","Strike_B","Strike_B","Defend_B","Defend_B","Defend_B","Defend_B","Zap+1","Dualcast","Echo Form","FTL","Doom and Gloom+1","Chill+1","Ball Lightning","Capacitor+1","Hologram","White Noise","Echo Form","Glacier"],"relics":["Cracked Core","Pantograph","Centennial Puzzle","Runic Dome"],"potions_floor_usage":[7,21,21],"damage_taken":[{"damage":6,"enemies":"Cultist","floor":1,"turns":4},{"damage":10,"enemies":"Small Slimes","floor":4,"turns":2},{"damage":9,"enemies":"Jaw Worm","floor":5,"turns":4},{"damage":15,"enemies":"Gremlin Nob","floor":7,"turns":3},{"damage":0,"enemies":"3 Louse","floor":10,"turns":1},{"damage":2,"enemies":"2 Fungi Beasts","floor":13,"turns":2},{"damage":0,"enemies":"Exordium Wildlife","floor":14,"turns":2},{"damage":38,"enemies":"Hexaghost","floor":16,"turns":9},{"damage":27,"enemies":"3 Byrds","floor":18,"turns":4},{"damage":19,"enemies":"Spheric Guardian","floor":19,"turns":4},{"damage":21,"enemies":"3 Cultists","floor":21,"turns":4}],"seed_played":"-9057519658235009894","potions_obtained":[{"floor":1,"key":"PowerPotion"},{"floor":7,"key":"SpeedPotion"},{"floor":14,"key":"Swift Potion"}],"is_trial":false,"path_per_floor":["M","$","?","M","M","R","E","R","T","M","$","R","M","M","R","B",null,"M","M","?","M"],"character_chosen":"DEFECT","items_purchased":["Doom and Gloom","Capacitor"],"campfire_rested":1,"item_purchase_floors":[2,11],"current_hp_per_floor":[58,58,58,48,39,39,24,24,24,24,24,24,22,22,43,30,61,34,15,15,0],"gold":177,"neow_bonus":"ONE_RANDOM_RARE_CARD","is_prod":false,"is_daily":false,"chose_seed":false,"campfire_upgraded":3,"win_rate":0,"timestamp":1548452784,"path_taken":["M","?","?","M","M","R","E","R","T","?","$","R","M","M","R","BOSS","M","?","?","M"],"build_version":"2019-01-23","purchased_purges":1,"victory":false,"max_hp_per_floor":[71,71,71,71,71,71,71,71,71,71,71,71,71,71,71,71,71,71,71,71,71],"card_choices":[{"not_picked":["Conserve Battery","Rebound"],"picked":"FTL","floor":1},{"not_picked":["Hologram","Rebound"],"picked":"Chill","floor":4},{"not_picked":["Steam Power","FTL","Go for the Eyes"],"picked":"SKIP","floor":5},{"not_picked":["Turbo","Lockon","Fusion"],"picked":"SKIP","floor":7},{"not_picked":["Leap","Hello World"],"picked":"Ball Lightning","floor":10},{"not_picked":["Streamline","Redo"],"picked":"Hologram","floor":13},{"not_picked":["Thunder Strike","Aggregate"],"picked":"White Noise","floor":14},{"not_picked":["Seek","Rainbow"],"picked":"Echo Form","floor":16},{"not_picked":["Leap","Beam Cell"],"picked":"Glacier","floor":18},{"not_picked":["Turbo","Stack","Streamline"],"picked":"SKIP","floor":19}],"player_experience":520186,"relics_obtained":[{"floor":7,"key":"Pantograph"},{"floor":9,"key":"Centennial Puzzle"}],"event_choices":[{"damage_healed":0,"gold_gain":0,"player_choice":"Forge","damage_taken":0,"max_hp_gain":0,"max_hp_loss":0,"event_name":"Accursed Blacksmith","floor":3,"gold_loss":0,"cards_upgraded":["Zap"]},{"damage_healed":0,"gold_gain":50,"player_choice":"Stole From Cult","damage_taken":0,"max_hp_gain":0,"max_hp_loss":0,"event_name":"Nest","floor":20,"gold_loss":0}],"is_beta":false,"boss_relics":[{"not_picked":["Empty Cage","White Beast Statue"],"picked":"Runic Dome"}],"items_purged_floors":[11],"is_endless":false,"potions_floor_spawned":[1,7,14],"killed_by":"3 Cultists","ascension_level":15}