{"gold_per_floor":[109,129,109,125,143,177,177,208,208,40,40,40,40,69,69,69],"floor_reached":16,"playtime":560,"items_purged":[],"score":236,"play_id":"46af3a65-e5e4-478b-b478-626fc70085a1","local_time":"20190312131907","is_ascension_mode":true,"campfire_choices":[{"data":"Sucker Punch","floor":7.0,"key":"SMITH"},{"data":"Dagger Spray","floor":11.0,"key":"SMITH"},{"floor":13.0,"key":"REST"},{"floor":15.0,"key":"REST"}],"neow_cost":"NONE","seed_source_timestamp":503048370611506,"circlet_count":0,"master_deck":["AscendersBane","Defend_G","Defend_G","Defend_G","Defend_G","Strike_G","Strike_G","Strike_G","Strike_G","Survivor","Neutralize+1","Dagger Spray+1","Dash+1","Tools of the Trade","Escape Plan","Sucker Punch+1","Deadly Poison+1"],"special_seed":0,"relics":["Empty Cage","Toxic Egg 2","Whetstone","Smiling Mask","Happy Flower","The Courier"],"potions_floor_usage":[],"damage_taken":[{"damage":4.0,"enemies":"Cultist","floor":1.0,"turns":4.0},{"damage":4.0,"enemies":"Small Slimes","floor":2.0,"turns":3.0},{"damage":0.0,"enemies":"2 Louse","floor":4.0,"turns":2.0},{"damage":0.0,"enemies":"Gremlin Gang","floor":5.0,"turns":6.0},{"damage":16.0,"enemies":"Gremlin Nob","floor":6.0,"turns":4.0},{"damage":17.0,"enemies":"3 Sentries","floor":8.0,"turns":8.0},{"damage":17.0,"enemies":"Gremlin Nob","floor":14.0,"turns":5.0},{"damage":50,"enemies":"Slime Boss","floor":16,"turns":7}],"seed_played":"-1647231994144756744","potions_obtained":[{"floor":1.0,"key":"Fire Potion"},{"floor":3.0,"key":"Strength Potion"},{"floor":12.0,"key":"PowerPotion"},{"floor":12.0,"key":"Explosive Potion"}],"is_trial":false,"path_per_floor":["M","M","?","M","M","E","R","E","T","$","R","?","R","E","R","B"],"character_chosen":"THE_SILENT","items_purchased":["Happy Flower"],"campfire_rested":2,"item_purchase_floors":[10],"current_hp_per_floor":[55,51,51,51,51,35,35,18,18,18,18,18,37,20,39,0],"gold":69,"neow_bonus":"BOSS_RELIC","is_prod":false,"is_daily":false,"chose_seed":false,"campfire_upgraded":2,"win_rate":0,"timestamp":1552393147,"path_taken":["M","M","?","M","M","E","R","E","T","?","R","?","R","E","R","BOSS"],"build_version":"2019-01-23","purchased_purges":0,"victory":false,"max_hp_per_floor":[66,66,66,66,66,66,66,66,66,66,66,66,66,66,66,66],"card_choices":[{"not_picked":["Eviscerate","Dodge and Roll"],"picked":"Dagger Spray","floor":1.0},{"not_picked":["Masterful Stab","PiercingWail"],"picked":"Dash","floor":2.0},{"not_picked":["Concentrate","Dagger Spray"],"picked":"Tools of the Trade","floor":4.0},{"not_picked":["Prepared","Outmaneuver"],"picked":"Escape Plan","floor":5.0},{"not_picked":["Acrobatics","Finisher"],"picked":"Sucker Punch","floor":6.0},{"not_picked":["Slice","Quick Slash","Flying Knee"],"picked":"SKIP","floor":8.0},{"not_picked":["Doppelganger+1","Catalyst+1"],"picked":"Deadly Poison+1","floor":14.0}],"player_experience":980892,"relics_obtained":[{"floor":6.0,"key":"Toxic Egg 2"},{"floor":8.0,"key":"Whetstone"},{"floor":9.0,"key":"Smiling Mask"},{"floor":14.0,"key":"The Courier"}],"event_choices":[{"damage_healed":0.0,"max_hp_gain":0.0,"max_hp_loss":0.0,"gold_gain":0.0,"event_name":"The Woman in Blue","player_choice":"Bought 1 Potion","floor":3.0,"gold_loss":0.0,"damage_taken":0.0},{"damage_healed":0.0,"max_hp_gain":0.0,"max_hp_loss":0.0,"gold_gain":0.0,"event_name":"Lab","player_choice":"Got Potions","floor":12.0,"gold_loss":0.0,"damage_taken":0.0}],"is_beta":false,"boss_relics":[],"items_purged_floors":[],"is_endless":false,"potions_floor_spawned":[1,5],"killed_by":"Slime Boss","ascension_level":20}