{"gold_per_floor":[118,118,136,50,50,107,107,122,193,193,212,212,212,16,16,16],"floor_reached":16,"playtime":384,"items_purged":[],"score":246,"play_id":"71822218-066f-46d9-b975-09dde6e6b263","local_time":"20190314230048","is_ascension_mode":true,"campfire_choices":[{"data":"Crippling Poison","floor":7,"key":"SMITH"},{"data":"Bouncing Flask","floor":13,"key":"SMITH"},{"data":"Deadly Poison","floor":15,"key":"SMITH"}],"neow_cost":"NONE","seed_source_timestamp":85595078154117,"circlet_count":0,"master_deck":["AscendersBane","Defend_G","Defend_G","Defend_G","Defend_G","Defend_G","Strike_G","Strike_G","Strike_G","Survivor","Neutralize","PiercingWail","Malaise","Deadly Poison+1","Crippling Poison+1","All Out Attack","Cloak And Dagger","Bouncing Flask+1","Adrenaline","Deadly Poison"],"relics":["Ring of the Snake","NeowsBlessing","Tiny Chest","Darkstone Periapt","Paper Crane"],"potions_floor_usage":[16,16,16],"damage_taken":[{"damage":0,"enemies":"2 Louse","floor":1,"turns":1},{"damage":0,"enemies":"Cultist","floor":3,"turns":1},{"damage":0,"enemies":"Lagavulin","floor":6,"turns":1},{"damage":1,"enemies":"Jaw Worm","floor":8,"turns":4},{"damage":15,"enemies":"Large Slime","floor":11,"turns":7},{"damage":43,"enemies":"Slime Boss","floor":16,"turns":8}],"seed_played":"-1337377697912502330","potions_obtained":[{"floor":1,"key":"GamblersBrew"},{"floor":6,"key":"EntropicBrew"},{"floor":11,"key":"AttackPotion"}],"is_trial":false,"path_per_floor":["M","?","M","$","?","E","R","M","T","?","M","?","R","$","R","B"],"character_chosen":"THE_SILENT","items_purchased":["Crippling Poison","Adrenaline","Deadly Poison","Fire Potion"],"campfire_rested":0,"item_purchase_floors":[4,14,14,14],"current_hp_per_floor":[59,59,59,59,59,59,59,58,58,58,43,43,43,43,43,0],"gold":16,"neow_bonus":"THREE_ENEMY_KILL","is_prod":false,"is_daily":false,"chose_seed":false,"campfire_upgraded":3,"win_rate":0,"timestamp":1552600848,"path_taken":["M","?","?","$","?","E","R","M","T","?","M","?","R","$","R","BOSS"],"build_version":"2019-01-23","purchased_purges":0,"victory":false,"max_hp_per_floor":[66,66,66,66,66,66,66,66,66,66,66,66,66,66,66,66],"card_choices":[{"not_picked":["Distraction","Dodge and Roll"],"picked":"PiercingWail","floor":1},{"not_picked":["Dodge and Roll","Caltrops"],"picked":"Deadly Poison","floor":3},{"not_picked":["Acrobatics","Blade Dance"],"picked":"All Out Attack","floor":6},{"not_picked":["Underhanded Strike","Endless Agony"],"picked":"Cloak And Dagger","floor":8},{"not_picked":["Cloak And Dagger","Flechettes"],"picked":"Bouncing Flask","floor":11}],"player_experience":1015591,"relics_obtained":[{"floor":6,"key":"Tiny Chest"},{"floor":9,"key":"Darkstone Periapt"}],"event_choices":[{"damage_healed":0,"gold_gain":0,"cards_transformed":["Strike_G"],"player_choice":"Transformed","damage_taken":0,"max_hp_gain":0,"max_hp_loss":0,"event_name":"Transmorgrifier","floor":2,"gold_loss":0,"cards_obtained":["Malaise"]},{"damage_healed":0,"gold_gain":0,"player_choice":"Leave","damage_taken":0,"max_hp_gain":0,"max_hp_loss":0,"event_name":"The Cleric","floor":5,"gold_loss":0},{"damage_healed":0,"gold_gain":0,"player_choice":"Searched \u00271\u0027 times","damage_taken":0,"relics_obtained":["Paper Crane"],"max_hp_gain":0,"max_hp_loss":0,"event_name":"Dead Adventurer","floor":10,"gold_loss":0},{"cards_removed":["Strike_G"],"damage_healed":0,"gold_gain":0,"player_choice":"Offered Basic","damage_taken":0,"max_hp_gain":0,"max_hp_loss":0,"event_name":"Bonfire Elementals","floor":12,"gold_loss":0}],"is_beta":false,"boss_relics":[],"items_purged_floors":[],"is_endless":false,"potions_floor_spawned":[1,6,11],"killed_by":"Slime Boss","ascension_level":20}