{"gold_per_floor":[114,114,134,284,209,243,261,289,289,289,304,1,31,41,41,117,117,131,145,145],"floor_reached":20,"playtime":738,"items_purged":["Doubt"],"score":397,"play_id":"aedf5fa7-e16f-41f3-abe8-3276b3ed9565","local_time":"20190308121329","is_ascension_mode":true,"campfire_choices":[{"data":"True Grit","floor":10,"key":"SMITH"},{"data":"Metallicize","floor":15,"key":"SMITH"}],"neow_cost":"NONE","seed_source_timestamp":153506645163297,"circlet_count":0,"master_deck":["AscendersBane","Strike_R","Strike_R","Strike_R","Strike_R","Strike_R+1","Defend_R","Defend_R","Defend_R","Defend_R","Bash+1","Twin Strike","True Grit+1","Feel No Pain","Reaper","Corruption","Feel No Pain","Metallicize+1","Barricade","Body Slam","Shockwave"],"relics":["Burning Blood","NeowsBlessing","Pear","Dodecahedron","Whetstone","Mercury Hourglass","Lee\u0027s Waffle","Oddly Smooth Stone","White Beast Statue"],"potions_floor_usage":[8,8,16,16,20],"damage_taken":[{"damage":0,"enemies":"Cultist","floor":1,"turns":1},{"damage":0,"enemies":"Jaw Worm","floor":3,"turns":1},{"damage":0,"enemies":"Lagavulin","floor":6,"turns":3},{"damage":0,"enemies":"Small Slimes","floor":7,"turns":3},{"damage":53,"enemies":"Gremlin Nob","floor":8,"turns":5},{"damage":8,"enemies":"3 Louse","floor":11,"turns":3},{"damage":15,"enemies":"Exordium Wildlife","floor":14,"turns":4},{"damage":50,"enemies":"The Guardian","floor":16,"turns":17},{"damage":30,"enemies":"Chosen","floor":18,"turns":9},{"damage":43,"enemies":"Spheric Guardian","floor":19,"turns":10},{"damage":24,"enemies":"Snecko","floor":20,"turns":3}],"seed_played":"7268908620702526814","potions_obtained":[{"floor":3,"key":"Energy Potion"},{"floor":7,"key":"BloodPotion"},{"floor":11,"key":"SkillPotion"},{"floor":16,"key":"Explosive Potion"},{"floor":18,"key":"Poison Potion"}],"is_trial":false,"path_per_floor":["M","?","M","?","$","E","M","E","T","R","M","$","?","M","R","B",null,"M","M","M"],"character_chosen":"IRONCLAD","items_purchased":["Feel No Pain","Lee\u0027s Waffle","Fire Potion"],"campfire_rested":0,"item_purchase_floors":[12,12,12],"current_hp_per_floor":[74,79,85,85,85,85,85,46,46,46,44,92,92,83,83,45,80,60,23,0],"gold":145,"neow_bonus":"THREE_ENEMY_KILL","is_prod":false,"is_daily":false,"chose_seed":false,"campfire_upgraded":2,"win_rate":0,"timestamp":1552043609,"path_taken":["M","?","M","?","$","E","M","E","T","R","M","$","?","M","R","BOSS","M","M","M"],"build_version":"2019-01-23","purchased_purges":1,"victory":false,"max_hp_per_floor":[75,85,85,85,85,85,85,85,85,85,85,92,92,92,92,92,92,92,92,92],"card_choices":[{"not_picked":["Sword Boomerang","Ghostly Armor"],"picked":"Twin Strike","floor":1},{"not_picked":["Dual Wield","Warcry"],"picked":"True Grit","floor":3},{"not_picked":["Flex","Anger"],"picked":"Feel No Pain","floor":6},{"not_picked":["Heavy Blade","Wild Strike","Body Slam"],"picked":"SKIP","floor":7},{"not_picked":["Feel No Pain","Pummel"],"picked":"Reaper","floor":8},{"not_picked":["Twin Strike","True Grit"],"picked":"Corruption","floor":11},{"not_picked":["Pommel Strike","Flame Barrier"],"picked":"Metallicize","floor":14},{"not_picked":["Fiend Fire","Bludgeon"],"picked":"Barricade","floor":16},{"not_picked":["Havoc","Clash"],"picked":"Body Slam","floor":18},{"not_picked":["Thunderclap","Wild Strike"],"picked":"Shockwave","floor":19}],"player_experience":933615,"relics_obtained":[{"floor":6,"key":"Dodecahedron"},{"floor":8,"key":"Whetstone"},{"floor":9,"key":"Mercury Hourglass"}],"event_choices":[{"damage_healed":0,"gold_gain":0,"player_choice":"Success","damage_taken":5,"relics_obtained":["Pear"],"max_hp_gain":0,"max_hp_loss":0,"event_name":"Scrap Ooze","floor":2,"gold_loss":0},{"damage_healed":0,"gold_gain":150,"player_choice":"AGREE","damage_taken":0,"max_hp_gain":0,"max_hp_loss":0,"event_name":"Liars Game","floor":4,"gold_loss":0,"cards_obtained":["Doubt"]},{"damage_healed":0,"gold_gain":30,"player_choice":"Searched \u00272\u0027 times","damage_taken":0,"relics_obtained":["Oddly Smooth Stone"],"max_hp_gain":0,"max_hp_loss":0,"event_name":"Dead Adventurer","floor":13,"gold_loss":0}],"is_beta":false,"boss_relics":[{"not_picked":["Calling Bell","Runic Dome"],"picked":"White Beast Statue"}],"items_purged_floors":[5],"is_endless":false,"potions_floor_spawned":[3,7,11,16,18,19],"killed_by":"Snecko","ascension_level":18}