{"gold_per_floor":[119,132,151,151,6,6,34,34,34,65,80,80,100,125,125,223,223,237,1,1,1,17,17,37,65,143,168,168,194,213,229,229,329,329,348,348,361,378,389,389,422,441,468,70,88,107,107,132,132,132,132,132,57,91,91],"floor_reached":56,"playtime":7170,"items_purged":["Strike_R"],"score":2002,"play_id":"617c6070-0950-4080-b03c-b847feb21a89","local_time":"20190315003817","is_ascension_mode":true,"campfire_choices":[{"data":"Carnage","floor":6.0,"key":"SMITH"},{"data":"Bash","floor":8.0,"key":"SMITH"},{"data":"Demon Form","floor":12.0,"key":"SMITH"},{"data":"Combust","floor":15.0,"key":"SMITH"},{"data":"Ghostly","floor":23.0,"key":"SMITH"},{"floor":28.0,"key":"REST"},{"data":"Ghostly","floor":32.0,"key":"SMITH"},{"data":"Ghostly","floor":40.0,"key":"SMITH"},{"floor":49.0,"key":"RECALL"},{"data":"Limit Break","floor":52,"key":"SMITH"}],"neow_cost":"NONE","seed_source_timestamp":0,"circlet_count":0,"master_deck":["AscendersBane","Strike_R","Strike_R","Strike_R","Defend_R","Defend_R","Defend_R","Defend_R","Bash+1","Demon Form+1","Carnage+1","Twin Strike","Combust+1","Rupture","Limit Break+1","Flame Barrier","Ghostly+1","Ghostly+1","Ghostly","Ghostly","Ghostly+1","Disarm","Second Wind","Sentinel","Sword Boomerang","Cleave","Impervious","Warcry+1","Feed","Evolve","Thinking Ahead","Disarm","Bloodletting","Warcry","Offering"],"special_seed":0,"relics":["Burning Blood","Anchor","Oddly Smooth Stone","Gambling Chip","Omamori","Bag of Preparation","Runic Pyramid","Medical Kit","Red Skull","Self Forming Clay","Mummified Hand","Blood Vial","Philosopher\u0027s Stone","Shuriken","Regal Pillow","Bronze Scales","Boot","Turnip"],"potions_floor_usage":[50,55],"damage_taken":[{"damage":15.0,"enemies":"Jaw Worm","floor":1.0,"turns":5.0},{"damage":12.0,"enemies":"2 Louse","floor":2.0,"turns":4.0},{"damage":7.0,"enemies":"Small Slimes","floor":3.0,"turns":3.0},{"damage":4.0,"enemies":"3 Sentries","floor":7.0,"turns":7.0},{"damage":0.0,"enemies":"Gremlin Nob","floor":10.0,"turns":2.0},{"damage":0.0,"enemies":"2 Fungi Beasts","floor":11.0,"turns":2.0},{"damage":4.0,"enemies":"3 Louse","floor":13.0,"turns":3.0},{"damage":7.0,"enemies":"3 Sentries","floor":14.0,"turns":4.0},{"damage":5.0,"enemies":"Slime Boss","floor":16.0,"turns":6.0},{"damage":15.0,"enemies":"Spheric Guardian","floor":18.0,"turns":4.0},{"damage":11.0,"enemies":"Chosen","floor":22.0,"turns":6.0},{"damage":5.0,"enemies":"3 Cultists","floor":24.0,"turns":6.0},{"damage":14.0,"enemies":"Book of Stabbing","floor":25.0,"turns":6.0},{"damage":8.0,"enemies":"Gremlin Leader","floor":27.0,"turns":7.0},{"damage":7.0,"enemies":"Book of Stabbing","floor":29.0,"turns":6.0},{"damage":16.0,"enemies":"Cultist and Chosen","floor":30.0,"turns":7.0},{"damage":10.0,"enemies":"Snecko","floor":31.0,"turns":4.0},{"damage":12.0,"enemies":"Automaton","floor":33.0,"turns":10.0},{"damage":3.0,"enemies":"3 Shapes","floor":35.0,"turns":6.0},{"damage":4.0,"enemies":"3 Darklings","floor":37.0,"turns":6.0},{"damage":4.0,"enemies":"Spire Growth","floor":38.0,"turns":5.0},{"damage":3.0,"enemies":"Sphere and 2 Shapes","floor":39.0,"turns":5.0},{"damage":6.0,"enemies":"Nemesis","floor":41.0,"turns":7.0},{"damage":5.0,"enemies":"Maw","floor":42.0,"turns":6.0},{"damage":1.0,"enemies":"Transient","floor":45.0,"turns":5.0},{"damage":7.0,"enemies":"Writhing Mass","floor":46.0,"turns":8.0},{"damage":14.0,"enemies":"Giant Head","floor":48.0,"turns":7.0},{"damage":22,"enemies":"Awakened One","floor":50,"turns":10},{"damage":5,"enemies":"Shield and Spear","floor":54,"turns":7},{"damage":26,"enemies":"The Heart","floor":55,"turns":9}],"seed_played":"6878717510112469796","potions_obtained":[{"floor":1.0,"key":"Swift Potion"},{"floor":7.0,"key":"AttackPotion"},{"floor":13.0,"key":"Explosive Potion"},{"floor":14.0,"key":"AttackPotion"},{"floor":16.0,"key":"Ancient Potion"},{"floor":18.0,"key":"BloodPotion"},{"floor":22.0,"key":"SteroidPotion"},{"floor":29.0,"key":"Weak Potion"},{"floor":31.0,"key":"Energy Potion"},{"floor":33.0,"key":"GamblersBrew"},{"floor":48.0,"key":"Strength Potion"}],"is_trial":false,"path_per_floor":["M","M","M","?","$","R","E","R","T","E","M","R","M","E","R","B",null,"M","$","?","?","M","R","M","E","T","E","R","E","M","M","R","B",null,"M","?","M","M","M","R","E","M","T","$","M","M","?","E","R","B",null,"R","$","E","B",null],"character_chosen":"IRONCLAD","items_purchased":["Oddly Smooth Stone","Flame Barrier","Medical Kit","Bronze Scales","Thinking Ahead","PowerPotion","Warcry"],"campfire_rested":1,"item_purchase_floors":[5,19,19,44,44,53,53],"current_hp_per_floor":[63,57,56,44,44,44,46,46,46,52,58,58,60,59,59,60,75,66,66,40,35,30,30,31,23,23,21,34,33,25,23,23,23,40,45,45,45,45,45,45,48,51,51,51,51,53,51,46,46,35,52,52,52,58,40],"gold":91,"neow_bonus":"ONE_RANDOM_RARE_CARD","is_prod":false,"is_daily":false,"chose_seed":false,"campfire_upgraded":8,"win_rate":0,"timestamp":1552624697,"path_taken":["M","M","M","?","$","R","E","R","T","E","M","R","M","E","R","BOSS","M","$","?","?","M","R","M","E","T","E","R","E","M","M","R","BOSS","M","?","M","M","M","R","E","M","T","$","M","M","?","E","R","BOSS","R","$","E","BOSS"],"build_version":"2019-01-23","purchased_purges":1,"victory":true,"max_hp_per_floor":[80,80,80,80,80,80,80,80,80,80,80,80,80,80,80,80,80,80,80,40,45,45,45,45,45,45,45,45,45,45,45,45,45,45,45,45,45,45,45,45,48,51,51,51,51,54,51,54,54,57,57,57,57,60,60],"card_choices":[{"not_picked":["Ghostly Armor","Dual Wield","Warcry"],"picked":"SKIP","floor":1.0},{"not_picked":["Inflame","Pummel"],"picked":"Carnage","floor":2.0},{"not_picked":["True Grit","Second Wind"],"picked":"Twin Strike","floor":3.0},{"not_picked":["Sentinel","Flex","Power Through"],"picked":"SKIP","floor":7.0},{"not_picked":["Dark Embrace","Havoc"],"picked":"Combust","floor":10.0},{"not_picked":["Sword Boomerang","Seeing Red"],"picked":"Rupture","floor":11.0},{"not_picked":["Flex","Armaments","Body Slam"],"picked":"SKIP","floor":13.0},{"not_picked":["Twin Strike","Sentinel","Metallicize"],"picked":"SKIP","floor":14.0},{"not_picked":["Dark Embrace","Barricade"],"picked":"Limit Break","floor":16.0},{"not_picked":["Havoc","Wild Strike","Metallicize"],"picked":"SKIP","floor":18.0},{"not_picked":["Thunderclap","Pommel Strike","Iron Wave"],"picked":"SKIP","floor":22.0},{"not_picked":["Carnage","Shrug It Off"],"picked":"Disarm","floor":24.0},{"not_picked":["Iron Wave","Body Slam","Shrug It Off"],"picked":"SKIP","floor":25.0},{"not_picked":["Juggernaut","Sentinel"],"picked":"Second Wind","floor":27.0},{"not_picked":["Twin Strike","Whirlwind"],"picked":"Sentinel","floor":29.0},{"not_picked":["Shockwave","Ghostly Armor"],"picked":"Sword Boomerang","floor":30.0},{"not_picked":["Thunderclap","Heavy Blade"],"picked":"Cleave","floor":31.0},{"not_picked":["Immolate","Double Tap"],"picked":"Impervious","floor":33.0},{"not_picked":["Clash","Sever Soul"],"picked":"Warcry+1","floor":35.0},{"not_picked":["Heavy Blade+1","True Grit","Pommel Strike"],"picked":"SKIP","floor":37.0},{"not_picked":["Body Slam","Dropkick+1"],"picked":"Feed","floor":38.0},{"not_picked":["Perfected Strike","Clash"],"picked":"Evolve","floor":39.0},{"not_picked":["Perfected Strike","Blood for Blood","Thunderclap"],"picked":"SKIP","floor":41.0},{"not_picked":["Clash","Searing Blow","Wild Strike"],"picked":"SKIP","floor":42.0},{"not_picked":["Twin Strike","Pommel Strike+1"],"picked":"Disarm","floor":45.0},{"not_picked":["Flex+1","Clash"],"picked":"Bloodletting","floor":46.0},{"not_picked":["Blood for Blood","Carnage+1","Inflame"],"picked":"SKIP","floor":48.0},{"not_picked":["Infernal Blade","Thunderclap"],"picked":"Offering","floor":54}],"player_experience":1883887,"relics_obtained":[{"floor":7.0,"key":"Gambling Chip"},{"floor":10.0,"key":"Omamori"},{"floor":14.0,"key":"Bag of Preparation"},{"floor":25.0,"key":"Red Skull"},{"floor":26.0,"key":"Self Forming Clay"},{"floor":27.0,"key":"Mummified Hand"},{"floor":29.0,"key":"Blood Vial"},{"floor":41.0,"key":"Shuriken"},{"floor":43.0,"key":"Regal Pillow"},{"floor":48.0,"key":"Boot"},{"floor":54,"key":"Turnip"}],"event_choices":[{"damage_healed":0.0,"max_hp_gain":0.0,"max_hp_loss":0.0,"gold_gain":0.0,"event_name":"Scrap Ooze","player_choice":"Success","floor":4.0,"gold_loss":0.0,"damage_taken":12.0,"relics_obtained":["Anchor"]},{"damage_healed":0.0,"max_hp_gain":0.0,"max_hp_loss":40.0,"gold_gain":0.0,"event_name":"Ghosts","player_choice":"Became a Ghost","floor":20.0,"gold_loss":0.0,"damage_taken":0.0,"cards_obtained":["Ghostly","Ghostly","Ghostly","Ghostly","Ghostly"]},{"damage_healed":0.0,"max_hp_gain":5.0,"max_hp_loss":0.0,"gold_gain":0.0,"event_name":"Forgotten Altar","player_choice":"Shed Blood","floor":21.0,"gold_loss":0.0,"damage_taken":10.0},{"cards_removed":["Strike_R"],"damage_healed":0.0,"max_hp_gain":0.0,"max_hp_loss":0.0,"gold_gain":0.0,"event_name":"Falling","player_choice":"Removed Attack","floor":36.0,"gold_loss":0.0,"damage_taken":0.0},{"damage_healed":0.0,"max_hp_gain":0.0,"max_hp_loss":3.0,"gold_gain":0.0,"event_name":"Winding Halls","player_choice":"Max HP","floor":47.0,"gold_loss":0.0,"damage_taken":0.0}],"is_beta":false,"boss_relics":[{"not_picked":["Eternal Feather","Busted Crown"],"picked":"Runic Pyramid"},{"not_picked":["Runic Cube","Empty Cage"],"picked":"Philosopher\u0027s Stone"}],"items_purged_floors":[44],"is_endless":false,"potions_floor_spawned":[1,7,13,14,16,18,22,29,31,33,37,42,45,48,54],"ascension_level":12}