{"gold_per_floor":[109,109,123,137,62,62,212,212,288,320,53,53,103,114,114,188,188,201,201,201,126,51,51,67,67,67,79,79,79,24,55,55,55],"floor_reached":33,"playtime":763,"items_purged":["Doubt"],"score":682,"play_id":"4eb2470a-4b7d-4c58-8d18-c120d04718b0","local_time":"20190323173710","is_ascension_mode":true,"campfire_choices":[{"data":"Armaments","floor":6,"key":"SMITH"},{"data":"Twin Strike","floor":8,"key":"SMITH"},{"data":"Double Tap","floor":12,"key":"SMITH"},{"floor":15,"key":"REST"},{"floor":23,"key":"REST"},{"floor":25,"key":"REST"},{"floor":28,"key":"REST"},{"data":"Limit Break","floor":32,"key":"SMITH"}],"neow_cost":"NONE","seed_source_timestamp":281997900280316,"circlet_count":0,"master_deck":["AscendersBane","Strike_R+1","Strike_R+1","Strike_R+1","Strike_R+1","Defend_R+1","Defend_R+1","Defend_R+1","Defend_R+1","Armaments+1","Twin Strike+1","Double Tap+1","Fiend Fire+1","Iron Wave+1","Immolate+1","Headbutt+1","Iron Wave+1","Limit Break+1"],"special_seed":0,"relics":["Philosopher\u0027s Stone","Molten Egg 2","Sundial","Kunai","Velvet Choker","Ginger","Pen Nib"],"potions_floor_usage":[16,24,31],"damage_taken":[{"damage":7,"enemies":"2 Louse","floor":1,"turns":3},{"damage":5,"enemies":"Small Slimes","floor":3,"turns":5},{"damage":2,"enemies":"Cultist","floor":4,"turns":4},{"damage":25,"enemies":"3 Sentries","floor":10,"turns":11},{"damage":0,"enemies":"2 Fungi Beasts","floor":14,"turns":2},{"damage":46,"enemies":"The Guardian","floor":16,"turns":13},{"damage":10,"enemies":"Spheric Guardian","floor":18,"turns":4},{"damage":0,"enemies":"2 Thieves","floor":24,"turns":2},{"damage":10,"enemies":"Snake Plant","floor":27,"turns":3},{"damage":23,"enemies":"Slavers","floor":31,"turns":3},{"damage":52,"enemies":"Collector","floor":33,"turns":6}],"seed_played":"6519061609209397434","potions_obtained":[{"floor":1,"key":"GamblersBrew"},{"floor":10,"key":"SmokeBomb"},{"floor":16,"key":"Ancient Potion"},{"floor":18,"key":"Block Potion"},{"floor":27,"key":"EssenceOfSteel"}],"is_trial":false,"path_per_floor":["M","$","M","M","?","R","?","R","T","E","$","R","?","M","R","B",null,"M","?","?","?","$","R","M","R","T","M","R","?","$","E","R","B"],"character_chosen":"IRONCLAD","items_purchased":["Kunai","Iron Wave+1"],"campfire_rested":4,"item_purchase_floors":[11,30],"current_hp_per_floor":[61,61,56,54,54,54,54,54,54,29,29,29,29,29,51,5,58,48,48,48,48,48,70,70,75,75,65,75,75,75,52,52,0],"gold":55,"neow_bonus":"BOSS_RELIC","is_prod":false,"is_daily":false,"chose_seed":false,"campfire_upgraded":4,"win_rate":0,"timestamp":1553359030,"path_taken":["M","$","M","M","?","R","?","R","T","E","$","R","?","M","R","BOSS","M","?","?","?","?","R","M","R","T","M","R","?","$","E","R","BOSS"],"build_version":"2019-01-23","purchased_purges":1,"victory":false,"max_hp_per_floor":[75,75,75,75,75,75,75,75,75,75,75,75,75,75,75,75,75,75,75,75,75,75,75,75,75,75,75,75,75,75,75,75,75],"card_choices":[{"not_picked":["Sentinel","Headbutt"],"picked":"Armaments","floor":1},{"not_picked":["Clash","Fire Breathing","Heavy Blade"],"picked":"SKIP","floor":3},{"not_picked":["Perfected Strike","Warcry"],"picked":"Twin Strike","floor":4},{"not_picked":["Entrench","Pummel+1"],"picked":"Double Tap","floor":10},{"not_picked":["Clothesline+1","Second Wind","Evolve"],"picked":"SKIP","floor":14},{"not_picked":["Brutality","Juggernaut"],"picked":"Fiend Fire+1","floor":16},{"not_picked":["Twin Strike+1","Warcry"],"picked":"Iron Wave+1","floor":18},{"not_picked":["Second Wind+1","Perfected Strike+1","Armaments"],"picked":"SKIP","floor":24},{"not_picked":["Infernal Blade","Reckless Charge+1"],"picked":"Headbutt+1","floor":27},{"not_picked":["Shrug It Off","Dropkick+1"],"picked":"Limit Break","floor":31}],"player_experience":1092455,"relics_obtained":[{"floor":9,"key":"Molten Egg 2"},{"floor":10,"key":"Sundial"},{"floor":26,"key":"Ginger"},{"floor":31,"key":"Pen Nib"}],"event_choices":[{"cards_removed":["Strike_R"],"damage_healed":0,"gold_gain":0,"player_choice":"Card Removal","damage_taken":0,"max_hp_gain":0,"max_hp_loss":0,"event_name":"The Cleric","floor":5,"gold_loss":75},{"damage_healed":0,"gold_gain":150,"player_choice":"AGREE","damage_taken":0,"max_hp_gain":0,"max_hp_loss":0,"event_name":"Liars Game","floor":7,"gold_loss":0,"cards_obtained":["Doubt"]},{"damage_healed":0,"gold_gain":50,"player_choice":"Pray","damage_taken":0,"max_hp_gain":0,"max_hp_loss":0,"event_name":"Golden Shrine","floor":13,"gold_loss":0},{"damage_healed":0,"gold_gain":0,"player_choice":"Read","damage_taken":0,"max_hp_gain":0,"max_hp_loss":0,"event_name":"The Library","floor":19,"gold_loss":0,"cards_obtained":["Immolate"]},{"damage_healed":0,"gold_gain":0,"player_choice":"Simplicity","damage_taken":0,"max_hp_gain":0,"max_hp_loss":0,"event_name":"Back to Basics","floor":20,"gold_loss":0,"cards_upgraded":["Strike_R","Strike_R","Strike_R","Strike_R","Defend_R","Defend_R","Defend_R","Defend_R"]},{"cards_removed":["Bash"],"damage_healed":0,"gold_gain":0,"player_choice":"Gave Gold","damage_taken":0,"max_hp_gain":0,"max_hp_loss":0,"event_name":"Beggar","floor":21,"gold_loss":75},{"damage_healed":0,"gold_gain":0,"player_choice":"Ignored","damage_taken":0,"max_hp_gain":0,"max_hp_loss":0,"event_name":"Ghosts","floor":29,"gold_loss":0}],"is_beta":false,"boss_relics":[{"not_picked":["Black Star","Calling Bell"],"picked":"Velvet Choker"}],"items_purged_floors":[22],"is_endless":false,"potions_floor_spawned":[1,10,16,18,27],"killed_by":"Collector","ascension_level":18}