{"gold_per_floor":[118,29,29,29,29,59,59,59,59,59,71,71,89,100,100,173,173,191,191,58,58,38,38,53,53,53,53,63,63,113,125,125,125],"floor_reached":33,"playtime":736,"items_purged":[],"score":470,"play_id":"dd3cd1ad-4fb8-440e-9d69-06a0d51c9273","local_time":"20190324122713","is_ascension_mode":true,"campfire_choices":[{"floor":8,"key":"REST"},{"data":"Carnage","floor":10,"key":"SMITH"},{"data":"Bash","floor":12,"key":"SMITH"},{"floor":15,"key":"REST"},{"data":"Inflame","floor":23,"key":"SMITH"},{"data":"Immolate","floor":25,"key":"SMITH"},{"data":"Battle Trance","floor":27,"key":"SMITH"},{"floor":32,"key":"REST"}],"neow_cost":"NONE","seed_source_timestamp":349834834193831,"circlet_count":0,"master_deck":["AscendersBane","Strike_R+1","Strike_R+1","Strike_R+1","Strike_R+1","Strike_R+1","Defend_R+1","Defend_R+1","Defend_R+1","Bash+1","Disarm+1","Shrug It Off","Shrug It Off","Twin Strike","Carnage+1","Shrug It Off","Cleave","Immolate+1","Inflame+1","Battle Trance+1","Twin Strike+1"],"relics":["Burning Blood","Torii","Self Forming Clay","Philosopher\u0027s Stone","Bottled Lightning","Centennial Puzzle"],"potions_floor_usage":[16,33,33],"damage_taken":[{"damage":13,"enemies":"Cultist","floor":1,"turns":5},{"damage":48,"enemies":"3 Sentries","floor":6,"turns":12},{"damage":0,"enemies":"Small Slimes","floor":11,"turns":3},{"damage":7,"enemies":"Jaw Worm","floor":13,"turns":2},{"damage":8,"enemies":"Blue Slaver","floor":14,"turns":4},{"damage":33,"enemies":"Slime Boss","floor":16,"turns":9},{"damage":24,"enemies":"Spheric Guardian","floor":18,"turns":4},{"damage":0,"enemies":"Chosen","floor":24,"turns":4},{"damage":12,"enemies":"Centurion and Healer","floor":28,"turns":6},{"damage":0,"enemies":"Snecko","floor":31,"turns":2},{"damage":56,"enemies":"Automaton","floor":33,"turns":6}],"seed_played":"5301243822279878085","potions_obtained":[{"floor":14,"key":"AttackPotion"},{"floor":16,"key":"LiquidBronze"},{"floor":18,"key":"Weak Potion"},{"floor":22,"key":"Dexterity Potion"}],"is_trial":false,"path_per_floor":["M","$","?","$","?","E","$","R","T","R","M","R","M","M","R","B",null,"M","?","$","?","?","R","M","R","T","R","M","T","?","M","R","B"],"character_chosen":"IRONCLAD","items_purchased":["Shrug It Off","Twin Strike","Inflame","Battle Trance"],"campfire_rested":3,"item_purchase_floors":[2,2,20,20],"current_hp_per_floor":[61,61,54,54,54,12,12,34,34,34,40,40,39,37,59,32,64,46,25,25,25,25,25,31,31,31,31,25,25,25,31,55,0],"gold":125,"neow_bonus":"THREE_CARDS","is_prod":false,"is_daily":false,"chose_seed":false,"campfire_upgraded":5,"win_rate":0,"timestamp":1553426833,"path_taken":["M","?","?","$","?","E","?","R","T","R","?","R","M","M","R","BOSS","M","?","$","?","?","R","M","R","T","R","?","?","?","M","R","BOSS"],"build_version":"2019-01-23","purchased_purges":0,"victory":false,"max_hp_per_floor":[75,75,75,75,75,75,75,75,75,75,75,75,75,75,75,75,75,75,80,80,80,80,80,80,80,80,80,80,80,80,80,80,80],"card_choices":[{"not_picked":["Armaments","Body Slam"],"picked":"Disarm","floor":0},{"not_picked":["Armaments","Uppercut"],"picked":"Shrug It Off","floor":1},{"not_picked":["Rupture","Thunderclap"],"picked":"Carnage","floor":6},{"not_picked":["Flex","Clothesline","Headbutt"],"picked":"SKIP","floor":11},{"not_picked":["Burning Pact","Heavy Blade"],"picked":"Shrug It Off","floor":13},{"not_picked":["Armaments","Flex"],"picked":"Cleave","floor":14},{"not_picked":["Feed","Brutality"],"picked":"Immolate","floor":16},{"not_picked":["Wild Strike","Second Wind+1","Clash"],"picked":"SKIP","floor":18},{"not_picked":["Warcry","Anger"],"picked":"Twin Strike+1","floor":24},{"not_picked":["Immolate","Flex","Sword Boomerang"],"picked":"SKIP","floor":28},{"not_picked":["Iron Wave","Sword Boomerang","Wild Strike"],"picked":"SKIP","floor":31}],"player_experience":1099733,"relics_obtained":[{"floor":6,"key":"Torii"},{"floor":9,"key":"Self Forming Clay"},{"floor":26,"key":"Bottled Lightning"},{"floor":29,"key":"Centennial Puzzle"}],"event_choices":[{"cards_removed":["Defend_R"],"damage_healed":0,"gold_gain":0,"player_choice":"Card Removal","damage_taken":7,"max_hp_gain":0,"max_hp_loss":0,"event_name":"Golden Wing","floor":3,"gold_loss":0},{"damage_healed":0,"gold_gain":0,"player_choice":"Grow","damage_taken":0,"max_hp_gain":0,"max_hp_loss":0,"event_name":"Living Wall","floor":5,"gold_loss":0,"cards_upgraded":["Disarm"]},{"damage_healed":0,"gold_gain":0,"player_choice":"Shed Blood","damage_taken":26,"max_hp_gain":5,"max_hp_loss":0,"event_name":"Forgotten Altar","floor":19,"gold_loss":0},{"damage_healed":0,"gold_gain":0,"player_choice":"Simplicity","damage_taken":0,"max_hp_gain":0,"max_hp_loss":0,"event_name":"Back to Basics","floor":21,"gold_loss":0,"cards_upgraded":["Strike_R","Strike_R","Strike_R","Strike_R","Strike_R","Defend_R","Defend_R","Defend_R"]},{"damage_healed":0,"gold_gain":0,"player_choice":"Bought 1 Potion","damage_taken":0,"max_hp_gain":0,"max_hp_loss":0,"event_name":"The Woman in Blue","floor":22,"gold_loss":0},{"damage_healed":0,"gold_gain":100,"player_choice":"Bet on Murderer","damage_taken":0,"max_hp_gain":0,"max_hp_loss":0,"event_name":"The Joust","floor":30,"gold_loss":50}],"is_beta":false,"boss_relics":[{"not_picked":["Mark of Pain","Astrolabe"],"picked":"Philosopher\u0027s Stone"}],"items_purged_floors":[],"is_endless":false,"potions_floor_spawned":[14,16,18,31],"killed_by":"Automaton","ascension_level":19}