{"gold_per_floor":[114,114,114,114,31,62,62,82,127,127,143,169,169,189,189,262,262,279,279,299,311,76,76,105,105,129,148,180,198,198,198],"floor_reached":31,"playtime":1547,"items_purged":["Strike_G"],"score":570,"play_id":"6ca784d4-d6d7-4845-9529-cf985eed0d72","local_time":"20190318215843","is_ascension_mode":true,"campfire_choices":[{"floor":7,"key":"REST"},{"data":"Deadly Poison","floor":10,"key":"SMITH"},{"data":"Crippling Poison","floor":13,"key":"SMITH"},{"data":"Well Laid Plans","floor":15,"key":"SMITH"},{"floor":23,"key":"REST"},{"floor":25,"key":"REST"}],"neow_cost":"NONE","seed_source_timestamp":23010092104168,"circlet_count":0,"master_deck":["AscendersBane","Defend_G","Defend_G","Defend_G","Defend_G","Defend_G","Strike_G+1","Strike_G+1","Strike_G","Survivor","Neutralize+1","Deadly Poison+1","Riddle With Holes","Neutralize","Crippling Poison+1","Well Laid Plans+1","Backflip","Quick Slash+1","PiercingWail","Malaise","Deadly Poison","Escape Plan+1","Corpse Explosion","Deflect","Backflip","Ghostly","Ghostly","Ghostly"],"relics":["Ring of the Snake","Dream Catcher","Strawberry","Omamori","Fusion Hammer","Nloth\u0027s Gift","Snake Skull","Nunchaku","Juzu Bracelet","Whetstone"],"potions_floor_usage":[21,24,24,28],"damage_taken":[{"damage":0,"enemies":"2 Louse","floor":1,"turns":1},{"damage":0,"enemies":"Gremlin Nob","floor":6,"turns":1},{"damage":0,"enemies":"Cultist","floor":8,"turns":1},{"damage":0,"enemies":"Jaw Worm","floor":11,"turns":4},{"damage":16,"enemies":"Lagavulin","floor":12,"turns":6},{"damage":4,"enemies":"Large Slime","floor":14,"turns":4},{"damage":2,"enemies":"The Guardian","floor":16,"turns":13},{"damage":10,"enemies":"Shell Parasite","floor":18,"turns":6},{"damage":8,"enemies":"Spheric Guardian","floor":20,"turns":5},{"damage":26,"enemies":"3 Cultists","floor":21,"turns":6},{"damage":11,"enemies":"Gremlin Leader","floor":24,"turns":8},{"damage":23,"enemies":"Sentry and Sphere","floor":27,"turns":5},{"damage":17,"enemies":"Book of Stabbing","floor":28,"turns":6},{"damage":6,"enemies":"Snake Plant","floor":29,"turns":3},{"damage":9,"enemies":"Chosen and Byrds","floor":31,"turns":5}],"seed_played":"3680535439473886300","potions_obtained":[{"floor":6,"key":"AttackPotion"},{"floor":8,"key":"GamblersBrew"},{"floor":12,"key":"Block Potion"},{"floor":16,"key":"EssenceOfSteel"},{"floor":21,"key":"Energy Potion"},{"floor":27,"key":"SkillPotion"}],"is_trial":false,"path_per_floor":["M","?","?","?","$","E","R","M","T","R","M","E","R","M","R","B",null,"M","?","M","M","$","R","E","R","T","M","E","M","?","M"],"character_chosen":"THE_SILENT","items_purchased":["Crippling Poison","Snake Skull"],"campfire_rested":3,"item_purchase_floors":[5,22],"current_hp_per_floor":[59,52,32,32,32,32,51,51,58,58,58,42,42,38,38,36,64,54,54,46,20,20,41,30,51,51,28,11,5,5,0],"gold":198,"neow_bonus":"THREE_ENEMY_KILL","is_prod":false,"is_daily":false,"chose_seed":false,"campfire_upgraded":3,"win_rate":0,"timestamp":1552960723,"path_taken":["M","?","?","?","$","E","R","?","T","R","M","E","R","M","R","BOSS","M","?","M","?","$","R","E","R","T","M","E","M","?","M"],"build_version":"2019-01-23","purchased_purges":1,"victory":false,"max_hp_per_floor":[66,66,66,66,66,66,66,66,73,73,73,73,73,73,73,73,73,73,73,73,73,73,73,73,73,73,73,73,73,36,36],"card_choices":[{"not_picked":["Catalyst","Heel Hook"],"picked":"Deadly Poison","floor":1},{"not_picked":["Leg Sweep","Quick Slash"],"picked":"Well Laid Plans","floor":6},{"not_picked":["Slice","Dagger Throw"],"picked":"Backflip","floor":8},{"not_picked":["Slice","Dagger Spray"],"picked":"Quick Slash","floor":11},{"not_picked":["All Out Attack","Outmaneuver"],"picked":"PiercingWail","floor":12},{"not_picked":["Dodge and Roll","Cloak And Dagger","Accuracy"],"picked":"SKIP","floor":14},{"not_picked":["Grand Finale","Die Die Die"],"picked":"Malaise","floor":16},{"not_picked":["Quick Slash","Prepared","Outmaneuver"],"picked":"SKIP","floor":18},{"not_picked":["Underhanded Strike","Dodge and Roll"],"picked":"Deadly Poison","floor":20},{"not_picked":["Skewer","Deadly Poison"],"picked":"Escape Plan+1","floor":21},{"not_picked":["Dodge and Roll","Backflip"],"picked":"Corpse Explosion","floor":24},{"not_picked":["Sucker Punch","Poisoned Stab"],"picked":"Deflect","floor":27},{"not_picked":["Dagger Throw","Poisoned Stab"],"picked":"Backflip","floor":28},{"not_picked":["Terror","Dodge and Roll","Prepared"],"picked":"SKIP","floor":29}],"player_experience":581444,"relics_obtained":[{"floor":6,"key":"Dream Catcher"},{"floor":9,"key":"Strawberry"},{"floor":12,"key":"Omamori"},{"floor":24,"key":"Nunchaku"},{"floor":26,"key":"Juzu Bracelet"},{"floor":28,"key":"Whetstone"}],"event_choices":[{"cards_removed":["Strike_G"],"damage_healed":0,"gold_gain":0,"player_choice":"Card Removal","damage_taken":7,"max_hp_gain":0,"max_hp_loss":0,"event_name":"Golden Wing","floor":2,"gold_loss":0},{"damage_healed":0,"gold_gain":0,"player_choice":"Entered Light","damage_taken":20,"max_hp_gain":0,"max_hp_loss":0,"event_name":"Shining Light","floor":3,"gold_loss":0,"cards_upgraded":["Strike_G","Neutralize"]},{"damage_healed":0,"gold_gain":0,"player_choice":"2 cards matched","damage_taken":0,"max_hp_gain":0,"max_hp_loss":0,"event_name":"Match and Keep!","floor":4,"gold_loss":0,"cards_obtained":["Riddle With Holes","Neutralize"]},{"damage_healed":0,"gold_gain":0,"player_choice":"Traded Relic","damage_taken":0,"relics_obtained":["Nloth\u0027s Gift"],"max_hp_gain":0,"max_hp_loss":0,"event_name":"N\u0027loth","floor":19,"relics_lost":["NeowsBlessing"],"gold_loss":0},{"damage_healed":0,"gold_gain":0,"player_choice":"Became a Ghost","damage_taken":0,"max_hp_gain":0,"max_hp_loss":37,"event_name":"Ghosts","floor":30,"gold_loss":0,"cards_obtained":["Ghostly","Ghostly","Ghostly"]}],"is_beta":false,"boss_relics":[{"not_picked":["Ectoplasm","Empty Cage"],"picked":"Fusion Hammer"}],"items_purged_floors":[22],"is_endless":false,"potions_floor_spawned":[6,8,12,16,18,21,27],"killed_by":"Chosen and Byrds","ascension_level":17}