{"gold_per_floor":[113,113,113,134,157,157,196,5,31,71,71,110,131,131,131,225,225,238,95,120,35,66,78,134,146,158,213,225,258,305,335,347,455,467,495,522,534,559,584,639,651,696,753,796,808,1153,78,91,91,91],"floor_reached":51,"playtime":2250,"items_purged":[],"score":1592,"play_id":"f0f7d436-86c7-45e7-915f-427dfc605605","local_time":"20190322172601","daily_mods":["SealedDeck","Heirloom","Elite Swarm","Uncertain Future"],"is_ascension_mode":true,"campfire_choices":[{"data":"Infinite Blades","floor":6,"key":"SMITH"},{"floor":11,"key":"REST"},{"data":"Leg Sweep","floor":15,"key":"SMITH"},{"data":"Dash","floor":23,"key":"SMITH"},{"floor":25,"key":"REST"},{"floor":32,"key":"REST"},{"data":"Catalyst","floor":41,"key":"SMITH"},{"floor":49,"key":"REST"}],"neow_cost":"","seed_source_timestamp":0,"circlet_count":0,"master_deck":["AscendersBane","Deflect","Bouncing Flask","Dodge and Roll","Infinite Blades+1","Dash+1","Backflip","Deadly Poison","Crippling Poison","Blur","Noxious Fumes+1","Leg Sweep+1","Dodge and Roll","Corpse Explosion","Night Terror","After Image","Cloak And Dagger","Blur","Catalyst+1","Burst","Catalyst+1","Parasite","PiercingWail","Tools of the Trade+1","After Image+1"],"relics":["Ring of the Snake","Turnip","Regal Pillow","TwistedFunnel","Strawberry","Bag of Marbles","Tough Bandages","Velvet Choker","Happy Flower","MawBank","Sundial","The Courier","Calipers","Frozen Egg 2","Lizard Tail","Bottled Lightning","Torii","Centennial Puzzle","Letter Opener","Bronze Scales","Pen Nib","Dream Catcher","Blood Vial","Frozen Eye","Snake Skull","Mummified Hand","Boot"],"potions_floor_usage":[7,10,16,24,33,38],"damage_taken":[{"damage":0,"enemies":"Small Slimes","floor":1,"turns":4},{"damage":0,"enemies":"2 Louse","floor":4,"turns":3},{"damage":8,"enemies":"Jaw Worm","floor":5,"turns":4},{"damage":30,"enemies":"Gremlin Nob","floor":7,"turns":5},{"damage":15,"enemies":"Lagavulin","floor":10,"turns":6},{"damage":27,"enemies":"3 Sentries","floor":12,"turns":4},{"damage":6,"enemies":"Large Slime","floor":13,"turns":6},{"damage":2,"enemies":"The Guardian","floor":16,"turns":7},{"damage":0,"enemies":"Spheric Guardian","floor":18,"turns":3},{"damage":4,"enemies":"3 Byrds","floor":20,"turns":3},{"damage":7,"enemies":"Snake Plant","floor":22,"turns":6},{"damage":12,"enemies":"Gremlin Leader","floor":24,"turns":7},{"damage":9,"enemies":"Book of Stabbing","floor":27,"turns":7},{"damage":0,"enemies":"Centurion and Healer","floor":29,"turns":5},{"damage":31,"enemies":"Slavers","floor":30,"turns":3},{"damage":0,"enemies":"Snecko","floor":31,"turns":4},{"damage":0,"enemies":"Automaton","floor":33,"turns":11},{"damage":16,"enemies":"3 Darklings","floor":35,"turns":4},{"damage":0,"enemies":"3 Shapes","floor":36,"turns":4},{"damage":0,"enemies":"Writhing Mass","floor":38,"turns":4},{"damage":7,"enemies":"Transient","floor":39,"turns":5},{"damage":3,"enemies":"Giant Head","floor":40,"turns":6},{"damage":4,"enemies":"Nemesis","floor":42,"turns":7},{"damage":20,"enemies":"Reptomancer","floor":44,"turns":6},{"damage":1,"enemies":"3 Darklings","floor":48,"turns":2},{"damage":30,"enemies":"Time Eater","floor":50,"turns":7}],"seed_played":"1443300431472809722","potions_obtained":[{"floor":5,"key":"Ancient Potion"},{"floor":7,"key":"EssenceOfSteel"},{"floor":10,"key":"GhostInAJar"},{"floor":16,"key":"SteroidPotion"},{"floor":20,"key":"LiquidBronze"},{"floor":24,"key":"Dexterity Potion"},{"floor":33,"key":"SkillPotion"},{"floor":44,"key":"Fire Potion"}],"is_trial":true,"path_per_floor":["M","?","?","M","M","R","E","$","T","E","R","E","M","?","R","B",null,"M","$","M","?","M","R","E","R","T","E","?","M","E","M","R","B",null,"M","M","?","M","M","E","R","E","T","E","?","?","$","M","R","B",null],"character_chosen":"THE_SILENT","items_purchased":["TwistedFunnel","Happy Flower","Bronze Scales","Pen Nib","Dream Catcher","Blood Vial","Frozen Eye","Snake Skull","Mummified Hand","Boot"],"campfire_rested":4,"item_purchase_floors":[8,19,47,47,47,47,47,47,47,47],"current_hp_per_floor":[59,59,59,59,51,51,21,21,28,13,48,21,15,37,37,35,59,59,59,55,55,48,48,36,67,67,58,58,58,27,27,62,62,66,50,50,50,50,43,40,40,36,36,16,16,16,16,17,52,24],"gold":91,"neow_bonus":"","is_prod":false,"is_daily":false,"chose_seed":false,"campfire_upgraded":4,"win_rate":0,"timestamp":1553271961,"path_taken":["M","?","?","M","M","R","E","$","T","E","R","E","M","?","R","BOSS","M","$","M","?","M","R","E","R","T","E","?","?","E","M","R","BOSS","M","M","?","M","M","E","R","E","T","E","?","?","$","M","R","BOSS"],"build_version":"2019-01-23","purchased_purges":0,"victory":true,"max_hp_per_floor":[66,66,60,60,60,60,60,60,67,67,67,67,67,67,67,67,67,67,67,67,67,67,67,67,67,67,67,67,67,67,67,67,67,67,67,67,67,67,67,67,67,67,67,67,67,67,67,67,67,67],"card_choices":[{"not_picked":["Poisoned Stab","Flying Knee"],"picked":"Leg Sweep","floor":1},{"not_picked":["Terror","Sucker Punch","Dagger Throw"],"picked":"SKIP","floor":4},{"not_picked":["Quick Slash","Accuracy"],"picked":"Dodge and Roll","floor":5},{"not_picked":["Venomology","Tools of the Trade"],"picked":"Corpse Explosion","floor":7},{"not_picked":["A Thousand Cuts","Envenom"],"picked":"Night Terror","floor":10},{"not_picked":["Malaise","Glass Knife"],"picked":"After Image","floor":12},{"not_picked":["Dodge and Roll","Underhanded Strike"],"picked":"Cloak And Dagger","floor":13},{"not_picked":["Corpse Explosion","Phantasmal Killer"],"picked":"Tools of the Trade","floor":16},{"not_picked":["Terror","Eviscerate","Underhanded Strike"],"picked":"SKIP","floor":18},{"not_picked":["Blade Dance","Poisoned Stab"],"picked":"Blur","floor":20},{"not_picked":["Dagger Throw","Bane","Blade Dance"],"picked":"SKIP","floor":22},{"not_picked":["Venomology","A Thousand Cuts","Storm of Steel"],"picked":"SKIP","floor":24},{"not_picked":["A Thousand Cuts","Unload","Tools of the Trade"],"picked":"SKIP","floor":27},{"not_picked":["Predator","Outmaneuver"],"picked":"Catalyst","floor":29},{"not_picked":["Envenom","A Thousand Cuts","Wraith Form v2"],"picked":"SKIP","floor":30},{"not_picked":["Deflect","Masterful Stab+1","Riddle With Holes+1"],"picked":"SKIP","floor":31},{"not_picked":["Night Terror","Malaise"],"picked":"Burst","floor":33},{"not_picked":["Prepared","Sucker Punch","Blade Dance+1"],"picked":"SKIP","floor":35},{"not_picked":["Infinite Blades+1","Slice"],"picked":"Catalyst+1","floor":36},{"not_picked":["Slice","Bouncing Flask"],"picked":"PiercingWail","floor":38},{"not_picked":["Doppelganger","Calculated Gamble","Slice"],"picked":"SKIP","floor":39},{"not_picked":["Phantasmal Killer","Wraith Form v2+1"],"picked":"Tools of the Trade+1","floor":40},{"not_picked":["Burst","Venomology"],"picked":"After Image+1","floor":42},{"not_picked":["Night Terror","Tools of the Trade+1","A Thousand Cuts+1"],"picked":"SKIP","floor":44},{"not_picked":["Flying Knee","Backflip","Prepared"],"picked":"SKIP","floor":48}],"player_experience":1083614,"relics_obtained":[{"floor":7,"key":"Regal Pillow"},{"floor":9,"key":"Strawberry"},{"floor":10,"key":"Bag of Marbles"},{"floor":12,"key":"Tough Bandages"},{"floor":24,"key":"Sundial"},{"floor":26,"key":"The Courier"},{"floor":27,"key":"Calipers"},{"floor":30,"key":"Frozen Egg 2"},{"floor":40,"key":"Bottled Lightning"},{"floor":42,"key":"Torii"},{"floor":43,"key":"Centennial Puzzle"},{"floor":44,"key":"Letter Opener"}],"event_choices":[{"damage_healed":0,"gold_gain":0,"player_choice":"Grow","damage_taken":0,"max_hp_gain":0,"max_hp_loss":0,"event_name":"Living Wall","floor":2,"gold_loss":0,"cards_upgraded":["Noxious Fumes"]},{"damage_healed":0,"gold_gain":0,"player_choice":"Lose Max HP","damage_taken":0,"relics_obtained":["Golden Idol"],"max_hp_gain":0,"max_hp_loss":6,"event_name":"Golden Idol","floor":3,"gold_loss":0},{"damage_healed":22,"gold_gain":0,"player_choice":"Banana","damage_taken":0,"max_hp_gain":0,"max_hp_loss":0,"event_name":"Big Fish","floor":14,"gold_loss":0},{"damage_healed":0,"gold_gain":0,"player_choice":"Obtained Relic","damage_taken":0,"relics_obtained":["MawBank"],"max_hp_gain":0,"max_hp_loss":0,"event_name":"Addict","floor":21,"gold_loss":85},{"damage_healed":0,"gold_gain":0,"player_choice":"Ignored","damage_taken":0,"max_hp_gain":0,"max_hp_loss":0,"event_name":"Beggar","floor":28,"gold_loss":0},{"cards_removed":["Tools of the Trade"],"damage_healed":0,"gold_gain":0,"player_choice":"Removed Power","damage_taken":0,"max_hp_gain":0,"max_hp_loss":0,"event_name":"Falling","floor":37,"gold_loss":0},{"damage_healed":0,"gold_gain":0,"player_choice":"Memory 1","damage_taken":0,"max_hp_gain":0,"max_hp_loss":0,"event_name":"SensoryStone","floor":45,"gold_loss":0},{"damage_healed":0,"gold_gain":333,"player_choice":"Gave Idol","damage_taken":0,"max_hp_gain":0,"max_hp_loss":0,"event_name":"The Moai Head","floor":46,"relics_lost":["Golden Idol"],"gold_loss":0}],"is_beta":false,"boss_relics":[{"not_picked":["Ectoplasm","Runic Pyramid"],"picked":"Velvet Choker"},{"not_picked":["Astrolabe","Snecko Eye"],"picked":"Lizard Tail"}],"items_purged_floors":[],"is_endless":false,"potions_floor_spawned":[5,7,10,16,20,22,24,33,36,44],"ascension_level":15}