{"gold_per_floor":[113,6,20,20,20,53,64,78,78,78,92,92,92,53,53,53],"floor_reached":16,"playtime":740,"items_purged":[],"score":244,"play_id":"03f53507-f377-4b7c-8c92-2e9ab25d8779","local_time":"20190120200621","is_ascension_mode":true,"campfire_choices":[{"data":"Catalyst","floor":10,"key":"SMITH"},{"data":"Crippling Poison","floor":13,"key":"SMITH"},{"data":"Well Laid Plans","floor":15,"key":"SMITH"}],"neow_cost":"NONE","seed_source_timestamp":120195118417920,"circlet_count":0,"master_deck":["AscendersBane","Defend_G","Defend_G","Defend_G","Defend_G","Defend_G","Strike_G","Strike_G","Strike_G","Strike_G","Strike_G","Survivor","Neutralize","Catalyst+1","Poisoned Stab+1","Dagger Throw","Leg Sweep","Crippling Poison+1","Poisoned Stab","PiercingWail","Adrenaline","Well Laid Plans+1"],"relics":["Ring of the Snake","NeowsBlessing","Anchor","Blood Vial","Mummified Hand"],"potions_floor_usage":[8,16,16],"damage_taken":[{"damage":0,"enemies":"Cultist","floor":1,"turns":1},{"damage":0,"enemies":"2 Louse","floor":3,"turns":1},{"damage":0,"enemies":"Gremlin Nob","floor":6,"turns":1},{"damage":0,"enemies":"Jaw Worm","floor":7,"turns":4},{"damage":6,"enemies":"Lots of Slimes","floor":8,"turns":4},{"damage":0,"enemies":"3 Louse","floor":11,"turns":3},{"damage":63,"enemies":"Slime Boss","floor":16,"turns":10}],"seed_played":"8183208077610811377","potions_obtained":[{"floor":3,"key":"EssenceOfSteel"},{"floor":6,"key":"SteroidPotion"},{"floor":8,"key":"Weak Potion"}],"is_trial":false,"path_per_floor":["M","$","M","?","?","E","M","M","T","R","M","T","R","$","R","B"],"character_chosen":"THE_SILENT","items_purchased":["Poisoned Stab","Dagger Throw","Well Laid Plans"],"campfire_rested":0,"item_purchase_floors":[2,2,14],"current_hp_per_floor":[59,59,59,64,64,64,64,58,58,58,60,60,60,60,60,0],"gold":53,"neow_bonus":"THREE_ENEMY_KILL","is_prod":false,"is_daily":false,"chose_seed":false,"campfire_upgraded":3,"win_rate":0,"timestamp":1548014781,"path_taken":["M","$","?","?","?","E","M","?","T","R","M","?","R","$","R","BOSS"],"build_version":"2019-01-17v2","purchased_purges":0,"victory":false,"max_hp_per_floor":[66,66,66,71,71,71,71,71,71,71,71,71,71,71,71,71],"card_choices":[{"not_picked":["Dodge and Roll","Calculated Gamble"],"picked":"Catalyst","floor":1},{"not_picked":["Dodge and Roll","Concentrate"],"picked":"Leg Sweep","floor":3},{"not_picked":["Dagger Throw","Quick Slash"],"picked":"Crippling Poison","floor":6},{"not_picked":["Skewer","Backflip"],"picked":"Poisoned Stab","floor":7},{"not_picked":["Blade Dance","Infinite Blades"],"picked":"PiercingWail","floor":8},{"not_picked":["Finisher","Dagger Spray"],"picked":"Adrenaline","floor":11}],"player_experience":514681,"relics_obtained":[{"floor":6,"key":"Anchor"},{"floor":9,"key":"Blood Vial"},{"floor":12,"key":"Mummified Hand"}],"event_choices":[{"damage_healed":0,"gold_gain":0,"player_choice":"Donut","damage_taken":0,"max_hp_gain":5,"max_hp_loss":0,"event_name":"Big Fish","floor":4,"gold_loss":0},{"damage_healed":0,"gold_gain":0,"player_choice":"Upgraded","damage_taken":0,"max_hp_gain":0,"max_hp_loss":0,"event_name":"Upgrade Shrine","floor":5,"gold_loss":0,"cards_upgraded":["Poisoned Stab"]}],"is_beta":false,"boss_relics":[],"items_purged_floors":[],"is_endless":false,"potions_floor_spawned":[3,6,8],"killed_by":"Slime Boss","ascension_level":19}