{"gold_per_floor":[359,359,35,46,63,63,77,77,104,104,115,115,131,144,144,217,217,236,236,236,25,45,45,45],"floor_reached":24,"playtime":841,"items_purged":["Injury"],"score":376,"play_id":"e5fec189-6486-496e-96fd-7df016661fc1","local_time":"20190314123134","is_ascension_mode":true,"campfire_choices":[{"data":"Noxious Fumes","floor":6,"key":"SMITH"},{"data":"Catalyst","floor":8,"key":"SMITH"},{"data":"Deadly Poison","floor":10,"key":"SMITH"},{"floor":15,"key":"REST"},{"floor":23,"key":"REST"}],"neow_cost":"CURSE","seed_source_timestamp":47383965395723,"circlet_count":0,"master_deck":["AscendersBane","Defend_G","Defend_G","Defend_G","Defend_G","Defend_G","Strike_G","Strike_G","Strike_G","Strike_G","Strike_G","Survivor","Neutralize","Deadly Poison","Noxious Fumes+1","Deadly Poison+1","Catalyst+1","Dodge and Roll","Die Die Die","Backflip","Malaise","Catalyst+1"],"relics":["Ring of the Snake","Centennial Puzzle","Snake Skull","Busted Crown","Nilry\u0027s Codex","DollysMirror"],"potions_floor_usage":[16,20,20],"damage_taken":[{"damage":22,"enemies":"Jaw Worm","floor":1,"turns":10},{"damage":1,"enemies":"Small Slimes","floor":4,"turns":3},{"damage":1,"enemies":"Cultist","floor":5,"turns":3},{"damage":0,"enemies":"Red Slaver","floor":7,"turns":4},{"damage":0,"enemies":"2 Fungi Beasts","floor":11,"turns":4},{"damage":8,"enemies":"Blue Slaver","floor":13,"turns":3},{"damage":9,"enemies":"Large Slime","floor":14,"turns":4},{"damage":15,"enemies":"Slime Boss","floor":16,"turns":9},{"damage":10,"enemies":"3 Byrds","floor":18,"turns":5},{"damage":17,"enemies":"Colosseum Slavers","floor":20,"turns":5},{"damage":0,"enemies":"Chosen","floor":22,"turns":2},{"damage":24,"enemies":"Shelled Parasite and Fungi","floor":24,"turns":3}],"seed_played":"7965353585168479246","potions_obtained":[{"floor":12,"key":"GhostInAJar"},{"floor":16,"key":"EssenceOfSteel"}],"is_trial":false,"path_per_floor":["M","?","$","M","M","R","M","R","T","R","M","?","M","M","R","B",null,"M","?","?","$","M","R","M"],"character_chosen":"THE_SILENT","items_purchased":["Noxious Fumes","Poison Potion","Weak Potion","Deadly Poison","DollysMirror"],"campfire_rested":2,"item_purchase_floors":[3,3,3,3,21],"current_hp_per_floor":[37,26,26,25,24,24,24,24,24,24,24,24,16,7,26,11,52,42,21,4,4,4,23,0],"gold":45,"neow_bonus":"TWO_FIFTY_GOLD","is_prod":false,"is_daily":false,"chose_seed":false,"campfire_upgraded":3,"win_rate":0,"timestamp":1552563094,"path_taken":["M","?","$","M","M","R","M","R","T","R","M","?","?","M","R","BOSS","M","?","?","$","M","R","M"],"build_version":"2019-01-23","purchased_purges":1,"victory":false,"max_hp_per_floor":[66,66,66,66,66,66,66,66,66,66,66,66,66,66,66,66,66,66,66,66,66,66,66,66],"card_choices":[{"not_picked":["Blur","Infinite Blades"],"picked":"Deadly Poison","floor":1},{"not_picked":["Acrobatics","Dagger Throw"],"picked":"Catalyst","floor":4},{"not_picked":["Dagger Throw","Blade Dance"],"picked":"Dodge and Roll","floor":5},{"not_picked":["Acrobatics","Poisoned Stab","Blade Dance"],"picked":"SKIP","floor":7},{"not_picked":["Skewer","Cloak And Dagger","Dagger Throw"],"picked":"SKIP","floor":11},{"not_picked":["Flying Knee","Distraction"],"picked":"Die Die Die","floor":13},{"not_picked":["Deflect","Concentrate"],"picked":"Backflip","floor":14},{"not_picked":["Glass Knife","Envenom"],"picked":"Malaise","floor":16},{"not_picked":["Poisoned Stab"],"picked":"SKIP","floor":18},{"not_picked":["Dagger Spray"],"picked":"SKIP","floor":22}],"player_experience":1009527,"relics_obtained":[{"floor":9,"key":"Snake Skull"},{"floor":19,"key":"Nilry\u0027s Codex"}],"event_choices":[{"damage_healed":0,"gold_gain":0,"player_choice":"Success","damage_taken":11,"relics_obtained":["Centennial Puzzle"],"max_hp_gain":0,"max_hp_loss":0,"event_name":"Scrap Ooze","floor":2,"gold_loss":0},{"damage_healed":0,"gold_gain":0,"player_choice":"Got Potions","damage_taken":0,"max_hp_gain":0,"max_hp_loss":0,"event_name":"Lab","floor":12,"gold_loss":0},{"damage_healed":0,"gold_gain":0,"player_choice":"Obtained Book","damage_taken":21,"max_hp_gain":0,"max_hp_loss":0,"event_name":"Cursed Tome","floor":19,"gold_loss":0},{"damage_healed":0,"gold_gain":0,"player_choice":"Fight","damage_taken":0,"max_hp_gain":0,"max_hp_loss":0,"event_name":"Colosseum","floor":20,"gold_loss":0},{"damage_healed":0,"gold_gain":0,"player_choice":"Fled From Nobs","damage_taken":0,"max_hp_gain":0,"max_hp_loss":0,"event_name":"Colosseum","floor":20,"gold_loss":0}],"is_beta":false,"boss_relics":[{"not_picked":["Tiny House","Snecko Eye"],"picked":"Busted Crown"}],"items_purged_floors":[3],"is_endless":false,"potions_floor_spawned":[5,7,14,16],"killed_by":"Shelled Parasite and Fungi","ascension_level":20}