{"gold_per_floor":[215,235,245,259,279,279,292,292,292,310,310,98,115,115,115,192,192,204,204,44,44,35,35,63,63],"floor_reached":25,"playtime":971,"items_purged":["Strike_G"],"score":430,"play_id":"1ebfbe32-72e1-4678-94e6-03cc8c780461","local_time":"20190312123607","is_ascension_mode":true,"campfire_choices":[{"data":"Deadly Poison","floor":6,"key":"SMITH"},{"data":"Catalyst","floor":8,"key":"SMITH"},{"data":"Neutralize","floor":11,"key":"SMITH"},{"data":"Deadly Poison","floor":15,"key":"SMITH"},{"floor":23,"key":"REST"}],"neow_cost":"NONE","seed_source_timestamp":500238155577498,"circlet_count":0,"master_deck":["AscendersBane","Defend_G","Defend_G","Defend_G","Defend_G","Defend_G","Strike_G","Strike_G","Strike_G","Strike_G","Survivor","Neutralize+1","Deadly Poison+1","Deadly Poison+1","Dagger Spray","PiercingWail","Catalyst+1","Venomology","Crippling Poison","Night Terror","Sucker Punch+1"],"relics":["Ring of the Snake","Black Star","Nloth\u0027s Gift","Centennial Puzzle","Nilry\u0027s Codex","Lantern","Pen Nib"],"potions_floor_usage":[7,7,16,16,18,22,22,22,24,25],"damage_taken":[{"damage":1,"enemies":"Cultist","floor":1,"turns":5},{"damage":6,"enemies":"2 Louse","floor":2,"turns":2},{"damage":2,"enemies":"Jaw Worm","floor":3,"turns":4},{"damage":3,"enemies":"Blue Slaver","floor":4,"turns":4},{"damage":6,"enemies":"Looter","floor":5,"turns":4},{"damage":10,"enemies":"Gremlin Gang","floor":7,"turns":5},{"damage":2,"enemies":"2 Fungi Beasts","floor":10,"turns":5},{"damage":2,"enemies":"Lots of Slimes","floor":13,"turns":3},{"damage":8,"enemies":"The Guardian","floor":16,"turns":6},{"damage":14,"enemies":"3 Byrds","floor":18,"turns":5},{"damage":14,"enemies":"2 Thieves","floor":22,"turns":5},{"damage":44,"enemies":"Gremlin Leader","floor":24,"turns":8},{"damage":6,"enemies":"Chosen and Byrds","floor":25,"turns":3}],"seed_played":"-1148696086115943610","potions_obtained":[{"floor":3,"key":"Swift Potion"},{"floor":4,"key":"SpeedPotion"},{"floor":7,"key":"Ancient Potion"},{"floor":10,"key":"Dexterity Potion"},{"floor":18,"key":"EssenceOfSteel"}],"is_trial":false,"path_per_floor":["M","M","M","M","M","R","M","R","T","M","R","$","M","?","R","B",null,"M","?","$","?","M","R","E","M"],"character_chosen":"THE_SILENT","items_purchased":["Crippling Poison","Fire Potion","Centennial Puzzle"],"campfire_rested":1,"item_purchase_floors":[12,12,20],"current_hp_per_floor":[58,52,50,47,41,41,31,31,31,29,29,29,27,49,49,41,60,46,46,46,25,11,30,1,0],"gold":63,"neow_bonus":"HUNDRED_GOLD","is_prod":false,"is_daily":false,"chose_seed":false,"campfire_upgraded":4,"win_rate":0,"timestamp":1552390567,"path_taken":["M","M","M","M","M","R","M","R","T","M","R","$","M","?","R","BOSS","M","?","?","?","M","R","E","?"],"build_version":"2019-01-23","purchased_purges":1,"victory":false,"max_hp_per_floor":[66,66,66,66,66,66,66,66,66,66,66,66,66,66,66,66,66,66,66,66,66,66,66,66,66],"card_choices":[{"not_picked":["Sucker Punch","Dagger Spray"],"picked":"Deadly Poison","floor":1},{"not_picked":["Flying Knee","Quick Slash"],"picked":"Deadly Poison","floor":2},{"not_picked":["Deflect","Poisoned Stab"],"picked":"Dagger Spray","floor":3},{"not_picked":["Dagger Spray","Infinite Blades","Slice"],"picked":"SKIP","floor":4},{"not_picked":["Skewer","Setup"],"picked":"PiercingWail","floor":5},{"not_picked":["Dagger Throw","Dagger Spray"],"picked":"Catalyst","floor":7},{"not_picked":["Riddle With Holes","Quick Slash"],"picked":"Venomology","floor":10},{"not_picked":["Poisoned Stab","Dagger Throw","Bane"],"picked":"SKIP","floor":13},{"not_picked":["Grand Finale","Envenom"],"picked":"Night Terror","floor":16},{"not_picked":["Slice+1","Bane+1"],"picked":"Sucker Punch+1","floor":18},{"not_picked":["Concentrate","Dagger Throw","Prepared"],"picked":"SKIP","floor":22},{"not_picked":["Bane","Slice","Blade Dance"],"picked":"SKIP","floor":24}],"player_experience":979921,"relics_obtained":[{"floor":9,"key":"Mummified Hand"},{"floor":21,"key":"Nilry\u0027s Codex"},{"floor":24,"key":"Lantern"},{"floor":24,"key":"Pen Nib"}],"event_choices":[{"damage_healed":22,"gold_gain":0,"player_choice":"Banana","damage_taken":0,"max_hp_gain":0,"max_hp_loss":0,"event_name":"Big Fish","floor":14,"gold_loss":0},{"damage_healed":0,"gold_gain":0,"player_choice":"Traded Relic","damage_taken":0,"relics_obtained":["Nloth\u0027s Gift"],"max_hp_gain":0,"max_hp_loss":0,"event_name":"N\u0027loth","floor":19,"relics_lost":["Mummified Hand"],"gold_loss":0},{"damage_healed":0,"gold_gain":0,"player_choice":"Obtained Book","damage_taken":21,"max_hp_gain":0,"max_hp_loss":0,"event_name":"Cursed Tome","floor":21,"gold_loss":0}],"is_beta":false,"boss_relics":[{"not_picked":["Astrolabe","Lizard Tail"],"picked":"Black Star"}],"items_purged_floors":[12],"is_endless":false,"potions_floor_spawned":[3,4,7,10,18],"killed_by":"Chosen and Byrds","ascension_level":20}