{"gold_per_floor":[114,134,154,172,172,172,188,188,213,228,286,298,298,308,308,403,403,414,431,431,448,458,474,474,501,524,542,553,553,563,581,581,682,682,693,711,723,733,750,750,769,416,484,484,484,484,46,61,61,61],"floor_reached":51,"playtime":2903,"items_purged":["Strike_B","Strike_B"],"score":678,"play_id":"3b9138b8-4c53-4606-889c-8d26c74bb220","local_time":"20190224191421","is_ascension_mode":false,"campfire_choices":[{"data":"Zap","floor":6,"key":"SMITH"},{"data":"Ball Lightning","floor":8,"key":"SMITH"},{"data":"Capacitor","floor":15,"key":"SMITH"},{"data":"Dualcast","floor":24,"key":"SMITH"},{"data":"Barrage","floor":29,"key":"SMITH"},{"floor":32,"key":"REST"},{"floor":40,"key":"REST"},{"data":"Defragment","floor":44,"key":"SMITH"},{"data":"Ball Lightning","floor":46,"key":"SMITH"},{"data":"Static Discharge","floor":49,"key":"SMITH"}],"neow_cost":"TEN_PERCENT_HP_LOSS","seed_source_timestamp":28307778720300,"circlet_count":0,"master_deck":["Defend_B","Defend_B","Defend_B","Zap+1","Dualcast+1","Stack","Barrage+1","Self Repair","Conserve Battery","Ball Lightning+1","Electrodynamics","Hologram","BootSequence","Ball Lightning+1","Capacitor+1","All For One","Static Discharge+1","Go for the Eyes+1","White Noise","Conserve Battery+1","Sunder+1","Defragment+1","Leap","Leap+1"],"relics":["Cracked Core","PreservedInsect","Boot","Bronze Scales","Busted Crown","Red Mask","Art of War","Sozu","DataDisk","Toxic Egg 2","Unceasing Top"],"potions_floor_usage":[11,21,27,33,41,50,50],"damage_taken":[{"damage":1,"enemies":"Cultist","floor":1,"turns":3},{"damage":6,"enemies":"Jaw Worm","floor":2,"turns":3},{"damage":0,"enemies":"2 Louse","floor":3,"turns":2},{"damage":5,"enemies":"Blue Slaver","floor":4,"turns":4},{"damage":0,"enemies":"Large Slime","floor":7,"turns":4},{"damage":0,"enemies":"Lots of Slimes","floor":10,"turns":1},{"damage":10,"enemies":"Lagavulin Event","floor":11,"turns":3},{"damage":0,"enemies":"Blue Slaver","floor":12,"turns":3},{"damage":3,"enemies":"Looter","floor":14,"turns":3},{"damage":0,"enemies":"Slime Boss","floor":16,"turns":6},{"damage":0,"enemies":"3 Byrds","floor":18,"turns":2},{"damage":9,"enemies":"Shell Parasite","floor":19,"turns":4},{"damage":5,"enemies":"Chosen and Byrds","floor":21,"turns":4},{"damage":25,"enemies":"Sentry and Sphere","floor":22,"turns":5},{"damage":27,"enemies":"3 Cultists","floor":23,"turns":4},{"damage":9,"enemies":"Masked Bandits","floor":25,"turns":3},{"damage":2,"enemies":"Snecko","floor":27,"turns":5},{"damage":9,"enemies":"Centurion and Healer","floor":28,"turns":5},{"damage":4,"enemies":"3 Cultists","floor":30,"turns":4},{"damage":0,"enemies":"Chosen and Byrds","floor":31,"turns":3},{"damage":25,"enemies":"Champ","floor":33,"turns":10},{"damage":11,"enemies":"3 Darklings","floor":35,"turns":5},{"damage":21,"enemies":"Orb Walker","floor":36,"turns":4},{"damage":14,"enemies":"Maw","floor":37,"turns":7},{"damage":30,"enemies":"Jaw Worm Horde","floor":38,"turns":5},{"damage":19,"enemies":"4 Shapes","floor":39,"turns":6},{"damage":18,"enemies":"Maw","floor":41,"turns":7},{"damage":19,"enemies":"3 Darklings","floor":48,"turns":4},{"damage":38,"enemies":"Time Eater","floor":50,"turns":10}],"seed_played":"1590144510185623181","potions_obtained":[{"floor":2,"key":"Weak Potion"},{"floor":3,"key":"Poison Potion"},{"floor":4,"key":"Poison Potion"},{"floor":11,"key":"SkillPotion"},{"floor":14,"key":"Swift Potion"},{"floor":22,"key":"Weak Potion"},{"floor":27,"key":"PowerPotion"},{"floor":30,"key":"Dexterity Potion"},{"floor":33,"key":"EssenceOfSteel"}],"is_trial":false,"path_per_floor":["M","?","?","T","?","M","M","?","?"],"character_chosen":"DEFECT","items_purchased":["Defragment","DataDisk","Leap","Leap+1","Unceasing Top"],"campfire_rested":2,"item_purchase_floors":[42,42,42,47,47],"current_hp_per_floor":[67,68,68,68,68,68,68,68,68,68,65,68,68,68,68,68,68,68,66,66,68,50,30,30,21,21,26,24,24,20,27,47,29,68,64,50,43,20,8,28,17,17,17,17,59,59,59,47,47,16],"gold":61,"neow_bonus":"TRANSFORM_TWO_CARDS","is_prod":false,"is_daily":false,"chose_seed":false,"campfire_upgraded":8,"win_rate":0,"timestamp":1551053661,"path_taken":["M","M","M","?","?","R","M","R","T","M","?","M","?","M","R","BOSS","M","M","?","?","?","M","R","?","T","M","M","R","M","M","R","BOSS","M","M","M","M","M","R","M","$","T","R","?","R","$","M","R","BOSS"],"build_version":"2019-01-23","purchased_purges":2,"victory":true,"max_hp_per_floor":[68,68,68,68,68,68,68,68,68,68,68,68,68,68,68,68,68,68,68,68,68,68,68,68,68,68,68,68,68,68,68,68,68,68,68,68,68,68,68,68,68,68,68,68,59,59,59,59,59,59],"card_choices":[{"not_picked":["Go for the Eyes","Barrage"],"picked":"Self Repair","floor":1},{"not_picked":["Storm","Glacier"],"picked":"Conserve Battery","floor":2},{"not_picked":["Fusion","Reprogram","Cold Snap"],"picked":"SKIP","floor":3},{"not_picked":["Turbo","Sweeping Beam"],"picked":"Ball Lightning","floor":4},{"not_picked":["Stack","Redo"],"picked":"Electrodynamics","floor":7},{"not_picked":["Redo","Go for the Eyes"],"picked":"Hologram","floor":10},{"not_picked":["Chaos","Auto Shields"],"picked":"BootSequence","floor":11},{"not_picked":["Barrage","Coolheaded"],"picked":"Ball Lightning","floor":12},{"not_picked":["Compile Driver","Fusion"],"picked":"Capacitor","floor":14},{"not_picked":["Reboot","Biased Cognition"],"picked":"All For One","floor":16},{"not_picked":[],"picked":"Static Discharge","floor":18},{"not_picked":["Stack"],"picked":"SKIP","floor":19},{"not_picked":["Genetic Algorithm"],"picked":"SKIP","floor":21},{"not_picked":["Coolheaded"],"picked":"SKIP","floor":22},{"not_picked":["Turbo"],"picked":"SKIP","floor":23},{"not_picked":[],"picked":"Go for the Eyes+1","floor":27},{"not_picked":[],"picked":"White Noise","floor":28},{"not_picked":["Streamline"],"picked":"SKIP","floor":30},{"not_picked":[],"picked":"Conserve Battery+1","floor":31},{"not_picked":["Cold Snap"],"picked":"SKIP","floor":35},{"not_picked":["Stack"],"picked":"SKIP","floor":36},{"not_picked":["Compile Driver+1"],"picked":"SKIP","floor":37},{"not_picked":["Cold Snap"],"picked":"SKIP","floor":38},{"not_picked":["Redo"],"picked":"SKIP","floor":39},{"not_picked":[],"picked":"Sunder+1","floor":41},{"not_picked":["Rainbow+1"],"picked":"SKIP","floor":48}],"player_experience":150164,"relics_obtained":[{"floor":9,"key":"PreservedInsect"},{"floor":11,"key":"Boot"},{"floor":13,"key":"Bronze Scales"},{"floor":25,"key":"Red Mask"},{"floor":26,"key":"Art of War"},{"floor":43,"key":"Toxic Egg 2"}],"event_choices":[{"damage_healed":0,"gold_gain":0,"player_choice":"Ignored","damage_taken":0,"max_hp_gain":0,"max_hp_loss":0,"event_name":"Liars Game","floor":5,"gold_loss":0},{"damage_healed":0,"gold_gain":30,"player_choice":"Searched \u00272\u0027 times","damage_taken":0,"max_hp_gain":0,"max_hp_loss":0,"event_name":"Dead Adventurer","floor":11,"gold_loss":0},{"cards_removed":["Strike_B"],"damage_healed":0,"gold_gain":0,"player_choice":"Purged","damage_taken":0,"max_hp_gain":0,"max_hp_loss":0,"event_name":"Purifier","floor":20,"gold_loss":0},{"damage_healed":0,"gold_gain":0,"player_choice":"Fought Bandits","damage_taken":0,"max_hp_gain":0,"max_hp_loss":0,"event_name":"Masked Bandits","floor":25,"gold_loss":0},{"damage_healed":59,"gold_gain":0,"player_choice":"Heal","damage_taken":0,"max_hp_gain":0,"max_hp_loss":9,"event_name":"The Moai Head","floor":45,"gold_loss":0}],"is_beta":false,"boss_relics":[{"not_picked":["Black Star","Empty Cage"],"picked":"Busted Crown"},{"not_picked":["Pandora\u0027s Box","Eternal Feather"],"picked":"Sozu"}],"items_purged_floors":[42,47],"is_endless":false,"potions_floor_spawned":[2,3,4,11,14,16,18,22,27,30,33,35,36,41,48],"ascension_level":0}