{"gold_per_floor":[112,112,123,138,138,138,165,185,185,185,198,198,46,64,64,139,139,139,139,139,41,41,41,41,41,41,41,41,41,41],"floor_reached":30,"playtime":780,"items_purged":["Parasite"],"score":477,"play_id":"2043221c-68c3-4a93-a767-0de66e7637d7","local_time":"20190321172803","is_ascension_mode":true,"campfire_choices":[{"data":"Bane","floor":6.0,"key":"SMITH"},{"data":"Neutralize","floor":10.0,"key":"SMITH"},{"floor":15.0,"key":"REST"},{"floor":23.0,"key":"REST"},{"data":"Crippling Poison","floor":27,"key":"SMITH"}],"neow_cost":"NONE","seed_source_timestamp":108622736693455,"circlet_count":0,"master_deck":["AscendersBane","Defend_G","Defend_G","Defend_G+1","Defend_G","Defend_G","Survivor","Neutralize+1","Deadly Poison","Crippling Poison+1","Bane+1","Escape Plan","Wraith Form v2","Night Terror","Dagger Spray","Backflip","Cloak And Dagger","Bite","Bite","Bite","Bite","Bite","Backflip"],"special_seed":0,"relics":["Ring of the Snake","NeowsBlessing","Bag of Marbles","Ectoplasm","Ancient Tea Set","Blue Candle"],"potions_floor_usage":[],"damage_taken":[{"damage":0.0,"enemies":"Jaw Worm","floor":1.0,"turns":1.0},{"damage":0.0,"enemies":"Cultist","floor":3.0,"turns":1.0},{"damage":0.0,"enemies":"2 Louse","floor":4.0,"turns":1.0},{"damage":29.0,"enemies":"Gremlin Nob","floor":7.0,"turns":4.0},{"damage":6.0,"enemies":"Large Slime","floor":8.0,"turns":6.0},{"damage":6.0,"enemies":"Exordium Wildlife","floor":11.0,"turns":4.0},{"damage":5.0,"enemies":"3 Louse","floor":14.0,"turns":3.0},{"damage":41.0,"enemies":"Hexaghost","floor":16.0,"turns":12.0},{"damage":18.0,"enemies":"3 Byrds","floor":18.0,"turns":4.0},{"damage":11.0,"enemies":"Shell Parasite","floor":20.0,"turns":6.0},{"damage":7.0,"enemies":"Gremlin Leader","floor":25.0,"turns":6.0},{"damage":44,"enemies":"Book of Stabbing","floor":29,"turns":7},{"damage":22,"enemies":"Snecko","floor":30,"turns":3}],"seed_played":"1418080958669985091","potions_obtained":[{"floor":3.0,"key":"Explosive Potion"},{"floor":14.0,"key":"Fire Potion"},{"floor":16.0,"key":"GamblersBrew"},{"floor":20.0,"key":"PowerPotion"}],"is_trial":false,"path_per_floor":["M","?","M","M","?","R","E","M","T","R","M","?","$","M","R","B",null,"M","?","M","$","?","R","?","E","T","R","?","E","M"],"character_chosen":"THE_SILENT","items_purchased":["Wraith Form v2","Backflip","Weak Potion"],"campfire_rested":2,"item_purchase_floors":[13,21,21],"current_hp_per_floor":[59,59,59,59,46,46,17,13,13,13,9,25,25,22,40,1,48,32,21,12,12,3,23,45,40,40,40,40,14,0],"gold":41,"neow_bonus":"THREE_ENEMY_KILL","is_prod":false,"is_daily":false,"chose_seed":false,"campfire_upgraded":3,"win_rate":0,"timestamp":1553185683,"path_taken":["M","?","M","?","?","R","E","M","T","R","M","?","$","M","R","BOSS","M","?","M","$","?","R","?","E","T","R","?","E","M"],"build_version":"2019-01-23","purchased_purges":1,"victory":false,"max_hp_per_floor":[66,66,66,66,66,66,66,66,66,66,66,66,63,63,63,63,63,63,68,68,68,68,68,68,68,68,68,68,68,68],"card_choices":[{"not_picked":["Poisoned Stab","Dodge and Roll"],"picked":"Deadly Poison","floor":1.0},{"not_picked":["Dodge and Roll","Blade Dance"],"picked":"Bane","floor":3.0},{"not_picked":["Concentrate","Flechettes","Bane"],"picked":"SKIP","floor":4.0},{"not_picked":["Grand Finale","Underhanded Strike","Acrobatics"],"picked":"SKIP","floor":7.0},{"not_picked":["Outmaneuver","Underhanded Strike","Dodge and Roll"],"picked":"SKIP","floor":8.0},{"not_picked":["Deadly Poison","Flechettes"],"picked":"Escape Plan","floor":11.0},{"not_picked":["Predator","Prepared","Expertise"],"picked":"SKIP","floor":14.0},{"not_picked":["Envenom","Glass Knife"],"picked":"Night Terror","floor":16.0},{"not_picked":["Blade Dance","Deflect","Underhanded Strike+1"],"picked":"SKIP","floor":18.0},{"not_picked":["Sucker Punch","Backstab"],"picked":"Dagger Spray","floor":20.0},{"not_picked":["A Thousand Cuts","Deflect"],"picked":"Cloak And Dagger","floor":25},{"not_picked":["Prepared","Deflect"],"picked":"Backflip","floor":29}],"player_experience":1077432,"relics_obtained":[{"floor":7.0,"key":"Blood Vial"},{"floor":9.0,"key":"Bag of Marbles"},{"floor":26,"key":"Ancient Tea Set"},{"floor":29,"key":"Blue Candle"}],"event_choices":[{"damage_healed":0.0,"max_hp_gain":0.0,"max_hp_loss":0.0,"gold_gain":0.0,"cards_transformed":["Strike_G"],"event_name":"Transmorgrifier","player_choice":"Transformed","floor":2.0,"gold_loss":0.0,"damage_taken":0.0,"cards_obtained":["Crippling Poison"]},{"damage_healed":0.0,"max_hp_gain":0.0,"max_hp_loss":0.0,"gold_gain":0.0,"event_name":"Shining Light","player_choice":"Entered Light","floor":5.0,"gold_loss":0.0,"damage_taken":13.0,"cards_upgraded":["Strike_G","Defend_G"]},{"damage_healed":16.0,"max_hp_gain":0.0,"max_hp_loss":0.0,"gold_gain":0.0,"event_name":"Mushrooms","player_choice":"Healed and dodged fight","floor":12.0,"gold_loss":0.0,"damage_taken":0.0,"cards_obtained":["Parasite"]},{"damage_healed":0.0,"max_hp_gain":5.0,"max_hp_loss":0.0,"gold_gain":0.0,"event_name":"Forgotten Altar","player_choice":"Shed Blood","floor":19.0,"gold_loss":0.0,"damage_taken":16.0},{"damage_healed":0.0,"max_hp_gain":0.0,"max_hp_loss":0.0,"gold_gain":0.0,"event_name":"Cursed Tome","player_choice":"Stopped","floor":22.0,"gold_loss":0.0,"damage_taken":9.0},{"damage_healed":22.0,"max_hp_gain":0.0,"max_hp_loss":0.0,"gold_gain":0.0,"event_name":"The Library","player_choice":"Heal","floor":24.0,"gold_loss":0.0,"damage_taken":0.0},{"damage_healed":0,"gold_gain":0,"player_choice":"Became a vampire (Vial)","damage_taken":0,"max_hp_gain":0,"max_hp_loss":0,"event_name":"Vampires","floor":28,"relics_lost":["Blood Vial"],"gold_loss":0,"cards_obtained":["Bite","Bite","Bite","Bite","Bite"]}],"is_beta":false,"boss_relics":[{"not_picked":["White Beast Statue","Empty Cage"],"picked":"Ectoplasm"}],"items_purged_floors":[13],"is_endless":false,"potions_floor_spawned":[3,14,16,20],"killed_by":"Snecko","ascension_level":14}