{"gold_per_floor":[218,218,60,60,73,73,84,113,179,201,227,239,284,92,92,194,194,204,223,233,233],"floor_reached":21,"playtime":1097,"items_purged":["Strike_R"],"score":210,"play_id":"d064eb13-2966-4b6b-a72e-231bfb32d517","local_time":"20190208210550","is_ascension_mode":true,"campfire_choices":[{"data":"Flex","floor":6.0,"key":"SMITH"},{"data":"True Grit","floor":15.0,"key":"SMITH"}],"neow_cost":"NONE","seed_source_timestamp":535313558947488,"circlet_count":0,"master_deck":["Strike_R","Strike_R","Strike_R","Strike_R","Defend_R","Defend_R","Defend_R","Defend_R","Bash","Flex+1","Disarm","Iron Wave","True Grit+1","Sword Boomerang","Feel No Pain","Pommel Strike","Seeing Red","Immolate","Exhume","Shrug It Off","Twin Strike","Iron Wave+1"],"special_seed":0,"relics":["Burning Blood","MawBank","Orichalcum","Blood Vial","Sling","Black Star"],"potions_floor_usage":[21],"damage_taken":[{"damage":12.0,"enemies":"Jaw Worm","floor":1.0,"turns":2.0},{"damage":6.0,"enemies":"Cultist","floor":5.0,"turns":3.0},{"damage":15.0,"enemies":"Small Slimes","floor":7.0,"turns":3.0},{"damage":23.0,"enemies":"Gremlin Nob","floor":8.0,"turns":4.0},{"damage":3.0,"enemies":"3 Louse","floor":10.0,"turns":3.0},{"damage":0.0,"enemies":"Lots of Slimes","floor":11.0,"turns":1.0},{"damage":15.0,"enemies":"Lagavulin","floor":13.0,"turns":5.0},{"damage":46.0,"enemies":"The Guardian","floor":16.0,"turns":13.0},{"damage":38.0,"enemies":"2 Thieves","floor":18.0,"turns":4.0},{"damage":38.0,"enemies":"Shell Parasite","floor":19.0,"turns":11.0},{"damage":21.0,"enemies":"Snake Plant","floor":20.0,"turns":3.0},{"damage":13,"enemies":"Shelled Parasite and Fungi","floor":21,"turns":2}],"seed_played":"-7917742210749436548","potions_obtained":[{"floor":7.0,"key":"AttackPotion"},{"floor":8.0,"key":"Strength Potion"},{"floor":11.0,"key":"BloodPotion"},{"floor":16.0,"key":"Strength Potion"},{"floor":18.0,"key":"FearPotion"},{"floor":20.0,"key":"Strength Potion"}],"is_trial":false,"path_per_floor":["M","?","$","?","M","R","M","E","T","M","M","?","E","$","R","B",null,"M","M","M","M"],"character_chosen":"IRONCLAD","items_purchased":["Disarm","Iron Wave","Sling"],"campfire_rested":0,"item_purchase_floors":[3,3,14],"current_hp_per_floor":[74,79,79,79,79,79,70,53,53,56,62,62,53,53,53,23,85,53,23,10,0],"gold":233,"neow_bonus":"HUNDRED_GOLD","is_prod":false,"is_daily":false,"chose_seed":true,"campfire_upgraded":2,"win_rate":0,"timestamp":1549659950,"path_taken":["M","?","$","?","?","R","M","E","T","?","M","?","E","$","R","BOSS","M","?","M","M"],"build_version":"2019-01-23","purchased_purges":1,"victory":false,"max_hp_per_floor":[80,85,85,85,85,85,85,85,85,85,85,85,85,85,85,85,85,85,85,85,85],"card_choices":[{"not_picked":["Havoc","Sever Soul"],"picked":"Flex","floor":1.0},{"not_picked":["Flex","Perfected Strike"],"picked":"True Grit","floor":5.0},{"not_picked":["Thunderclap","Infernal Blade"],"picked":"Sword Boomerang","floor":7.0},{"not_picked":["Intimidate","True Grit","Entrench"],"picked":"SKIP","floor":8.0},{"not_picked":["Heavy Blade","Flame Barrier"],"picked":"Feel No Pain","floor":10.0},{"not_picked":["Anger","Dropkick"],"picked":"Pommel Strike","floor":11.0},{"not_picked":["Demon Form","Brutality"],"picked":"Exhume","floor":16.0},{"not_picked":["Anger","Iron Wave"],"picked":"Shrug It Off","floor":18.0},{"not_picked":["Iron Wave","Infernal Blade"],"picked":"Twin Strike","floor":19.0},{"not_picked":["Warcry","Havoc+1"],"picked":"Iron Wave+1","floor":20.0}],"player_experience":520907,"relics_obtained":[{"floor":8.0,"key":"MawBank"},{"floor":9.0,"key":"Orichalcum"},{"floor":13.0,"key":"Blood Vial"}],"event_choices":[{"damage_healed":0.0,"max_hp_gain":5.0,"max_hp_loss":0.0,"gold_gain":0.0,"event_name":"Big Fish","player_choice":"Donut","floor":2.0,"gold_loss":0.0,"damage_taken":0.0},{"damage_healed":0.0,"max_hp_gain":0.0,"max_hp_loss":0.0,"gold_gain":0.0,"event_name":"NoteForYourself","player_choice":"Ignored","floor":4.0,"gold_loss":0.0,"damage_taken":0.0},{"damage_healed":0.0,"max_hp_gain":0.0,"max_hp_loss":0.0,"gold_gain":0.0,"event_name":"Match and Keep!","player_choice":"2 cards matched","floor":12.0,"gold_loss":0.0,"damage_taken":0.0,"cards_obtained":["Seeing Red","Immolate"]}],"is_beta":false,"boss_relics":[{"not_picked":["Philosopher\u0027s Stone","Runic Dome"],"picked":"Black Star"}],"items_purged_floors":[3],"is_endless":false,"potions_floor_spawned":[7,8,11,16,18,20],"killed_by":"Shelled Parasite and Fungi","ascension_level":2}