{"gold_per_floor":[360,378,378,391,48,48,76,76,101,101,0,0,31,58,70,156,168,200,49,49,68,0,0,34,34,60,74,93,93,109,135,135,207,207,220,170,180,191,291,324,324,354,354,374,374,324,337,350,350,350,350,350,14,45,45],"floor_reached":55,"playtime":4014,"items_purged":["Strike_G","Riddle With Holes"],"score":1484,"play_id":"897ca816-5880-47ee-9835-b406ade08f1b","local_time":"20190324185128","is_ascension_mode":true,"campfire_choices":[{"data":"Skewer","floor":6.0,"key":"SMITH"},{"data":"Noxious Fumes","floor":8.0,"key":"SMITH"},{"data":"Deadly Poison","floor":12.0,"key":"SMITH"},{"floor":15,"key":"REST"},{"data":"Adrenaline","floor":23,"key":"SMITH"},{"data":"Wraith Form v2","floor":25,"key":"SMITH"},{"data":"After Image","floor":29,"key":"SMITH"},{"data":"Malaise","floor":32,"key":"SMITH"},{"floor":41,"key":"RECALL"},{"data":"Expertise","floor":45,"key":"SMITH"},{"data":"Survivor","floor":49,"key":"SMITH"},{"data":"Defend_G","floor":52,"key":"SMITH"}],"neow_cost":"TEN_PERCENT_HP_LOSS","seed_source_timestamp":180775308159537,"circlet_count":0,"master_deck":["AscendersBane","Defend_G","Defend_G+1","Defend_G","Defend_G","Defend_G+1","Survivor+1","Neutralize+1","Deadly Poison+1","Skewer+1","Crippling Poison","Noxious Fumes+1","Flying Knee+1","Escape Plan+1","Adrenaline+1","Outmaneuver+1","Bite","Bite+1","Bite","Bite","Bite+1","Wraith Form v2+1","After Image+1","Malaise+1","Corpse Explosion","Expertise+1","Dodge and Roll+1","Noxious Fumes+1"],"special_seed":0,"relics":["Ring of the Snake","Sling","Smiling Mask","Oddly Smooth Stone","MawBank","Runic Pyramid","Happy Flower","Dodecahedron","Whetstone","Unceasing Top","Coffee Dripper","Tingsha","Frozen Egg 2","Bottled Tornado","OrangePellets","Bag of Marbles"],"potions_floor_usage":[16,24,24,48,50,50,53],"damage_taken":[{"damage":1.0,"enemies":"Small Slimes","floor":1.0,"turns":5.0},{"damage":1.0,"enemies":"Cultist","floor":2.0,"turns":4.0},{"damage":0.0,"enemies":"2 Louse","floor":4.0,"turns":3.0},{"damage":7.0,"enemies":"Gremlin Nob","floor":7.0,"turns":3.0},{"damage":7.0,"enemies":"3 Sentries","floor":13.0,"turns":6.0},{"damage":13,"enemies":"Exordium Thugs","floor":14,"turns":4},{"damage":16,"enemies":"Hexaghost","floor":16,"turns":9},{"damage":8,"enemies":"Shell Parasite","floor":18,"turns":5},{"damage":5,"enemies":"3 Byrds","floor":21,"turns":5},{"damage":34,"enemies":"Slavers","floor":24,"turns":6},{"damage":0,"enemies":"Centurion and Healer","floor":27,"turns":4},{"damage":4,"enemies":"Chosen and Byrds","floor":28,"turns":5},{"damage":11,"enemies":"Cultist and Chosen","floor":30,"turns":8},{"damage":7,"enemies":"Book of Stabbing","floor":31,"turns":5},{"damage":29,"enemies":"Automaton","floor":33,"turns":13},{"damage":16,"enemies":"3 Shapes","floor":35,"turns":3},{"damage":0,"enemies":"3 Darklings","floor":37,"turns":5},{"damage":6,"enemies":"4 Shapes","floor":38,"turns":5},{"damage":0,"enemies":"Mind Bloom Boss Battle","floor":39,"turns":8},{"damage":0,"enemies":"Nemesis","floor":40,"turns":7},{"damage":16,"enemies":"Giant Head","floor":42,"turns":10},{"damage":32,"enemies":"Jaw Worm Horde","floor":44,"turns":4},{"damage":0,"enemies":"Maw","floor":47,"turns":9},{"damage":3,"enemies":"4 Shapes","floor":48,"turns":5},{"damage":33,"enemies":"Time Eater","floor":50,"turns":16},{"damage":9,"enemies":"Shield and Spear","floor":54,"turns":8},{"damage":69,"enemies":"The Heart","floor":55,"turns":11}],"seed_played":"-1874449150868202075","potions_obtained":[{"floor":2.0,"key":"SteroidPotion"},{"floor":4.0,"key":"SpeedPotion"},{"floor":14,"key":"Strength Potion"},{"floor":18,"key":"Ancient Potion"},{"floor":30,"key":"Swift Potion"},{"floor":31,"key":"Dexterity Potion"},{"floor":47,"key":"Fruit Juice"},{"floor":48,"key":"Regen Potion"}],"is_trial":false,"path_per_floor":["M","M","?","M","$","R","E","R","T","?","$","R","E","M","R","B",null,"M","$","?","M","?","R","E","R","T","M","M","R","M","E","R","B",null,"M","$","M","M","?","E","R","E","T","M","R","?","M","M","R","B",null,"R","$","E","B"],"character_chosen":"THE_SILENT","items_purchased":["Sling","Crippling Poison","Noxious Fumes","Flying Knee","Happy Flower","OrangePellets","Fruit Juice"],"campfire_rested":1,"item_purchase_floors":[5,5,5,11,19,53,53],"current_hp_per_floor":[58,57,39,39,39,39,32,32,32,32,32,32,25,12,30,14,49,41,41,41,42,42,42,25,25,25,36,41,41,42,37,37,39,41,36,36,42,36,42,42,42,40,40,19,19,19,42,47,47,47,47,47,52,50,0],"gold":45,"neow_bonus":"TWO_FIFTY_GOLD","is_prod":false,"is_daily":false,"chose_seed":false,"campfire_upgraded":10,"win_rate":0,"timestamp":1553467888,"path_taken":["M","M","?","M","$","R","E","R","T","?","$","R","E","M","R","BOSS","M","$","?","M","?","R","E","R","T","?","M","R","M","E","R","BOSS","M","$","M","M","?","E","R","E","T","M","R","?","M","?","R","BOSS","R","$","E","BOSS"],"build_version":"2019-01-23","purchased_purges":2,"victory":false,"max_hp_per_floor":[60,60,60,60,60,60,60,60,60,60,60,60,60,60,60,60,60,60,60,42,42,42,42,42,42,42,42,42,42,42,42,42,42,42,42,42,42,42,42,42,42,42,42,42,42,42,42,47,47,47,47,47,52,52,52],"card_choices":[{"not_picked":["Cloak And Dagger","Setup"],"picked":"Deadly Poison","floor":1.0},{"not_picked":["Dagger Throw","Endless Agony"],"picked":"Skewer","floor":2.0},{"not_picked":["Sucker Punch","Calculated Gamble","Terror"],"picked":"SKIP","floor":4.0},{"not_picked":["Dash","Dagger Throw"],"picked":"Riddle With Holes","floor":7.0},{"not_picked":["Tactician","Venomology","Acrobatics"],"picked":"SKIP","floor":13.0},{"not_picked":["Heel Hook","Deflect"],"picked":"Escape Plan","floor":14},{"not_picked":["Unload","Tools of the Trade"],"picked":"Adrenaline","floor":16},{"not_picked":["Sucker Punch","Skewer"],"picked":"Outmaneuver+1","floor":18},{"not_picked":["Blade Dance","Blur","Dagger Throw"],"picked":"SKIP","floor":21},{"not_picked":["Escape Plan","Masterful Stab"],"picked":"Wraith Form v2","floor":24},{"not_picked":["Dagger Spray","Dagger Throw","Tactician"],"picked":"SKIP","floor":27},{"not_picked":["Quick Slash","Setup+1"],"picked":"After Image","floor":28},{"not_picked":["Backflip","Flying Knee+1","Acrobatics"],"picked":"SKIP","floor":30},{"not_picked":["Noxious Fumes","All Out Attack"],"picked":"Malaise","floor":31},{"not_picked":["Burst","Unload"],"picked":"Corpse Explosion","floor":33},{"not_picked":["Deadly Poison+1","Poisoned Stab","Reflex+1"],"picked":"SKIP","floor":35},{"not_picked":["Distraction+1","Bane","Dagger Throw"],"picked":"SKIP","floor":37},{"not_picked":["Masterful Stab","Bane+1","All Out Attack+1"],"picked":"SKIP","floor":38},{"not_picked":["Endless Agony","Underhanded Strike","Distraction"],"picked":"SKIP","floor":40},{"not_picked":["Cloak And Dagger+1","Flying Knee"],"picked":"Expertise","floor":42},{"not_picked":["Poisoned Stab","Caltrops+1"],"picked":"Dodge and Roll+1","floor":44},{"not_picked":["Heel Hook","Accuracy+1","Skewer"],"picked":"SKIP","floor":47},{"not_picked":["Heel Hook","Dagger Spray","Deflect"],"picked":"SKIP","floor":48},{"not_picked":["Backstab","Deadly Poison"],"picked":"Noxious Fumes+1","floor":54}],"player_experience":586737,"relics_obtained":[{"floor":7.0,"key":"Smiling Mask"},{"floor":9.0,"key":"Oddly Smooth Stone"},{"floor":13.0,"key":"MawBank"},{"floor":24,"key":"Dodecahedron"},{"floor":26,"key":"Whetstone"},{"floor":31,"key":"Unceasing Top"},{"floor":39,"key":"Tingsha"},{"floor":40,"key":"Frozen Egg 2"},{"floor":42,"key":"Bottled Tornado"},{"floor":54,"key":"Bag of Marbles"}],"event_choices":[{"damage_healed":0.0,"max_hp_gain":0.0,"max_hp_loss":0.0,"gold_gain":0.0,"event_name":"Shining Light","player_choice":"Entered Light","floor":3.0,"gold_loss":0.0,"damage_taken":18.0,"cards_upgraded":["Defend_G","Strike_G"]},{"damage_healed":0.0,"max_hp_gain":0.0,"max_hp_loss":0.0,"gold_gain":0.0,"event_name":"Upgrade Shrine","player_choice":"Upgraded","floor":10.0,"gold_loss":0.0,"damage_taken":0.0,"cards_upgraded":["Neutralize"]},{"damage_healed":0,"gold_gain":0,"player_choice":"Became a vampire","damage_taken":0,"max_hp_gain":0,"max_hp_loss":18,"event_name":"Vampires","floor":20,"gold_loss":0,"cards_obtained":["Bite","Bite","Bite","Bite","Bite"]},{"damage_healed":0,"gold_gain":0,"player_choice":"Paid Fearfully","damage_taken":0,"max_hp_gain":0,"max_hp_loss":0,"event_name":"Masked Bandits","floor":22,"gold_loss":68},{"damage_healed":0,"gold_gain":0,"player_choice":"Fight","damage_taken":0,"max_hp_gain":0,"max_hp_loss":0,"event_name":"MindBloom","floor":39,"gold_loss":0},{"damage_healed":0,"gold_gain":0,"player_choice":"Upgraded Two","damage_taken":0,"max_hp_gain":0,"max_hp_loss":0,"event_name":"Designer","floor":46,"gold_loss":50,"cards_upgraded":["Bite","Escape Plan"]}],"is_beta":false,"boss_relics":[{"not_picked":["Lizard Tail","Runic Dome"],"picked":"Runic Pyramid"},{"not_picked":["WristBlade","HoveringKite"],"picked":"Coffee Dripper"}],"items_purged_floors":[11,36],"is_endless":false,"potions_floor_spawned":[2,4,7,13,14,18,30,31,33,35,40,42,47,48],"killed_by":"The Heart","ascension_level":17}