{"gold_per_floor":[116,116,130,150,75,75,101,101,101,24,42,42,62,73,73,146,146,159,209,209,219,219,219,219],"floor_reached":24,"playtime":479,"items_purged":["Strike_R"],"score":392,"play_id":"35e00dfe-102b-4b4a-bb5f-c43ed350e82b","local_time":"20190320204941","is_ascension_mode":true,"campfire_choices":[{"data":"Flex","floor":6,"key":"SMITH"},{"data":"Bash","floor":8,"key":"SMITH"},{"floor":15,"key":"REST"},{"floor":23,"key":"REST"}],"neow_cost":"NONE","seed_source_timestamp":376371570240242,"circlet_count":0,"master_deck":["AscendersBane","Strike_R","Strike_R","Strike_R","Strike_R","Defend_R","Defend_R","Defend_R","Defend_R","Bash+1","Shrug It Off","Thunderclap","Flex+1","Wild Strike","Inflame","Demon Form","Headbutt","Reaper","Shockwave","Armaments"],"relics":["Burning Blood","NeowsBlessing","Juzu Bracelet","Matryoshka","Runic Pyramid","MutagenicStrength","Pen Nib","Lantern"],"potions_floor_usage":[16,24],"damage_taken":[{"damage":0,"enemies":"Cultist","floor":1,"turns":1},{"damage":0,"enemies":"Jaw Worm","floor":3,"turns":1},{"damage":0,"enemies":"Small Slimes","floor":4,"turns":1},{"damage":39,"enemies":"Gremlin Nob","floor":7,"turns":4},{"damage":8,"enemies":"Blue Slaver","floor":11,"turns":3},{"damage":16,"enemies":"Exordium Wildlife","floor":13,"turns":6},{"damage":9,"enemies":"Red Slaver","floor":14,"turns":3},{"damage":8,"enemies":"Slime Boss","floor":16,"turns":8},{"damage":61,"enemies":"Spheric Guardian","floor":18,"turns":8},{"damage":24,"enemies":"Chosen","floor":21,"turns":6},{"damage":104,"enemies":"Slavers","floor":24,"turns":3}],"seed_played":"-1246753367662809293","potions_obtained":[{"floor":1,"key":"Swift Potion"},{"floor":2,"key":"SmokeBomb"},{"floor":4,"key":"Block Potion"},{"floor":21,"key":"Regen Potion"}],"is_trial":false,"path_per_floor":["M","?","M","M","$","R","E","R","T","$","M","?","M","M","R","B",null,"M","?","?","M","T","R","E"],"character_chosen":"IRONCLAD","items_purchased":["Inflame"],"campfire_rested":2,"item_purchase_floors":[10],"current_hp_per_floor":[74,74,75,75,75,75,42,42,42,42,40,40,30,27,49,47,68,25,25,25,23,23,45,0],"gold":219,"neow_bonus":"THREE_ENEMY_KILL","is_prod":false,"is_daily":false,"chose_seed":false,"campfire_upgraded":2,"win_rate":0,"timestamp":1553114981,"path_taken":["M","?","M","?","?","R","E","R","T","$","M","?","M","M","R","BOSS","M","?","?","M","?","R","E"],"build_version":"2019-01-23","purchased_purges":1,"victory":false,"max_hp_per_floor":[75,75,75,75,75,75,75,75,75,75,75,75,75,75,75,75,75,75,75,75,75,75,75,75],"card_choices":[{"not_picked":["Sentinel","True Grit"],"picked":"Shrug It Off","floor":1},{"not_picked":["Searing Blow","Blood for Blood"],"picked":"Thunderclap","floor":3},{"not_picked":["True Grit","Havoc"],"picked":"Flex","floor":4},{"not_picked":["Entrench","Reckless Charge"],"picked":"Wild Strike","floor":7},{"not_picked":["Havoc","Entrench"],"picked":"Demon Form","floor":11},{"not_picked":["Warcry","Havoc"],"picked":"Headbutt","floor":13},{"not_picked":["Anger","Corruption","Evolve"],"picked":"SKIP","floor":14},{"not_picked":["Brutality","Double Tap"],"picked":"Reaper","floor":16},{"not_picked":["Seeing Red","Wild Strike"],"picked":"Shockwave","floor":18},{"not_picked":["Clothesline","Perfected Strike"],"picked":"Armaments","floor":21}],"player_experience":560034,"relics_obtained":[{"floor":7,"key":"Juzu Bracelet"},{"floor":9,"key":"Matryoshka"},{"floor":22,"key":"Pen Nib"},{"floor":22,"key":"Lantern"}],"event_choices":[{"damage_healed":0,"gold_gain":0,"player_choice":"Got Potions","damage_taken":0,"max_hp_gain":0,"max_hp_loss":0,"event_name":"Lab","floor":2,"gold_loss":0},{"damage_healed":0,"gold_gain":0,"player_choice":"Ignored","damage_taken":0,"max_hp_gain":0,"max_hp_loss":0,"event_name":"Liars Game","floor":12,"gold_loss":0},{"damage_healed":0,"gold_gain":50,"player_choice":"Stole From Cult","damage_taken":0,"max_hp_gain":0,"max_hp_loss":0,"event_name":"Nest","floor":19,"gold_loss":0},{"damage_healed":0,"gold_gain":0,"player_choice":"Inject Mutagens","damage_taken":0,"relics_obtained":["MutagenicStrength"],"max_hp_gain":0,"max_hp_loss":0,"event_name":"Drug Dealer","floor":20,"gold_loss":0}],"is_beta":false,"boss_relics":[{"not_picked":["Black Star","Eternal Feather"],"picked":"Runic Pyramid"}],"items_purged_floors":[5],"is_endless":false,"potions_floor_spawned":[1,4,21],"killed_by":"Slavers","ascension_level":20}