{"gold_per_floor":[114,39,49,124,137,137,168,168,195,229,240,259,184,247,247,321,321,335,350,71,71,71,71,100,100,100,130,141,141,141,159,159,231,231,249,259,259,273,163,163,196,196,196,215,90,105,120,134,134,134],"floor_reached":51,"playtime":2452,"items_purged":["Strike_G","Strike_G","Defend_G"],"score":1407,"play_id":"c537445c-6dd4-40c7-94b8-34f5fb18bf07","local_time":"20190112120035","is_ascension_mode":true,"campfire_choices":[{"data":"Cloak And Dagger","floor":6.0,"key":"SMITH"},{"floor":8.0,"key":"REST"},{"floor":15.0,"key":"REST"},{"data":"Noxious Fumes","floor":23.0,"key":"SMITH"},{"floor":29.0,"key":"REST"},{"floor":32.0,"key":"REST"},{"floor":40.0,"key":"REST"},{"floor":42.0,"key":"REST"},{"floor":49.0,"key":"REST"}],"neow_cost":"NONE","seed_source_timestamp":0,"circlet_count":0,"master_deck":["AscendersBane","Defend_G","Defend_G","Defend_G+1","Defend_G","Strike_G+1","Strike_G","Survivor","Neutralize","Dash","Flying Knee+1","Cloak And Dagger+1","Predator","Cloak And Dagger","Backflip","After Image","Bouncing Flask","Blur","Noxious Fumes+1","Riddle With Holes","Noxious Fumes","PiercingWail","Escape Plan","Noxious Fumes+1","Bane","After Image","Catalyst","Deflect","Parasite","Calculated Gamble","Flechettes","Calculated Gamble+1","Leg Sweep","Dodge and Roll"],"special_seed":0,"relics":["Ring of the Snake","Centennial Puzzle","Oddly Smooth Stone","Snake Skull","Tiny Chest","Snecko Eye","Whetstone","Mummified Hand","Bottled Flame","Vajra","Sozu","Ginger","Gremlin Horn"],"potions_floor_usage":[],"damage_taken":[{"damage":11.0,"enemies":"2 Louse","floor":1.0,"turns":5.0},{"damage":4.0,"enemies":"Small Slimes","floor":3.0,"turns":3.0},{"damage":0.0,"enemies":"Jaw Worm","floor":5.0,"turns":3.0},{"damage":16.0,"enemies":"3 Sentries","floor":7.0,"turns":13.0},{"damage":3.0,"enemies":"Lagavulin","floor":10.0,"turns":5.0},{"damage":0.0,"enemies":"Exordium Wildlife","floor":11.0,"turns":3.0},{"damage":0.0,"enemies":"Large Slime","floor":12.0,"turns":6.0},{"damage":11.0,"enemies":"3 Sentries","floor":14.0,"turns":8.0},{"damage":25.0,"enemies":"Slime Boss","floor":16.0,"turns":10.0},{"damage":0.0,"enemies":"Shell Parasite","floor":18.0,"turns":4.0},{"damage":4.0,"enemies":"2 Thieves","floor":19.0,"turns":4.0},{"damage":0.0,"enemies":"Shelled Parasite and Fungi","floor":22.0,"turns":1.0},{"damage":29.0,"enemies":"Gremlin Leader","floor":24.0,"turns":9.0},{"damage":8.0,"enemies":"Slavers","floor":27.0,"turns":6.0},{"damage":11.0,"enemies":"Snake Plant","floor":28.0,"turns":4.0},{"damage":0.0,"enemies":"3 Cultists","floor":31.0,"turns":4.0},{"damage":54.0,"enemies":"Automaton","floor":33.0,"turns":10.0},{"damage":13.0,"enemies":"Orb Walker","floor":35.0,"turns":4.0},{"damage":3.0,"enemies":"3 Shapes","floor":36.0,"turns":6.0},{"damage":9.0,"enemies":"Writhing Mass","floor":38.0,"turns":7.0},{"damage":29.0,"enemies":"Reptomancer","floor":41.0,"turns":7.0},{"damage":0.0,"enemies":"4 Shapes","floor":44.0,"turns":6.0},{"damage":13.0,"enemies":"Maw","floor":46.0,"turns":6.0},{"damage":10.0,"enemies":"Transient","floor":47.0,"turns":6.0},{"damage":4.0,"enemies":"Sphere and 2 Shapes","floor":48.0,"turns":5.0},{"damage":22,"enemies":"Awakened One","floor":50,"turns":13}],"seed_played":"-4026183888378327179","potions_obtained":[{"floor":5.0,"key":"Block Potion"},{"floor":12.0,"key":"Strength Potion"},{"floor":16.0,"key":"Poison Potion"},{"floor":27.0,"key":"LiquidBronze"},{"floor":28.0,"key":"EntropicBrew"}],"is_trial":false,"path_per_floor":["M","$","M","?","M","R","E","R","T","E","M","M","?","E","R","B",null,"M","M","$","?","M","R","E","T","T","E","M","R","?","M","R","B",null,"M","M","?","M","?","R","E","R","T","M","$","M","M","M","R","B",null],"character_chosen":"THE_SILENT","items_purchased":["Noxious Fumes","Riddle With Holes"],"campfire_rested":7,"item_purchase_floors":[20,20],"current_hp_per_floor":[48,48,44,33,33,33,17,36,36,33,33,33,33,22,41,16,54,54,50,50,50,50,50,21,21,21,13,2,21,21,21,40,6,51,38,35,35,26,26,45,16,35,35,35,35,22,12,8,27,5],"gold":134,"neow_bonus":"ONE_RANDOM_RARE_CARD","is_prod":false,"is_daily":false,"chose_seed":false,"campfire_upgraded":2,"win_rate":0,"timestamp":1547290835,"path_taken":["M","$","M","?","M","R","E","R","T","E","M","M","?","E","R","BOSS","M","M","$","?","M","R","E","?","T","E","M","R","?","M","R","BOSS","M","?","?","M","?","R","E","R","T","M","$","?","M","M","R","BOSS"],"build_version":"2019-01-10","purchased_purges":3,"victory":true,"max_hp_per_floor":[66,66,66,66,66,66,66,66,66,66,66,66,66,66,66,66,66,66,66,66,66,66,66,66,66,66,66,66,66,66,66,66,66,66,66,66,66,66,66,66,66,66,66,66,66,66,66,66,66,66],"card_choices":[{"not_picked":["Slice","Dagger Spray"],"picked":"Dash","floor":1.0},{"not_picked":["Setup","Deadly Poison"],"picked":"Flying Knee","floor":3.0},{"not_picked":["Quick Slash","Sucker Punch"],"picked":"Cloak And Dagger","floor":5.0},{"not_picked":["Slice","Dagger Throw"],"picked":"Predator","floor":7.0},{"not_picked":["Slice","PiercingWail"],"picked":"Cloak And Dagger","floor":10.0},{"not_picked":["Night Terror","Leg Sweep"],"picked":"Backflip","floor":11.0},{"not_picked":["Outmaneuver","Cloak And Dagger","PiercingWail"],"picked":"SKIP","floor":12.0},{"not_picked":["Acrobatics","Underhanded Strike","Outmaneuver"],"picked":"SKIP","floor":14.0},{"not_picked":["Phantasmal Killer","Malaise"],"picked":"After Image","floor":16.0},{"not_picked":["Predator","Caltrops"],"picked":"Bouncing Flask","floor":18.0},{"not_picked":["Bane","Dagger Throw"],"picked":"Blur","floor":19.0},{"not_picked":["Calculated Gamble","Grand Finale"],"picked":"PiercingWail","floor":24.0},{"not_picked":["Acrobatics","Tactician"],"picked":"Escape Plan","floor":27.0},{"not_picked":["Reflex","PiercingWail","Tactician"],"picked":"SKIP","floor":28.0},{"not_picked":["Poisoned Stab","Caltrops"],"picked":"Bane","floor":31.0},{"not_picked":["Envenom","Wraith Form v2"],"picked":"After Image","floor":33.0},{"not_picked":["PiercingWail","Leg Sweep"],"picked":"Catalyst","floor":35.0},{"not_picked":["Sucker Punch","Noxious Fumes+1"],"picked":"Deflect","floor":36.0},{"not_picked":["Calculated Gamble","Dagger Throw","Caltrops"],"picked":"SKIP","floor":38.0},{"not_picked":["Caltrops","Slice"],"picked":"Calculated Gamble","floor":41.0},{"not_picked":["Slice+1","Heel Hook"],"picked":"Flechettes","floor":44.0},{"not_picked":["Infinite Blades","Backflip"],"picked":"Calculated Gamble+1","floor":46.0},{"not_picked":["Slice","Dagger Spray"],"picked":"Leg Sweep","floor":47.0},{"not_picked":["Dagger Spray","Slice"],"picked":"Dodge and Roll","floor":48.0}],"player_experience":500446,"relics_obtained":[{"floor":7.0,"key":"Centennial Puzzle"},{"floor":9.0,"key":"Oddly Smooth Stone"},{"floor":10.0,"key":"Snake Skull"},{"floor":14.0,"key":"Tiny Chest"},{"floor":24.0,"key":"Whetstone"},{"floor":25.0,"key":"Mummified Hand"},{"floor":26.0,"key":"Bottled Flame"},{"floor":27.0,"key":"Vajra"},{"floor":41.0,"key":"Ginger"},{"floor":43.0,"key":"Gremlin Horn"}],"event_choices":[{"damage_healed":0.0,"max_hp_gain":0.0,"max_hp_loss":0.0,"gold_gain":75.0,"event_name":"World of Goop","player_choice":"Gather Gold","floor":4.0,"gold_loss":0.0,"damage_taken":11.0},{"cards_removed":["Strike_G"],"damage_healed":0.0,"max_hp_gain":0.0,"max_hp_loss":0.0,"gold_gain":0.0,"event_name":"The Cleric","player_choice":"Card Removal","floor":13.0,"gold_loss":75.0,"damage_taken":0.0},{"damage_healed":0.0,"max_hp_gain":0.0,"max_hp_loss":0.0,"gold_gain":0.0,"event_name":"The Library","player_choice":"Read","floor":21.0,"gold_loss":0.0,"damage_taken":0.0,"cards_obtained":["Noxious Fumes"]},{"damage_healed":0.0,"max_hp_gain":0.0,"max_hp_loss":0.0,"gold_gain":0.0,"event_name":"Duplicator","player_choice":"Copied","floor":30.0,"gold_loss":0.0,"damage_taken":0.0,"cards_obtained":["Noxious Fumes"]},{"damage_healed":0.0,"max_hp_gain":0.0,"max_hp_loss":0.0,"gold_gain":0.0,"event_name":"SensoryStone","player_choice":"Memory 1","floor":37.0,"gold_loss":0.0,"damage_taken":0.0},{"cards_removed":["Venomology"],"damage_healed":0.0,"max_hp_gain":0.0,"max_hp_loss":0.0,"gold_gain":0.0,"event_name":"Designer","player_choice":"Upgrade and Remove","floor":39.0,"gold_loss":110.0,"damage_taken":0.0,"cards_upgraded":["Defend_G"]}],"is_beta":false,"boss_relics":[{"not_picked":["Ectoplasm","Coffee Dripper"],"picked":"Snecko Eye"},{"not_picked":["HoveringKite","Pandora\u0027s Box"],"picked":"Sozu"}],"items_purged_floors":[2,20,45],"is_endless":false,"potions_floor_spawned":[5,12,16,19,22,27,28,35,44,47,48],"ascension_level":18}