{"gold_per_floor":[110,110,121,121,131,131,150,178,205,234,234,252,280,280,280,385,385,385,385,138,138,138,138,138],"floor_reached":24,"playtime":2291,"items_purged":["Strike_R"],"score":371,"play_id":"d79dd8df-e599-4eff-95ea-66c1c22b6d97","local_time":"20190314161830","is_ascension_mode":true,"campfire_choices":[{"data":"Clothesline","floor":6,"key":"SMITH"},{"data":"Inflame","floor":11,"key":"SMITH"},{"floor":15,"key":"REST"},{"data":"Limit Break","floor":23,"key":"SMITH"}],"neow_cost":"NONE","seed_source_timestamp":44668442082173,"circlet_count":0,"master_deck":["AscendersBane","Strike_R","Strike_R","Strike_R","Strike_R","Defend_R","Defend_R","Defend_R","Bash+1","Shrug It Off","Clothesline+1","Shrug It Off","Feed","Corruption","Inflame+1","Searing Blow","Exhume","Limit Break+1","Ghostly","Ghostly","Ghostly","Ghostly","Ghostly","Feel No Pain","Rage","Shrug It Off","Entrench","Heavy Blade"],"relics":["Burning Blood","Orichalcum","Regal Pillow","Bag of Marbles","Bottled Tornado","Calipers","Ectoplasm"],"potions_floor_usage":[8,16,16],"damage_taken":[{"damage":8,"enemies":"Jaw Worm","floor":1,"turns":5},{"damage":0,"enemies":"Small Slimes","floor":3,"turns":4},{"damage":4,"enemies":"Cultist","floor":5,"turns":4},{"damage":1,"enemies":"Blue Slaver","floor":7,"turns":4},{"damage":30,"enemies":"3 Sentries","floor":8,"turns":12},{"damage":23,"enemies":"Lagavulin","floor":10,"turns":7},{"damage":2,"enemies":"Looter","floor":12,"turns":4},{"damage":18,"enemies":"Gremlin Nob","floor":13,"turns":5},{"damage":49,"enemies":"Hexaghost","floor":16,"turns":10},{"damage":21,"enemies":"Spheric Guardian","floor":18,"turns":5},{"damage":6,"enemies":"Chosen","floor":21,"turns":8},{"damage":0,"enemies":"Sentry and Sphere","floor":22,"turns":9},{"damage":63,"enemies":"Gremlin Leader","floor":24,"turns":7}],"seed_played":"-3276016243646025272","potions_obtained":[{"floor":3,"key":"SpeedPotion"},{"floor":5,"key":"PowerPotion"},{"floor":8,"key":"SpeedPotion"},{"floor":16,"key":"EssenceOfSteel"},{"floor":18,"key":"Weak Potion"},{"floor":21,"key":"Poison Potion"}],"is_trial":false,"path_per_floor":["M","?","M","?","M","R","M","E","T","E","R","M","E","?","R","B",null,"M","?","$","M","M","R","E"],"character_chosen":"IRONCLAD","items_purchased":["Feel No Pain","Rage","Shrug It Off"],"campfire_rested":1,"item_purchase_floors":[20,20,20],"current_hp_per_floor":[78,78,84,84,86,86,88,67,67,50,50,57,48,30,74,34,84,72,51,51,54,57,57,0],"gold":138,"neow_bonus":"TEN_PERCENT_HP_BONUS","is_prod":false,"is_daily":false,"chose_seed":false,"campfire_upgraded":3,"win_rate":0,"timestamp":1552594710,"path_taken":["M","?","M","?","M","R","M","E","T","E","R","?","E","?","R","BOSS","M","?","$","M","M","R","E"],"build_version":"2019-01-23","purchased_purges":1,"victory":false,"max_hp_per_floor":[88,88,88,88,88,88,88,91,91,91,91,94,97,97,97,100,100,103,51,51,54,57,57,57],"card_choices":[{"not_picked":["Heavy Blade","Infernal Blade"],"picked":"Shrug It Off","floor":1},{"not_picked":["Fire Breathing","Shrug It Off"],"picked":"Clothesline","floor":3},{"not_picked":["Armaments","Intimidate"],"picked":"Shrug It Off","floor":5},{"not_picked":["Body Slam","Shrug It Off"],"picked":"Feed","floor":7},{"not_picked":["Wild Strike","True Grit"],"picked":"Corruption","floor":8},{"not_picked":["Uppercut","Carnage"],"picked":"Inflame","floor":10},{"not_picked":["Iron Wave","Intimidate"],"picked":"Searing Blow","floor":12},{"not_picked":["Headbutt","Dropkick"],"picked":"Exhume","floor":13},{"not_picked":["Berserk","Bludgeon"],"picked":"Limit Break","floor":16},{"not_picked":["Flex","Havoc","Body Slam"],"picked":"SKIP","floor":18},{"not_picked":["Cleave","Havoc"],"picked":"Entrench","floor":21},{"not_picked":["Clash","Metallicize"],"picked":"Heavy Blade","floor":22}],"player_experience":1881596,"relics_obtained":[{"floor":8,"key":"Orichalcum"},{"floor":9,"key":"Regal Pillow"},{"floor":10,"key":"Bag of Marbles"},{"floor":13,"key":"Bottled Tornado"}],"event_choices":[{"damage_healed":0,"gold_gain":0,"player_choice":"Grow","damage_taken":0,"max_hp_gain":0,"max_hp_loss":0,"event_name":"Living Wall","floor":2,"gold_loss":0,"cards_upgraded":["Bash"]},{"cards_removed":["Defend_R"],"damage_healed":0,"gold_gain":0,"player_choice":"Purged","damage_taken":0,"max_hp_gain":0,"max_hp_loss":0,"event_name":"Purifier","floor":4,"gold_loss":0},{"damage_healed":0,"gold_gain":0,"player_choice":"Success","damage_taken":18,"relics_obtained":["Calipers"],"max_hp_gain":0,"max_hp_loss":0,"event_name":"Scrap Ooze","floor":14,"gold_loss":0},{"damage_healed":0,"gold_gain":0,"player_choice":"Became a Ghost","damage_taken":0,"max_hp_gain":0,"max_hp_loss":52,"event_name":"Ghosts","floor":19,"gold_loss":0,"cards_obtained":["Ghostly","Ghostly","Ghostly","Ghostly","Ghostly"]}],"is_beta":false,"boss_relics":[{"not_picked":["Orrery","White Beast Statue"],"picked":"Ectoplasm"}],"items_purged_floors":[20],"is_endless":false,"potions_floor_spawned":[3,5,8,16,18,21],"killed_by":"Gremlin Leader","ascension_level":12}