{"gold_per_floor":[209,209,227,56,56,56,80,80,133,158,170,196,231,89,89,178,178,201,219,17,17],"floor_reached":21,"playtime":551,"items_purged":["Strike_R"],"score":338,"play_id":"8cd32a5e-5925-4958-bb18-6c2d41c172d3","local_time":"20190215091243","is_ascension_mode":true,"campfire_choices":[{"floor":6.0,"key":"REST"},{"data":"True Grit","floor":8.0,"key":"SMITH"},{"data":"Flame Barrier","floor":15.0,"key":"SMITH"}],"neow_cost":"NONE","seed_source_timestamp":144725096653790,"circlet_count":0,"master_deck":["AscendersBane","Strike_R","Strike_R","Strike_R","Strike_R","Defend_R","Defend_R","Defend_R","Defend_R","Bash","Reckless Charge","Pommel Strike","True Grit+1","Dropkick","Impervious","Flame Barrier+1","Limit Break","Disarm","Rampage"],"special_seed":0,"relics":["Black Blood","Golden Idol","Regal Pillow","Oddly Smooth Stone","Tiny Chest","MawBank","Bronze Scales","Vajra"],"potions_floor_usage":[21],"damage_taken":[{"damage":8.0,"enemies":"2 Louse","floor":1.0,"turns":4.0},{"damage":2.0,"enemies":"Jaw Worm","floor":3.0,"turns":3.0},{"damage":6.0,"enemies":"Cultist","floor":7.0,"turns":3.0},{"damage":25.0,"enemies":"Exordium Thugs","floor":12.0,"turns":5.0},{"damage":0.0,"enemies":"Lots of Slimes","floor":13.0,"turns":2.0},{"damage":40.0,"enemies":"The Guardian","floor":16.0,"turns":16.0},{"damage":23.0,"enemies":"Shell Parasite","floor":18.0,"turns":9.0},{"damage":0.0,"enemies":"3 Byrds","floor":19.0,"turns":4.0},{"damage":77,"enemies":"3 Cultists","floor":21,"turns":5}],"seed_played":"-2509991714188196475","potions_obtained":[{"floor":7.0,"key":"Explosive Potion"},{"floor":12.0,"key":"FearPotion"},{"floor":19.0,"key":"Ancient Potion"}],"is_trial":false,"path_per_floor":["M","?","M","$","?","R","M","R","T","T","T","M","M","$","R","B",null,"M","M","$","M"],"character_chosen":"IRONCLAD","items_purchased":["Regal Pillow","Flame Barrier","Rampage","Vajra"],"campfire_rested":1,"item_purchase_floors":[4,14,20,20],"current_hp_per_floor":[66,40,44,44,39,75,75,75,75,75,75,56,62,62,62,28,63,50,60,60,0],"gold":17,"neow_bonus":"HUNDRED_GOLD","is_prod":false,"is_daily":false,"chose_seed":false,"campfire_upgraded":2,"win_rate":0,"timestamp":1550221963,"path_taken":["M","?","M","$","?","R","M","R","T","?","?","M","M","$","R","BOSS","M","M","$","M"],"build_version":"2019-01-23","purchased_purges":1,"victory":false,"max_hp_per_floor":[75,75,75,75,75,75,75,75,75,75,75,75,75,75,75,75,75,75,75,75,75],"card_choices":[{"not_picked":["Thunderclap","Uppercut"],"picked":"Reckless Charge","floor":1.0},{"not_picked":["Hemokinesis","Infernal Blade"],"picked":"Pommel Strike","floor":3.0},{"not_picked":["Anger","Power Through"],"picked":"True Grit","floor":7.0},{"not_picked":["Havoc","Searing Blow"],"picked":"Dropkick","floor":12.0},{"not_picked":["Fire Breathing","Clothesline"],"picked":"Impervious","floor":13.0},{"not_picked":["Impervious","Exhume"],"picked":"Limit Break","floor":16.0},{"not_picked":["Sentinel","Sword Boomerang"],"picked":"Disarm","floor":18.0},{"not_picked":["True Grit","Bloodletting","Combust"],"picked":"SKIP","floor":19.0}],"player_experience":529490,"relics_obtained":[{"floor":9.0,"key":"Tiny Chest"},{"floor":10.0,"key":"MawBank"},{"floor":11.0,"key":"Bronze Scales"}],"event_choices":[{"damage_healed":0.0,"max_hp_gain":0.0,"max_hp_loss":0.0,"gold_gain":0.0,"event_name":"Golden Idol","player_choice":"Take Damage","floor":2.0,"gold_loss":0.0,"damage_taken":26.0,"relics_obtained":["Golden Idol"]},{"damage_healed":0.0,"max_hp_gain":0.0,"max_hp_loss":0.0,"gold_gain":0.0,"event_name":"Scrap Ooze","player_choice":"Success","floor":5.0,"gold_loss":0.0,"damage_taken":5.0,"relics_obtained":["Oddly Smooth Stone"]}],"is_beta":false,"boss_relics":[{"not_picked":["White Beast Statue","Astrolabe"],"picked":"Black Blood"}],"items_purged_floors":[14],"is_endless":false,"potions_floor_spawned":[7,12,19],"killed_by":"3 Cultists","ascension_level":20}