{"gold_per_floor":[19,31,47,63,28,54,54,73,73,90,90,108,134,51,51,126,126,146,158,158,158],"floor_reached":21,"playtime":1364,"items_purged":[],"score":357,"play_id":"7c50b8ae-a4b7-4a2b-9bfd-1a8a386dfbd2","local_time":"20190305132805","is_ascension_mode":true,"campfire_choices":[{"data":"Zap","floor":7.0,"key":"SMITH"},{"floor":11.0,"key":"REST"},{"data":"Capacitor","floor":15.0,"key":"SMITH"}],"neow_cost":"NO_GOLD","seed_source_timestamp":298901539573609,"circlet_count":0,"master_deck":["AscendersBane","Strike_B","Strike_B","Strike_B","Strike_B","Defend_B","Defend_B","Defend_B","Defend_B","Zap+1","Dualcast","Genetic Algorithm","Capacitor+1","Rip and Tear","BootSequence","Electrodynamics","Reinforced Body","Cold Snap","Conserve Battery","Static Discharge","Biased Cognition","Barrage"],"special_seed":0,"relics":["Cracked Core","Emotion Chip","Blood Vial","Shuriken","Question Card","Sozu","MutagenicStrength"],"potions_floor_usage":[16,21,21],"damage_taken":[{"damage":7.0,"enemies":"Jaw Worm","floor":1.0,"turns":3.0},{"damage":15.0,"enemies":"Small Slimes","floor":2.0,"turns":3.0},{"damage":3.0,"enemies":"2 Louse","floor":3.0,"turns":3.0},{"damage":0.0,"enemies":"2 Fungi Beasts","floor":4.0,"turns":2.0},{"damage":28.0,"enemies":"3 Sentries","floor":6.0,"turns":8.0},{"damage":2.0,"enemies":"Looter","floor":8.0,"turns":4.0},{"damage":0.0,"enemies":"Lots of Slimes","floor":10.0,"turns":1.0},{"damage":0.0,"enemies":"3 Louse","floor":12.0,"turns":2.0},{"damage":16.0,"enemies":"Lagavulin","floor":13.0,"turns":6.0},{"damage":17,"enemies":"Hexaghost","floor":16,"turns":9},{"damage":19,"enemies":"Spheric Guardian","floor":18,"turns":4},{"damage":33,"enemies":"Chosen","floor":19,"turns":6},{"damage":25,"enemies":"Sentry and Sphere","floor":21,"turns":3}],"seed_played":"-48094114481238214","potions_obtained":[{"floor":1.0,"key":"Fire Potion"},{"floor":3.0,"key":"SpeedPotion"},{"floor":6.0,"key":"LiquidBronze"},{"floor":10.0,"key":"Regen Potion"},{"floor":13.0,"key":"FearPotion"},{"floor":16,"key":"LiquidBronze"}],"is_trial":false,"path_per_floor":["M","M","M","M","?","E","R","M","T","M","R","M","E","$","R","B",null,"M","M","?","M"],"character_chosen":"DEFECT","items_purchased":["Static Discharge"],"campfire_rested":1,"item_purchase_floors":[14],"current_hp_per_floor":[57,42,39,39,56,28,28,28,28,30,51,53,53,53,53,38,63,46,15,15,0],"gold":158,"neow_bonus":"ONE_RARE_RELIC","is_prod":false,"is_daily":false,"chose_seed":false,"campfire_upgraded":2,"win_rate":0,"timestamp":1551788885,"path_taken":["M","M","M","M","?","E","R","M","T","M","R","M","E","$","R","BOSS","M","M","?","M"],"build_version":"2019-01-23","purchased_purges":0,"victory":false,"max_hp_per_floor":[71,71,71,71,71,71,71,71,71,71,71,71,71,71,71,71,71,71,71,71,71],"card_choices":[{"not_picked":["Beam Cell","Steam"],"picked":"Genetic Algorithm","floor":1.0},{"not_picked":["Barrage","Streamline"],"picked":"Capacitor","floor":2.0},{"not_picked":["Redo","Chaos"],"picked":"Rip and Tear","floor":3.0},{"not_picked":["Gash","Rip and Tear"],"picked":"BootSequence","floor":4.0},{"not_picked":["Gash","Steam"],"picked":"Electrodynamics","floor":6.0},{"not_picked":["Auto Shields","Hologram"],"picked":"Reinforced Body","floor":8.0},{"not_picked":["Compile Driver","Reinforced Body"],"picked":"Cold Snap","floor":10.0},{"not_picked":["Go for the Eyes","Lockon","Cold Snap"],"picked":"SKIP","floor":12.0},{"not_picked":["Hyperbeam","Hologram"],"picked":"Conserve Battery","floor":13.0},{"not_picked":["Seek","Rainbow","All For One"],"picked":"Biased Cognition","floor":16},{"not_picked":["Stack","Leap","Conserve Battery","Beam Cell"],"picked":"SKIP","floor":18},{"not_picked":["Compile Driver","Streamline","Rebound+1"],"picked":"Barrage","floor":19}],"player_experience":884869,"relics_obtained":[{"floor":6.0,"key":"Blood Vial"},{"floor":9.0,"key":"Shuriken"},{"floor":13.0,"key":"Question Card"}],"event_choices":[{"damage_healed":17.0,"max_hp_gain":0.0,"max_hp_loss":0.0,"gold_gain":0.0,"event_name":"The Cleric","player_choice":"Healed","floor":5.0,"gold_loss":35.0,"damage_taken":0.0},{"damage_healed":0,"gold_gain":0,"player_choice":"Inject Mutagens","damage_taken":0,"relics_obtained":["MutagenicStrength"],"max_hp_gain":0,"max_hp_loss":0,"event_name":"Drug Dealer","floor":20,"gold_loss":0}],"is_beta":false,"boss_relics":[{"not_picked":["Snecko Eye","Philosopher\u0027s Stone"],"picked":"Sozu"}],"items_purged_floors":[],"is_endless":false,"potions_floor_spawned":[1,3,6,10,13,16,18,19],"killed_by":"Sentry and Sphere","ascension_level":17}