{"gold_per_floor":[360,377,395,129,204,204,230,230,253,253,266,291,56,84,84,163,163,173,189,0,80,80],"floor_reached":22,"playtime":466,"items_purged":["Regret","Strike_R"],"score":404,"play_id":"6ad3c8f1-2a7e-4e9b-a8cd-25780e730ac5","local_time":"20190315203135","is_ascension_mode":true,"campfire_choices":[{"data":"Armaments","floor":6.0,"key":"SMITH"},{"data":"Immolate","floor":10.0,"key":"SMITH"},{"floor":15,"key":"REST"}],"neow_cost":"CURSE","seed_source_timestamp":177959296246181,"circlet_count":0,"master_deck":["AscendersBane","Strike_R","Strike_R","Strike_R","Strike_R","Defend_R+1","Defend_R","Defend_R","Defend_R+1","Bash","Pommel Strike","Anger","Uppercut","Armaments+1","Rampage","Immolate+1","Wild Strike","Impervious","Demon Form","Shrug It Off","Limit Break","Limit Break","True Grit+1","Headbutt"],"special_seed":0,"relics":["Burning Blood","Darkstone Periapt","Pear","War Paint","Centennial Puzzle","PreservedInsect","Mark of Pain","Shuriken"],"potions_floor_usage":[14,16,19,22],"damage_taken":[{"damage":9.0,"enemies":"Small Slimes","floor":1.0,"turns":3.0},{"damage":5.0,"enemies":"Jaw Worm","floor":2.0,"turns":3.0},{"damage":4.0,"enemies":"Cultist","floor":3.0,"turns":3.0},{"damage":25.0,"enemies":"Lagavulin","floor":7.0,"turns":5.0},{"damage":7.0,"enemies":"Exordium Wildlife","floor":11.0,"turns":3.0},{"damage":7.0,"enemies":"3 Sentries","floor":12.0,"turns":4.0},{"damage":42,"enemies":"Lagavulin","floor":14,"turns":6},{"damage":27,"enemies":"The Guardian","floor":16,"turns":8},{"damage":17,"enemies":"2 Thieves","floor":18,"turns":4},{"damage":39,"enemies":"3 Byrds","floor":19,"turns":7},{"damage":31,"enemies":"Shelled Parasite and Fungi","floor":22,"turns":1}],"seed_played":"-1326519571683305863","potions_obtained":[{"floor":1.0,"key":"Ancient Potion"},{"floor":3.0,"key":"Poison Potion"},{"floor":14,"key":"Dexterity Potion"},{"floor":18,"key":"SkillPotion"},{"floor":19,"key":"Regen Potion"}],"is_trial":false,"path_per_floor":["M","M","M","$","?","R","E","T","T","R","M","E","$","E","R","B",null,"M","M","?","T","M"],"character_chosen":"IRONCLAD","items_purchased":["Uppercut","Armaments","Rampage","Demon Form","Shrug It Off"],"campfire_rested":1,"item_purchase_floors":[4,4,4,13,13],"current_hp_per_floor":[65,66,68,68,57,57,38,48,48,48,47,46,46,10,35,14,67,56,23,23,23,0],"gold":80,"neow_bonus":"TWO_FIFTY_GOLD","is_prod":false,"is_daily":false,"chose_seed":false,"campfire_upgraded":2,"win_rate":0,"timestamp":1552681895,"path_taken":["M","M","M","$","?","R","E","?","T","R","M","E","$","E","R","BOSS","M","?","?","?","M"],"build_version":"2019-01-23","purchased_purges":2,"victory":false,"max_hp_per_floor":[75,75,75,75,75,75,75,85,85,85,85,85,85,85,85,85,85,85,85,85,85,85],"card_choices":[{"not_picked":["True Grit","Clash"],"picked":"Pommel Strike","floor":1.0},{"not_picked":["Searing Blow","Hemokinesis"],"picked":"Anger","floor":2.0},{"not_picked":["Thunderclap","Pommel Strike","Anger"],"picked":"SKIP","floor":3.0},{"not_picked":["Shockwave","Flex"],"picked":"Immolate","floor":7.0},{"not_picked":["Pommel Strike","Iron Wave"],"picked":"Wild Strike","floor":11.0},{"not_picked":["Whirlwind","Infernal Blade"],"picked":"Impervious","floor":12.0},{"not_picked":["Fire Breathing","Inflame"],"picked":"Limit Break","floor":14},{"not_picked":["Double Tap","Berserk"],"picked":"Limit Break","floor":16},{"not_picked":["Clash","Wild Strike"],"picked":"True Grit+1","floor":18},{"not_picked":["Wild Strike","Battle Trance"],"picked":"Headbutt","floor":19}],"player_experience":556551,"relics_obtained":[{"floor":7.0,"key":"Darkstone Periapt"},{"floor":8.0,"key":"Pear"},{"floor":9.0,"key":"War Paint"},{"floor":12.0,"key":"Centennial Puzzle"},{"floor":14,"key":"PreservedInsect"},{"floor":21,"key":"Shuriken"}],"event_choices":[{"damage_healed":0.0,"max_hp_gain":0.0,"max_hp_loss":0.0,"gold_gain":75.0,"event_name":"World of Goop","player_choice":"Gather Gold","floor":5.0,"gold_loss":0.0,"damage_taken":11.0},{"damage_healed":0,"gold_gain":0,"player_choice":"Paid Fearfully","damage_taken":0,"max_hp_gain":0,"max_hp_loss":0,"event_name":"Masked Bandits","floor":20,"gold_loss":189}],"is_beta":false,"boss_relics":[{"not_picked":["White Beast Statue","Empty Cage"],"picked":"Mark of Pain"}],"items_purged_floors":[4,13],"is_endless":false,"potions_floor_spawned":[1,3,14,18,19],"killed_by":"Shelled Parasite and Fungi","ascension_level":20}