{"gold_per_floor":[110,110,128,303,318,348,348,359,359,68,68,68,103,121,121,226,226,241,241,257,257,274,306,306,306,381,381,87,102,120,120,120,217,267,286,286,286,297,397,424,442,470,494,370,370,420,2,30,30,30],"floor_reached":51,"playtime":4834,"items_purged":["Doubt","Strike_G","Defend_G","Strike_G+1"],"score":1188,"play_id":"3b8db5ff-d70f-4501-8ed0-7a068f90e8a0","local_time":"20190324190635","is_ascension_mode":true,"campfire_choices":[{"data":"Tactician","floor":7.0,"key":"SMITH"},{"data":"Apotheosis","floor":11.0,"key":"SMITH"},{"floor":15.0,"key":"REST"},{"floor":27.0,"key":"REST"},{"floor":32.0,"key":"REST"},{"data":"Defend_G","floor":45,"key":"PURGE"},{"floor":49,"key":"REST"}],"neow_cost":"NONE","seed_source_timestamp":6884849106406,"circlet_count":0,"master_deck":["Defend_G","Defend_G","Defend_G","Strike_G+1","Strike_G+1","Survivor","Neutralize","Endless Agony","Dagger Throw","Tactician+1","Backflip","Well Laid Plans","Apotheosis+1","Prepared","Tools of the Trade","Backflip","Adrenaline","Slice+1","Quick Slash","Outmaneuver+1","Calculated Gamble","Acrobatics","Ghostly","Ghostly","Ghostly","Ghostly","Ghostly","Envenom","Slice","Noxious Fumes+1","Mayhem","Purity","Discovery","Leg Sweep+1","Concentrate","Cloak And Dagger","Swift Strike","Flechettes","Backflip","Escape Plan+1","Burst"],"special_seed":0,"relics":["Ring of the Snake","NeowsBlessing","Pen Nib","Ornamental Fan","Smiling Mask","Gremlin Horn","Black Star","Calipers","Lantern","Paper Crane","Bottled Lightning","Tiny House","Girya","Whetstone","Mercury Hourglass","Peace Pipe","Art of War","Dream Catcher","Thread and Needle","Strange Spoon","Bird Faced Urn","Letter Opener"],"potions_floor_usage":[50,50,50],"damage_taken":[{"damage":0.0,"enemies":"Jaw Worm","floor":1.0,"turns":1.0},{"damage":0.0,"enemies":"Cultist","floor":3.0,"turns":1.0},{"damage":0.0,"enemies":"Small Slimes","floor":5.0,"turns":1.0},{"damage":12.0,"enemies":"3 Sentries","floor":6.0,"turns":8.0},{"damage":2.0,"enemies":"Exordium Thugs","floor":8.0,"turns":4.0},{"damage":8.0,"enemies":"Lagavulin","floor":13.0,"turns":6.0},{"damage":0.0,"enemies":"Blue Slaver","floor":14.0,"turns":3.0},{"damage":0.0,"enemies":"Hexaghost","floor":16.0,"turns":9.0},{"damage":2.0,"enemies":"Spheric Guardian","floor":18.0,"turns":4.0},{"damage":4.0,"enemies":"Chosen","floor":20.0,"turns":3.0},{"damage":22.0,"enemies":"Snecko","floor":22.0,"turns":6.0},{"damage":14.0,"enemies":"Slavers","floor":23.0,"turns":6.0},{"damage":0.0,"enemies":"Book of Stabbing","floor":25.0,"turns":3.0},{"damage":5.0,"enemies":"Shelled Parasite and Fungi","floor":29.0,"turns":6.0},{"damage":0.0,"enemies":"Sentry and Sphere","floor":30.0,"turns":3.0},{"damage":10.0,"enemies":"Champ","floor":33.0,"turns":16.0},{"damage":0.0,"enemies":"Orb Walker","floor":35.0,"turns":4.0},{"damage":3.0,"enemies":"3 Shapes","floor":38.0,"turns":6.0},{"damage":0.0,"enemies":"Mind Bloom Boss Battle","floor":39.0,"turns":7.0},{"damage":21.0,"enemies":"Nemesis","floor":40.0,"turns":7.0},{"damage":0.0,"enemies":"Maw","floor":41.0,"turns":7.0},{"damage":0.0,"enemies":"Giant Head","floor":42.0,"turns":9.0},{"damage":0,"enemies":"2 Orb Walkers","floor":46,"turns":5},{"damage":3,"enemies":"Nemesis","floor":48,"turns":7},{"damage":0,"enemies":"Donu and Deca","floor":50,"turns":6}],"seed_played":"1298112184455453545","potions_obtained":[{"floor":1.0,"key":"Strength Potion"},{"floor":5.0,"key":"Fire Potion"},{"floor":8.0,"key":"Strength Potion"},{"floor":12.0,"key":"EntropicBrew"},{"floor":12.0,"key":"EssenceOfSteel"},{"floor":29.0,"key":"GamblersBrew"},{"floor":33.0,"key":"AttackPotion"},{"floor":35.0,"key":"Regen Potion"},{"floor":39.0,"key":"Dexterity Potion"},{"floor":42.0,"key":"Strength Potion"},{"floor":48,"key":"PowerPotion"}],"is_trial":false,"path_per_floor":["M","?","M","?","M","E","R","M","T","$","R","?","E","M","R","B",null,"M","?","M","?","M","E","?","E","T","R","$","M","M","?","R","B",null,"M","?","?","M","?","E","M","E","T","$","R","?","$","E","R","B",null],"character_chosen":"THE_SILENT","items_purchased":["Apotheosis","Prepared","Bottled Lightning","Concentrate","Swift Strike","Strange Spoon","Flechettes","Backflip"],"campfire_rested":4,"item_purchase_floors":[10,10,28,44,47,47,47,47],"current_hp_per_floor":[63,63,63,63,63,51,51,49,49,49,49,49,41,41,62,62,68,66,53,49,49,27,13,13,13,13,35,35,30,30,30,37,27,40,40,30,30,27,27,21,21,21,21,21,21,21,21,18,30,42],"gold":30,"neow_bonus":"THREE_ENEMY_KILL","is_prod":false,"is_daily":false,"chose_seed":false,"campfire_upgraded":2,"win_rate":0,"timestamp":1553421995,"path_taken":["M","?","?","?","M","E","R","M","T","$","R","?","E","M","R","BOSS","M","?","M","?","M","E","?","E","T","R","$","?","M","?","R","BOSS","M","?","?","?","?","E","M","E","T","$","R","?","$","E","R","BOSS"],"build_version":"2019-01-23","purchased_purges":4,"victory":true,"max_hp_per_floor":[70,70,70,70,70,70,70,70,70,70,70,70,70,70,70,70,70,70,75,75,75,75,75,75,75,75,75,75,75,75,37,37,37,42,42,42,42,42,42,42,42,42,42,42,42,42,42,42,42,42],"card_choices":[{"not_picked":["Setup","Choke"],"picked":"Endless Agony","floor":1.0},{"not_picked":["Caltrops","Dagger Spray"],"picked":"Dagger Throw","floor":3.0},{"not_picked":["Dagger Spray","Bouncing Flask"],"picked":"Tactician","floor":5.0},{"not_picked":["PiercingWail","Outmaneuver"],"picked":"Backflip","floor":6.0},{"not_picked":["Deadly Poison","Outmaneuver"],"picked":"Well Laid Plans","floor":8.0},{"not_picked":["Quick Slash","Skewer"],"picked":"Tools of the Trade","floor":13.0},{"not_picked":["Choke","Endless Agony"],"picked":"Backflip","floor":14.0},{"not_picked":["Die Die Die","Envenom"],"picked":"Adrenaline","floor":16.0},{"not_picked":["Cloak And Dagger","Caltrops"],"picked":"Slice+1","floor":18.0},{"not_picked":["Endless Agony","Terror","Blade Dance"],"picked":"SKIP","floor":20.0},{"not_picked":["Bane","Dagger Throw+1","Skewer"],"picked":"SKIP","floor":22.0},{"not_picked":["Deadly Poison","Bouncing Flask"],"picked":"Outmaneuver+1","floor":23.0},{"not_picked":["Bane","Sucker Punch"],"picked":"Calculated Gamble","floor":29.0},{"not_picked":["Cloak And Dagger","PiercingWail+1"],"picked":"Acrobatics","floor":30.0},{"not_picked":["Venomology","Phantasmal Killer"],"picked":"Envenom","floor":33.0},{"not_picked":["Blade Dance","All Out Attack"],"picked":"Slice","floor":34.0},{"not_picked":["Accuracy+1","Deadly Poison+1"],"picked":"Noxious Fumes+1","floor":35.0},{"not_picked":["Good Instincts","Impatience"],"picked":"Mayhem","floor":36.0},{"not_picked":["Metamorphosis","Jack Of All Trades"],"picked":"Purity","floor":36.0},{"not_picked":["Bandage Up","Blind"],"picked":"Discovery","floor":36.0},{"not_picked":["Noxious Fumes","Bane+1"],"picked":"Leg Sweep+1","floor":38.0},{"not_picked":["Dagger Spray","Dodge and Roll+1","Deadly Poison+1"],"picked":"SKIP","floor":40.0},{"not_picked":["Flechettes","Distraction","Flying Knee"],"picked":"SKIP","floor":41.0},{"not_picked":["Well Laid Plans","Prepared+1","Setup"],"picked":"SKIP","floor":42.0},{"not_picked":["Concentrate+1","Backstab+1"],"picked":"Cloak And Dagger","floor":46},{"not_picked":["Calculated Gamble+1","Slice+1"],"picked":"Escape Plan+1","floor":48},{"not_picked":["Poisoned Stab+1","Blade Dance+1"],"picked":"Burst","floor":49}],"player_experience":560178,"relics_obtained":[{"floor":6.0,"key":"Ornamental Fan"},{"floor":9.0,"key":"Smiling Mask"},{"floor":13.0,"key":"Gremlin Horn"},{"floor":23.0,"key":"Calipers"},{"floor":23.0,"key":"Lantern"},{"floor":26.0,"key":"Paper Crane"},{"floor":39.0,"key":"Girya"},{"floor":40.0,"key":"Whetstone"},{"floor":40.0,"key":"Mercury Hourglass"},{"floor":42.0,"key":"Peace Pipe"},{"floor":42.0,"key":"Art of War"},{"floor":43.0,"key":"Dream Catcher"},{"floor":46,"key":"Thread and Needle"},{"floor":48,"key":"Bird Faced Urn"},{"floor":48,"key":"Letter Opener"}],"event_choices":[{"damage_healed":0.0,"max_hp_gain":0.0,"max_hp_loss":0.0,"gold_gain":0.0,"event_name":"WeMeetAgain","player_choice":"Gave Potion","floor":2.0,"gold_loss":0.0,"damage_taken":0.0,"relics_obtained":["Pen Nib"]},{"damage_healed":0.0,"max_hp_gain":0.0,"max_hp_loss":0.0,"gold_gain":175.0,"event_name":"Liars Game","player_choice":"AGREE","floor":4.0,"gold_loss":0.0,"damage_taken":0.0,"cards_obtained":["Doubt"]},{"damage_healed":0.0,"max_hp_gain":0.0,"max_hp_loss":0.0,"gold_gain":0.0,"event_name":"Lab","player_choice":"Got Potions","floor":12.0,"gold_loss":0.0,"damage_taken":0.0},{"damage_healed":0.0,"max_hp_gain":5.0,"max_hp_loss":0.0,"gold_gain":0.0,"event_name":"Forgotten Altar","player_choice":"Shed Blood","floor":19.0,"gold_loss":0.0,"damage_taken":18.0},{"damage_healed":0.0,"max_hp_gain":0.0,"max_hp_loss":0.0,"gold_gain":0.0,"event_name":"The Library","player_choice":"Read","floor":21.0,"gold_loss":0.0,"damage_taken":0.0,"cards_obtained":["Quick Slash"]},{"cards_removed":["Strike_G"],"damage_healed":0.0,"max_hp_gain":0.0,"max_hp_loss":0.0,"gold_gain":0.0,"event_name":"Purifier","player_choice":"Purged","floor":24.0,"gold_loss":0.0,"damage_taken":0.0},{"damage_healed":0.0,"max_hp_gain":0.0,"max_hp_loss":38.0,"gold_gain":0.0,"event_name":"Ghosts","player_choice":"Became a Ghost","floor":31.0,"gold_loss":0.0,"damage_taken":0.0,"cards_obtained":["Ghostly","Ghostly","Ghostly","Ghostly","Ghostly"]},{"damage_healed":0.0,"max_hp_gain":0.0,"max_hp_loss":0.0,"gold_gain":0.0,"event_name":"SensoryStone","player_choice":"Memory 3","floor":36.0,"gold_loss":0.0,"damage_taken":10.0},{"damage_healed":0.0,"max_hp_gain":0.0,"max_hp_loss":0.0,"gold_gain":0.0,"event_name":"The Woman in Blue","player_choice":"Bought 0 Potions","floor":37.0,"gold_loss":0.0,"damage_taken":0.0},{"damage_healed":0.0,"max_hp_gain":0.0,"max_hp_loss":0.0,"gold_gain":0.0,"event_name":"MindBloom","player_choice":"Fight","floor":39.0,"gold_loss":0.0,"damage_taken":0.0},{"damage_healed":0,"gold_gain":0,"player_choice":"Fight","damage_taken":0,"max_hp_gain":0,"max_hp_loss":0,"event_name":"Mysterious Sphere","floor":46,"gold_loss":0}],"is_beta":false,"boss_relics":[{"not_picked":["Sozu","White Beast Statue"],"picked":"Black Star"},{"not_picked":["Snecko Eye","Orrery"],"picked":"Tiny House"}],"items_purged_floors":[10,28,44,47],"is_endless":false,"potions_floor_spawned":[1,5,8,29,33,35,39,42,48],"ascension_level":6}