{"gold_per_floor":[111,111,186,239,250,250,276,287,287,287,287,63,63,35,35,111,111,130,148,40,240,260,260,273,284,284,284,297,312,312],"floor_reached":30,"playtime":1343,"items_purged":["Strike_B"],"score":497,"play_id":"cdff84fd-37c6-465e-a863-ed5eb6b7834a","local_time":"20190322185019","is_ascension_mode":true,"campfire_choices":[{"data":"Conserve Battery","floor":6,"key":"SMITH"},{"floor":11,"key":"REST"},{"data":"Go for the Eyes","floor":13,"key":"SMITH"},{"data":"Capacitor","floor":15,"key":"SMITH"},{"floor":23,"key":"REST"},{"floor":27,"key":"REST"}],"neow_cost":"NONE","seed_source_timestamp":13437887110506,"circlet_count":0,"master_deck":["AscendersBane","Strike_B","Strike_B","Strike_B","Defend_B","Defend_B","Defend_B","Zap","Dualcast","Leap","Conserve Battery+1","Go for the Eyes+1","Capacitor+1","Zap","BootSequence","Seek","Ball Lightning","Creative AI","Steam","Conserve Battery","Cold Snap","Coolheaded","Compile Driver","Turbo+1","Hello World+1","Cold Snap","Cold Snap"],"relics":["Cracked Core","NeowsBlessing","Tiny Chest","Matryoshka","Mercury Hourglass","Mummified Hand","Fusion Hammer","Oddly Smooth Stone"],"potions_floor_usage":[16,24,24],"damage_taken":[{"damage":0,"enemies":"Cultist","floor":1,"turns":1},{"damage":0,"enemies":"Small Slimes","floor":5,"turns":1},{"damage":0,"enemies":"Gremlin Nob","floor":7,"turns":1},{"damage":0,"enemies":"Jaw Worm","floor":8,"turns":3},{"damage":36,"enemies":"Slime Boss","floor":16,"turns":8},{"damage":17,"enemies":"Spheric Guardian","floor":18,"turns":4},{"damage":20,"enemies":"Shell Parasite","floor":19,"turns":7},{"damage":9,"enemies":"Centurion and Healer","floor":22,"turns":7},{"damage":23,"enemies":"3 Cultists","floor":24,"turns":5},{"damage":3,"enemies":"Shelled Parasite and Fungi","floor":25,"turns":6},{"damage":2,"enemies":"Snake Plant","floor":28,"turns":5},{"damage":20,"enemies":"Cultist and Chosen","floor":29,"turns":7},{"damage":17,"enemies":"3 Cultists","floor":30,"turns":3}],"seed_played":"-1445893486298925878","potions_obtained":[{"floor":1,"key":"SteroidPotion"},{"floor":5,"key":"Weak Potion"},{"floor":19,"key":"Swift Potion"},{"floor":22,"key":"LiquidBronze"}],"is_trial":false,"path_per_floor":["M","?","?","T","M","R","E","M","T","?","R","$","R","$","R","B",null,"M","M","$","?","M","R","M","M","T","R","M","M","M"],"character_chosen":"DEFECT","items_purchased":["Seek","Ball Lightning","Cold Snap","Coolheaded"],"campfire_rested":3,"item_purchase_floors":[12,14,20,20],"current_hp_per_floor":[64,57,46,46,46,46,46,46,46,46,67,67,67,67,67,31,61,44,24,24,24,15,36,13,10,10,31,29,9,0],"gold":312,"neow_bonus":"THREE_ENEMY_KILL","is_prod":false,"is_daily":false,"chose_seed":false,"campfire_upgraded":3,"win_rate":0,"timestamp":1553273419,"path_taken":["M","?","?","?","?","R","E","M","T","?","R","$","R","?","R","BOSS","M","M","$","?","?","R","M","?","T","R","M","M","M"],"build_version":"2019-01-23","purchased_purges":1,"victory":false,"max_hp_per_floor":[71,71,71,71,71,71,71,71,71,71,71,71,71,71,71,71,71,71,71,71,71,71,71,71,71,71,71,71,71,71],"card_choices":[{"not_picked":["Scrape","Skim"],"picked":"Leap","floor":1},{"not_picked":["Steam","Rebound"],"picked":"Conserve Battery","floor":5},{"not_picked":["Conserve Battery","Multi-Cast"],"picked":"Go for the Eyes","floor":7},{"not_picked":["FTL","Hologram"],"picked":"Capacitor","floor":8},{"not_picked":["Multi-Cast","All For One"],"picked":"Creative AI","floor":16},{"not_picked":["Rip and Tear","Barrage"],"picked":"Steam","floor":18},{"not_picked":["Sweeping Beam+1","Streamline+1"],"picked":"Conserve Battery","floor":19},{"not_picked":["Fusion","Turbo"],"picked":"Compile Driver","floor":22},{"not_picked":["Ball Lightning","Hologram"],"picked":"Turbo+1","floor":24},{"not_picked":["Darkness","Steam"],"picked":"Hello World+1","floor":25},{"not_picked":["Fission","Turbo"],"picked":"Cold Snap","floor":28},{"not_picked":["Hologram","Beam Cell+1"],"picked":"Cold Snap","floor":29}],"player_experience":816219,"relics_obtained":[{"floor":4,"key":"Tiny Chest"},{"floor":7,"key":"Matryoshka"},{"floor":9,"key":"Mercury Hourglass"},{"floor":9,"key":"Mummified Hand"},{"floor":26,"key":"Oddly Smooth Stone"}],"event_choices":[{"cards_removed":["Defend_B"],"damage_healed":0,"gold_gain":0,"player_choice":"Card Removal","damage_taken":7,"max_hp_gain":0,"max_hp_loss":0,"event_name":"Golden Wing","floor":2,"gold_loss":0},{"damage_healed":0,"gold_gain":75,"player_choice":"Gather Gold","damage_taken":11,"max_hp_gain":0,"max_hp_loss":0,"event_name":"World of Goop","floor":3,"gold_loss":0},{"damage_healed":0,"gold_gain":0,"player_choice":"2 cards matched","damage_taken":0,"max_hp_gain":0,"max_hp_loss":0,"event_name":"Match and Keep!","floor":10,"gold_loss":0,"cards_obtained":["Zap","BootSequence"]},{"damage_healed":0,"gold_gain":200,"player_choice":"Gold","damage_taken":0,"max_hp_gain":0,"max_hp_loss":0,"event_name":"Wheel of Change","floor":21,"gold_loss":0}],"is_beta":false,"boss_relics":[{"not_picked":["Pandora\u0027s Box","Eternal Feather"],"picked":"Fusion Hammer"}],"items_purged_floors":[12],"is_endless":false,"potions_floor_spawned":[1,5,19,22],"killed_by":"3 Cultists","ascension_level":19}