{"gold_per_floor":[210,95,95,108,119,119,154,154,202,215,215,226,244,273,273,273],"floor_reached":16,"playtime":522,"items_purged":["Strike_R"],"score":218,"play_id":"d57670ea-9d8d-4aa6-885f-93c6132ab7b8","local_time":"20190324121442","is_ascension_mode":true,"campfire_choices":[{"data":"Bash","floor":6,"key":"SMITH"},{"data":"Iron Wave","floor":8,"key":"SMITH"},{"data":"Flame Barrier","floor":11,"key":"SMITH"},{"floor":15,"key":"REST"}],"neow_cost":"NONE","seed_source_timestamp":349297100159181,"circlet_count":0,"master_deck":["AscendersBane","Strike_R","Strike_R","Strike_R+1","Strike_R","Defend_R","Defend_R","Defend_R","Defend_R","Bash+1","Iron Wave+1","Rampage+1","Flame Barrier+1","Shrug It Off","Metallicize"],"relics":["Burning Blood","Lantern","Blood Vial","Juzu Bracelet"],"potions_floor_usage":[7,10,16],"damage_taken":[{"damage":7,"enemies":"Cultist","floor":1,"turns":4},{"damage":7,"enemies":"Jaw Worm","floor":4,"turns":3},{"damage":5,"enemies":"Small Slimes","floor":5,"turns":4},{"damage":21,"enemies":"Gremlin Nob","floor":7,"turns":4},{"damage":0,"enemies":"Red Slaver","floor":10,"turns":3},{"damage":8,"enemies":"Exordium Wildlife","floor":12,"turns":6},{"damage":0,"enemies":"Exordium Thugs","floor":13,"turns":4},{"damage":19,"enemies":"3 Sentries","floor":14,"turns":8},{"damage":76,"enemies":"Slime Boss","floor":16,"turns":10}],"seed_played":"-7474543980478131971","potions_obtained":[{"floor":4,"key":"FearPotion"},{"floor":5,"key":"PowerPotion"},{"floor":10,"key":"Fruit Juice"},{"floor":14,"key":"Strength Potion"}],"is_trial":false,"path_per_floor":["M","$","?","M","M","R","E","R","T","M","R","M","M","E","R","B"],"character_chosen":"IRONCLAD","items_purchased":["Rampage"],"campfire_rested":1,"item_purchase_floors":[2],"current_hp_per_floor":[67,67,44,43,44,44,29,29,29,42,42,42,50,39,63,0],"gold":273,"neow_bonus":"HUNDRED_GOLD","is_prod":false,"is_daily":false,"chose_seed":false,"campfire_upgraded":3,"win_rate":0,"timestamp":1553426082,"path_taken":["M","$","?","M","M","R","E","R","T","M","R","M","M","E","R","BOSS"],"build_version":"2019-01-23","purchased_purges":1,"victory":false,"max_hp_per_floor":[75,75,75,75,75,75,75,75,75,80,80,80,80,80,80,80],"card_choices":[{"not_picked":["Evolve","Flex"],"picked":"Iron Wave","floor":1},{"not_picked":["Clothesline","Dual Wield","Body Slam"],"picked":"SKIP","floor":4},{"not_picked":["Searing Blow","Flex","Thunderclap"],"picked":"SKIP","floor":5},{"not_picked":["Burning Pact","Reckless Charge"],"picked":"Flame Barrier","floor":7},{"not_picked":["Dual Wield","Dark Embrace"],"picked":"Shrug It Off","floor":10},{"not_picked":["Havoc","Iron Wave","Body Slam"],"picked":"SKIP","floor":12},{"not_picked":["Flex","Hemokinesis"],"picked":"Metallicize","floor":13},{"not_picked":["Sword Boomerang","Rupture","Rampage"],"picked":"SKIP","floor":14}],"player_experience":1099211,"relics_obtained":[{"floor":7,"key":"Lantern"},{"floor":9,"key":"Blood Vial"},{"floor":14,"key":"Juzu Bracelet"}],"event_choices":[{"damage_healed":0,"gold_gain":0,"player_choice":"Entered Light","damage_taken":23,"max_hp_gain":0,"max_hp_loss":0,"event_name":"Shining Light","floor":3,"gold_loss":0,"cards_upgraded":["Rampage","Strike_R"]}],"is_beta":false,"boss_relics":[],"items_purged_floors":[2],"is_endless":false,"potions_floor_spawned":[4,5,10,14],"killed_by":"Slime Boss","ascension_level":19}