{"gold_per_floor":[109,8,83,152,152,152,170,205,258,258,277,292,292,292,292,292],"floor_reached":16,"playtime":303,"items_purged":["Strike_B"],"score":316,"play_id":"bbb116ec-7d62-4a4b-b4f8-39c2aa0d0347","local_time":"20190223182531","is_ascension_mode":true,"campfire_choices":[{"floor":6,"key":"REST"},{"data":"Defragment","floor":10,"key":"SMITH"},{"floor":15,"key":"REST"}],"neow_cost":"NONE","seed_source_timestamp":0,"circlet_count":0,"master_deck":["AscendersBane","Strike_B","Strike_B","Strike_B","Defend_B","Defend_B","Defend_B","Defend_B","Zap","Dualcast","All For One","Defragment+1","Cold Snap","Doom and Gloom","Coolheaded","BootSequence"],"special_seed":0,"relics":["Cracked Core","Dodecahedron","Pocketwatch","Dream Catcher","Symbiotic Virus"],"potions_floor_usage":[14],"damage_taken":[{"damage":14,"enemies":"Jaw Worm","floor":1,"turns":4},{"damage":6,"enemies":"2 Louse","floor":7,"turns":3},{"damage":20,"enemies":"Lagavulin","floor":8,"turns":5},{"damage":0,"enemies":"Small Slimes","floor":11,"turns":3},{"damage":26,"enemies":"Exordium Thugs","floor":12,"turns":4},{"damage":0,"enemies":"3 Sentries","floor":14,"turns":1},{"damage":37,"enemies":"Hexaghost","floor":16,"turns":9}],"seed_played":"6735313854808869335","potions_obtained":[{"floor":7,"key":"FairyPotion"},{"floor":12,"key":"SmokeBomb"}],"is_trial":false,"path_per_floor":["M","$","?","?","?","R","M","E","T","R","M","M","?","E","R","B"],"character_chosen":"DEFECT","items_purchased":["Cold Snap"],"campfire_rested":2,"item_purchase_floors":[2],"current_hp_per_floor":[50,50,39,39,34,55,49,29,29,29,29,3,3,3,24,0],"gold":292,"neow_bonus":"ONE_RANDOM_RARE_CARD","is_prod":false,"is_daily":false,"chose_seed":false,"campfire_upgraded":1,"win_rate":0,"timestamp":1550946331,"path_taken":["M","$","?","?","?","R","M","E","T","R","M","M","?","E","R","BOSS"],"build_version":"2019-01-23","purchased_purges":1,"victory":false,"max_hp_per_floor":[71,71,71,71,71,71,71,71,71,71,71,71,71,71,71,71],"card_choices":[{"not_picked":["Conserve Battery","Hologram"],"picked":"Defragment","floor":1},{"not_picked":["Storm","Barrage"],"picked":"Doom and Gloom","floor":7},{"not_picked":["Gash","Rebound"],"picked":"Go for the Eyes","floor":8},{"not_picked":["Hologram","Redo"],"picked":"Coolheaded","floor":11},{"not_picked":["Redo","Reprogram","Stack"],"picked":"SKIP","floor":12},{"not_picked":["Beam Cell","Compile Driver"],"picked":"BootSequence","floor":15}],"player_experience":540678,"relics_obtained":[{"floor":8,"key":"Pocketwatch"},{"floor":9,"key":"Dream Catcher"}],"event_choices":[{"damage_healed":0,"gold_gain":75,"player_choice":"Gather Gold","damage_taken":11,"max_hp_gain":0,"max_hp_loss":0,"event_name":"World of Goop","floor":3,"gold_loss":0},{"damage_healed":0,"gold_gain":69,"player_choice":"Gained Gold","damage_taken":0,"max_hp_gain":0,"max_hp_loss":0,"event_name":"Golden Wing","floor":4,"gold_loss":0},{"damage_healed":0,"gold_gain":0,"player_choice":"Success","damage_taken":5,"relics_obtained":["Dodecahedron"],"max_hp_gain":0,"max_hp_loss":0,"event_name":"Scrap Ooze","floor":5,"gold_loss":0},{"cards_removed":["Go for the Eyes"],"damage_healed":0,"gold_gain":0,"player_choice":"Gave Card","damage_taken":0,"relics_obtained":["Symbiotic Virus"],"max_hp_gain":0,"max_hp_loss":0,"event_name":"WeMeetAgain","floor":13,"gold_loss":0}],"is_beta":false,"boss_relics":[],"items_purged_floors":[2],"is_endless":false,"potions_floor_spawned":[7,12,14],"killed_by":"Hexaghost","ascension_level":20}