{"gold_per_floor":[116,81,37,37,112,112,125,144,169,55,55],"floor_reached":11,"playtime":125,"items_purged":["Strike_B"],"score":122,"play_id":"b9f8c24f-2f58-4ad4-9974-d081c6fb2b3f","local_time":"20190308194009","is_ascension_mode":true,"campfire_choices":[{"floor":6.0,"key":"REST"}],"neow_cost":"PERCENT_DAMAGE","seed_source_timestamp":714692870331312,"circlet_count":0,"master_deck":["AscendersBane","Strike_B","Strike_B","Strike_B","Defend_B","Defend_B","Defend_B","Defend_B","Zap+1","Dualcast+1","Streamline","Defragment","Leap","Glacier","Loop"],"special_seed":0,"relics":["Cracked Core","StoneCalendar","DataDisk","War Paint"],"potions_floor_usage":[11],"damage_taken":[{"damage":7.0,"enemies":"Jaw Worm","floor":1.0,"turns":3.0},{"damage":0.0,"enemies":"2 Louse","floor":7.0,"turns":1.0},{"damage":3.0,"enemies":"Small Slimes","floor":8.0,"turns":2.0},{"damage":41,"enemies":"Gremlin Nob","floor":11,"turns":4}],"seed_played":"37741425101400477","potions_obtained":[{"floor":7.0,"key":"FearPotion"}],"is_trial":false,"path_per_floor":["M","?","$","?","?","R","M","M","T","$","E"],"character_chosen":"DEFECT","items_purchased":["Defragment","Loop"],"campfire_rested":1,"item_purchase_floors":[3,10],"current_hp_per_floor":[39,56,56,21,10,31,31,28,28,28,0],"gold":55,"neow_bonus":"ONE_RARE_RELIC","is_prod":false,"is_daily":false,"chose_seed":false,"campfire_upgraded":0,"win_rate":0,"timestamp":1552074009,"path_taken":["M","?","$","?","?","R","M","M","T","$","E"],"build_version":"2019-01-23","purchased_purges":1,"victory":false,"max_hp_per_floor":[71,71,71,71,71,71,71,71,71,71,71],"card_choices":[{"not_picked":["Compile Driver","Go for the Eyes"],"picked":"Streamline","floor":1.0},{"not_picked":["Auto Shields","Rebound"],"picked":"Leap","floor":7.0},{"not_picked":["Loop","BootSequence"],"picked":"Glacier","floor":8.0}],"player_experience":547658,"relics_obtained":[{"floor":9.0,"key":"War Paint"}],"event_choices":[{"damage_healed":17.0,"max_hp_gain":0.0,"max_hp_loss":0.0,"gold_gain":0.0,"event_name":"The Cleric","player_choice":"Healed","floor":2.0,"gold_loss":35.0,"damage_taken":0.0},{"damage_healed":0.0,"max_hp_gain":0.0,"max_hp_loss":0.0,"gold_gain":0.0,"event_name":"Scrap Ooze","player_choice":"Success","floor":4.0,"gold_loss":0.0,"damage_taken":35.0,"relics_obtained":["DataDisk"]},{"damage_healed":0.0,"max_hp_gain":0.0,"max_hp_loss":0.0,"gold_gain":75.0,"event_name":"World of Goop","player_choice":"Gather Gold","floor":5.0,"gold_loss":0.0,"damage_taken":11.0}],"is_beta":false,"boss_relics":[],"items_purged_floors":[10],"is_endless":false,"potions_floor_spawned":[7],"killed_by":"Gremlin Nob","ascension_level":20}