{"gold_per_floor":[113,113,113,38,53,85,85,118,118,136,136,150,150,161,161,234,234,252,272,272,26,42,42,62,62,62,81,131,147,159,159,159,230,230,250,119,119,119,137,137,137],"floor_reached":41,"playtime":1139,"items_purged":["Strike_B"],"score":881,"play_id":"b8e563f9-af43-4464-9fc4-2fa73db320bf","local_time":"20190222164158","is_ascension_mode":true,"campfire_choices":[{"data":"Cold Snap","floor":7.0,"key":"SMITH"},{"floor":11.0,"key":"REST"},{"data":"Zap","floor":13.0,"key":"SMITH"},{"data":"Doom and Gloom","floor":15.0,"key":"SMITH"},{"floor":23.0,"key":"REST"},{"floor":25.0,"key":"REST"},{"floor":32.0,"key":"REST"},{"data":"Defragment","floor":40.0,"key":"SMITH"}],"neow_cost":"NONE","seed_source_timestamp":56952950479388,"circlet_count":0,"master_deck":["AscendersBane","Strike_B","Strike_B","Defend_B","Defend_B","Defend_B","Defend_B","Zap+1","Dualcast","Cold Snap+1","Conserve Battery","Doom and Gloom+1","Echo Form","Creative AI","Static Discharge+1","Loop","Defragment+1","Coolheaded","Chill","Force Field+1","Defragment","Fission","Self Repair"],"special_seed":0,"relics":["Cracked Core","NeowsBlessing","Bronze Scales","Omamori","The Courier","Pear","Matryoshka","Sozu","Boot","Mango","DataDisk","Dream Catcher","Symbiotic Virus","Blood Vial","Runic Dome"],"potions_floor_usage":[41],"damage_taken":[{"damage":0.0,"enemies":"Small Slimes","floor":1.0,"turns":1.0},{"damage":0.0,"enemies":"Jaw Worm","floor":5.0,"turns":1.0},{"damage":0.0,"enemies":"Gremlin Nob","floor":6.0,"turns":1.0},{"damage":30.0,"enemies":"3 Sentries","floor":8.0,"turns":8.0},{"damage":0.0,"enemies":"Cultist","floor":10.0,"turns":3.0},{"damage":4.0,"enemies":"Red Slaver","floor":12.0,"turns":3.0},{"damage":0.0,"enemies":"2 Fungi Beasts","floor":14.0,"turns":2.0},{"damage":15.0,"enemies":"The Guardian","floor":16.0,"turns":11.0},{"damage":19.0,"enemies":"Shell Parasite","floor":18.0,"turns":4.0},{"damage":12.0,"enemies":"Chosen","floor":19.0,"turns":5.0},{"damage":19.0,"enemies":"Snecko","floor":22.0,"turns":4.0},{"damage":34.0,"enemies":"Cultist and Chosen","floor":24.0,"turns":4.0},{"damage":12.0,"enemies":"Chosen and Byrds","floor":27.0,"turns":6.0},{"damage":13.0,"enemies":"Snake Plant","floor":29.0,"turns":2.0},{"damage":24.0,"enemies":"Shelled Parasite and Fungi","floor":30.0,"turns":4.0},{"damage":16.0,"enemies":"Automaton","floor":33.0,"turns":9.0},{"damage":24.0,"enemies":"Orb Walker","floor":35.0,"turns":4.0},{"damage":11.0,"enemies":"3 Shapes","floor":39.0,"turns":4.0},{"damage":56,"enemies":"Transient","floor":41,"turns":6}],"seed_played":"-4767742023012899737","potions_obtained":[{"floor":1.0,"key":"SteroidPotion"},{"floor":8.0,"key":"SteroidPotion"},{"floor":14.0,"key":"Block Potion"}],"is_trial":false,"path_per_floor":["M","?","T","?","M","E","R","E","T","M","R","M","R","M","R","B",null,"M","M","T","$","M","R","M","R","T","M","?","M","M","T","R","B",null,"M","$","?","?","M","R","M"],"character_chosen":"DEFECT","items_purchased":["DataDisk","Loop","Defragment","Self Repair"],"campfire_rested":4,"item_purchase_floors":[21,21,21,36],"current_hp_per_floor":[64,46,46,46,46,46,46,26,26,26,50,46,46,46,46,31,69,50,38,52,52,33,61,27,55,55,43,43,30,6,6,34,20,76,54,54,54,54,45,45,0],"gold":137,"neow_bonus":"THREE_ENEMY_KILL","is_prod":false,"is_daily":false,"chose_seed":false,"campfire_upgraded":4,"win_rate":0,"timestamp":1550853718,"path_taken":["M","?","?","?","M","E","R","E","T","?","R","M","R","M","R","BOSS","M","?","?","$","M","R","M","R","T","M","?","?","M","?","R","BOSS","M","$","?","?","M","R","M"],"build_version":"2019-01-23","purchased_purges":1,"victory":false,"max_hp_per_floor":[71,71,71,71,71,71,71,81,81,81,81,81,81,81,81,81,81,81,81,95,95,95,95,95,95,95,95,95,95,95,95,95,95,95,95,95,95,95,95,95,95],"card_choices":[{"not_picked":["Reprogram","White Noise"],"picked":"Cold Snap","floor":1.0},{"not_picked":["White Noise","Reprogram","Barrage"],"picked":"SKIP","floor":5.0},{"not_picked":["Turbo","Heatsinks","Blizzard"],"picked":"SKIP","floor":6.0},{"not_picked":["Beam Cell","Genetic Algorithm","Cold Snap"],"picked":"SKIP","floor":8.0},{"not_picked":["Auto Shields","Steam"],"picked":"Conserve Battery","floor":10.0},{"not_picked":["Loop","Double Energy"],"picked":"Doom and Gloom","floor":12.0},{"not_picked":["Glacier","Self Repair"],"picked":"Echo Form","floor":14.0},{"not_picked":["Amplify","Thunder Strike"],"picked":"Creative AI","floor":16.0},{"not_picked":["Genetic Algorithm","Fusion","Redo"],"picked":"SKIP","floor":18.0},{"not_picked":["Coolheaded","Conserve Battery"],"picked":"Static Discharge+1","floor":19.0},{"not_picked":["Redo","Steam"],"picked":"Coolheaded","floor":22.0},{"not_picked":["Steam Power","Hologram"],"picked":"Chill","floor":24.0},{"not_picked":["Cold Snap+1","Rebound","Force Field+1"],"picked":"SKIP","floor":27.0},{"not_picked":["Cold Snap+1","Rebound"],"picked":"Force Field+1","floor":27.0},{"not_picked":["Static Discharge","Rebound","Sweeping Beam+1"],"picked":"SKIP","floor":29.0},{"not_picked":["White Noise","Blizzard","Redo"],"picked":"SKIP","floor":30.0},{"not_picked":["Conserve Battery","Stack+1"],"picked":"Defragment","floor":32.0},{"not_picked":["Reboot","Multi-Cast"],"picked":"Fission","floor":33.0},{"not_picked":["Redo","Turbo","Gash"],"picked":"SKIP","floor":35.0},{"not_picked":["Loop","Redo","Rip and Tear"],"picked":"SKIP","floor":39.0}],"player_experience":537039,"relics_obtained":[{"floor":3.0,"key":"Omamori"},{"floor":6.0,"key":"The Courier"},{"floor":8.0,"key":"Pear"},{"floor":9.0,"key":"Matryoshka"},{"floor":20.0,"key":"Boot"},{"floor":20.0,"key":"Mango"},{"floor":26.0,"key":"Dream Catcher"},{"floor":26.0,"key":"Symbiotic Virus"},{"floor":31.0,"key":"Blood Vial"}],"event_choices":[{"damage_healed":0.0,"max_hp_gain":0.0,"max_hp_loss":0.0,"gold_gain":0.0,"event_name":"Scrap Ooze","player_choice":"Success","floor":2.0,"gold_loss":0.0,"damage_taken":18.0,"relics_obtained":["Bronze Scales"]},{"cards_removed":["Strike_B"],"damage_healed":0.0,"max_hp_gain":0.0,"max_hp_loss":0.0,"gold_gain":0.0,"event_name":"The Cleric","player_choice":"Card Removal","floor":4.0,"gold_loss":75.0,"damage_taken":0.0},{"damage_healed":0.0,"max_hp_gain":0.0,"max_hp_loss":0.0,"gold_gain":100.0,"event_name":"The Joust","player_choice":"Bet on Murderer","floor":28.0,"gold_loss":50.0,"damage_taken":0.0},{"damage_healed":0.0,"max_hp_gain":0.0,"max_hp_loss":0.0,"gold_gain":0.0,"event_name":"Mysterious Sphere","player_choice":"Ignored","floor":37.0,"gold_loss":0.0,"damage_taken":0.0},{"damage_healed":0.0,"max_hp_gain":0.0,"max_hp_loss":0.0,"gold_gain":0.0,"event_name":"SensoryStone","player_choice":"Memory 1","floor":38.0,"gold_loss":0.0,"damage_taken":0.0}],"is_beta":false,"boss_relics":[{"not_picked":["Inserter","Runic Pyramid"],"picked":"Sozu"},{"not_picked":["Philosopher\u0027s Stone","Velvet Choker"],"picked":"Runic Dome"}],"items_purged_floors":[36],"is_endless":false,"potions_floor_spawned":[1,8,10,14,19,33,35,39],"killed_by":"Transient","ascension_level":20}