{"gold_per_floor":[219,235,235,245,260,260,271,306,361,7,7,35,50,62,62,136,136,155,170,193,93,106,106,106],"floor_reached":24,"playtime":2433,"items_purged":["Strike_R","Regret"],"score":357,"play_id":"329e3a09-d085-403f-8391-7b73c561c803","local_time":"20190303152208","is_ascension_mode":true,"campfire_choices":[{"data":"Uppercut","floor":6,"key":"SMITH"},{"data":"Bash","floor":11,"key":"SMITH"},{"floor":15,"key":"REST"},{"data":"Fiend Fire","floor":23,"key":"SMITH"}],"neow_cost":"NONE","seed_source_timestamp":131885059868002,"circlet_count":0,"master_deck":["AscendersBane","Strike_R","Strike_R","Strike_R","Strike_R","Defend_R","Defend_R","Defend_R","Defend_R","Bash+1","Twin Strike","Armaments+1","Pommel Strike","Uppercut+1","Impervious","Metallicize+1","Headbutt","Fiend Fire+1"],"relics":["Burning Blood","Frozen Egg 2","Tiny Chest","PrismaticShard","Anchor","Cursed Key","Red Skull"],"potions_floor_usage":[12,12,12,16,16,16,16,19,24],"damage_taken":[{"damage":8,"enemies":"Jaw Worm","floor":1,"turns":5},{"damage":1,"enemies":"Cultist","floor":2,"turns":4},{"damage":12,"enemies":"Small Slimes","floor":4,"turns":3},{"damage":1,"enemies":"2 Fungi Beasts","floor":5,"turns":3},{"damage":10,"enemies":"Blue Slaver","floor":7,"turns":4},{"damage":44,"enemies":"3 Sentries","floor":8,"turns":13},{"damage":13,"enemies":"Gremlin Nob","floor":12,"turns":4},{"damage":8,"enemies":"Large Slime","floor":13,"turns":6},{"damage":7,"enemies":"3 Louse","floor":14,"turns":4},{"damage":17,"enemies":"Slime Boss","floor":16,"turns":7},{"damage":17,"enemies":"Shell Parasite","floor":18,"turns":7},{"damage":11,"enemies":"2 Thieves","floor":19,"turns":4},{"damage":9,"enemies":"Chosen and Byrds","floor":22,"turns":8},{"damage":45,"enemies":"Book of Stabbing","floor":24,"turns":5}],"seed_played":"-2467686078429413432","potions_obtained":[{"floor":4,"key":"EntropicBrew"},{"floor":5,"key":"Ancient Potion"},{"floor":12,"key":"EssenceOfSteel"},{"floor":16,"key":"Energy Potion"},{"floor":19,"key":"Poison Potion"}],"is_trial":false,"path_per_floor":["M","M","?","M","M","R","M","E","T","$","R","E","M","M","R","B",null,"M","M","T","$","M","R","E"],"character_chosen":"IRONCLAD","items_purchased":["Metallicize+1","PrismaticShard","Headbutt"],"campfire_rested":1,"item_purchase_floors":[10,10,10],"current_hp_per_floor":[66,71,71,65,70,70,66,28,28,28,28,21,19,18,40,29,64,53,48,48,48,45,45,0],"gold":106,"neow_bonus":"HUNDRED_GOLD","is_prod":false,"is_daily":false,"chose_seed":false,"campfire_upgraded":3,"win_rate":0,"timestamp":1551622928,"path_taken":["M","M","?","M","M","R","M","E","T","$","R","E","M","M","R","BOSS","M","M","?","$","M","R","E"],"build_version":"2019-01-23","purchased_purges":2,"victory":false,"max_hp_per_floor":[75,75,75,75,75,75,75,75,75,75,75,75,75,75,75,75,75,75,75,75,75,75,75,75],"card_choices":[{"not_picked":["Havoc","Power Through"],"picked":"Twin Strike","floor":1},{"not_picked":["Second Wind","Flex"],"picked":"Armaments","floor":2},{"not_picked":["Wild Strike","Cleave"],"picked":"Pommel Strike","floor":4},{"not_picked":["Clash","True Grit"],"picked":"Uppercut","floor":5},{"not_picked":["Sword Boomerang","Heavy Blade","Dark Embrace"],"picked":"SKIP","floor":7},{"not_picked":["Feed","Cleave"],"picked":"Impervious","floor":8},{"not_picked":["Sever Soul","Poisoned Stab","Go for the Eyes"],"picked":"SKIP","floor":12},{"not_picked":["Thunderclap","Blur","Armaments"],"picked":"SKIP","floor":13},{"not_picked":["Flying Knee","Accuracy+1","Hologram"],"picked":"SKIP","floor":14},{"not_picked":["Fission","After Image+1"],"picked":"Fiend Fire","floor":16},{"not_picked":["Steam Power","Carnage","Redo"],"picked":"SKIP","floor":18},{"not_picked":["Infernal Blade","Deep Breath","Sucker Punch"],"picked":"SKIP","floor":19},{"not_picked":["Heel Hook","Dagger Spray","Steam"],"picked":"SKIP","floor":22}],"player_experience":786587,"relics_obtained":[{"floor":8,"key":"Frozen Egg 2"},{"floor":9,"key":"Tiny Chest"},{"floor":12,"key":"Anchor"},{"floor":20,"key":"Red Skull"}],"event_choices":[{"damage_healed":0,"gold_gain":0,"player_choice":"Forge","damage_taken":0,"max_hp_gain":0,"max_hp_loss":0,"event_name":"Accursed Blacksmith","floor":3,"gold_loss":0,"cards_upgraded":["Armaments"]}],"is_beta":false,"boss_relics":[{"not_picked":["Calling Bell","Black Blood"],"picked":"Cursed Key"}],"items_purged_floors":[10,21],"is_endless":false,"potions_floor_spawned":[4,5,8,12,16,19],"killed_by":"Book of Stabbing","ascension_level":14}