{"gold_per_floor":[110,126,126,141,66,66,78,94,94,119,119,130,162,162],"floor_reached":14,"playtime":414,"items_purged":["Strike_R"],"score":204,"play_id":"0b7c7fec-df49-43fb-8e01-409e77210052","local_time":"20190215103529","is_ascension_mode":true,"campfire_choices":[{"data":"Reckless Charge","floor":6.0,"key":"SMITH"},{"floor":11,"key":"REST"}],"neow_cost":"NONE","seed_source_timestamp":149875833935977,"circlet_count":0,"master_deck":["AscendersBane","Strike_R","Strike_R","Strike_R","Defend_R","Defend_R","Defend_R","Defend_R","Bash","True Grit","Reckless Charge+1","Iron Wave","Uppercut","Evolve","Headbutt"],"special_seed":0,"relics":["Burning Blood","Dodecahedron","StoneCalendar","Gremlin Horn"],"potions_floor_usage":[10,10,10],"damage_taken":[{"damage":13.0,"enemies":"Cultist","floor":1.0,"turns":5.0},{"damage":2.0,"enemies":"Jaw Worm","floor":2.0,"turns":5.0},{"damage":4.0,"enemies":"Small Slimes","floor":4.0,"turns":4.0},{"damage":23.0,"enemies":"Gremlin Gang","floor":7.0,"turns":6.0},{"damage":16,"enemies":"2 Fungi Beasts","floor":8,"turns":4},{"damage":18,"enemies":"Lagavulin","floor":10,"turns":5},{"damage":16,"enemies":"Large Slime","floor":12,"turns":7},{"damage":28,"enemies":"3 Sentries","floor":13,"turns":7},{"damage":11,"enemies":"Exordium Wildlife","floor":14,"turns":1}],"seed_played":"-8326508399820344120","potions_obtained":[{"floor":1.0,"key":"Energy Potion"},{"floor":4.0,"key":"EntropicBrew"},{"floor":7,"key":"FearPotion"},{"floor":13,"key":"SpeedPotion"}],"is_trial":false,"path_per_floor":["M","M","?","M","$","R","M","M","T","E","R","M","E","M"],"character_chosen":"IRONCLAD","items_purchased":[],"campfire_rested":1,"item_purchase_floors":[],"current_hp_per_floor":[61,65,54,56,56,56,39,29,29,17,39,29,7,0],"gold":162,"neow_bonus":"REMOVE_CARD","is_prod":false,"is_daily":false,"chose_seed":false,"campfire_upgraded":1,"win_rate":0,"timestamp":1550226929,"path_taken":["M","M","?","?","?","R","M","M","T","E","R","M","E","M"],"build_version":"2019-01-23","purchased_purges":1,"victory":false,"max_hp_per_floor":[75,75,75,75,75,75,75,75,75,75,75,75,75,75],"card_choices":[{"not_picked":["Disarm","Entrench"],"picked":"True Grit","floor":1.0},{"not_picked":["Burning Pact","Havoc","Warcry"],"picked":"SKIP","floor":2.0},{"not_picked":["Iron Wave","Sentinel"],"picked":"Reckless Charge","floor":4.0},{"not_picked":["Fiend Fire","Clothesline"],"picked":"Iron Wave","floor":7},{"not_picked":["Infernal Blade","Burning Pact"],"picked":"Uppercut","floor":8},{"not_picked":["Flex","Havoc"],"picked":"Evolve","floor":10},{"not_picked":["True Grit","Combust","Iron Wave"],"picked":"SKIP","floor":12},{"not_picked":["Perfected Strike","Pommel Strike"],"picked":"Headbutt","floor":13}],"player_experience":530740,"relics_obtained":[{"floor":9,"key":"Dodecahedron"},{"floor":10,"key":"StoneCalendar"},{"floor":13,"key":"Gremlin Horn"}],"event_choices":[{"damage_healed":0.0,"max_hp_gain":0.0,"max_hp_loss":0.0,"gold_gain":0.0,"event_name":"Wheel of Change","player_choice":"Damaged","floor":3.0,"gold_loss":0.0,"damage_taken":11.0}],"is_beta":false,"boss_relics":[],"items_purged_floors":[5],"is_endless":false,"potions_floor_spawned":[1,4,7,13],"killed_by":"Exordium Wildlife","ascension_level":20}