{"gold_per_floor":[118,129,140,155,2,2,33,45,83,95,140,152,195,172,184,275,287,319,46,58,38,38,38,69,69,118,147,157,157,171,221,221,299,299,316,13,13,13,33,33,0,0,0,16,28,28,28,43,43,43,43],"floor_reached":52,"playtime":2423,"items_purged":["Strike_G","Normality"],"score":2312,"play_id":"edd89428-0b51-4ace-8d9a-dcb440b2fb37","local_time":"20190315121022","is_ascension_mode":true,"campfire_choices":[{"data":"Neutralize","floor":6.0,"key":"SMITH"},{"data":"Noxious Fumes","floor":8.0,"key":"SMITH"},{"data":"Dagger Spray","floor":10.0,"key":"SMITH"},{"data":"Infinite Blades","floor":12.0,"key":"SMITH"},{"data":"Leg Sweep","floor":15.0,"key":"SMITH"},{"floor":23.0,"key":"REST"},{"data":"Catalyst","floor":25.0,"key":"SMITH"},{"floor":29.0,"key":"REST"},{"floor":32.0,"key":"REST"},{"data":"Footwork","floor":40.0,"key":"SMITH"},{"data":"Deadly Poison","floor":42.0,"key":"SMITH"},{"floor":49.0,"key":"REST"}],"neow_cost":"TEN_PERCENT_HP_LOSS","seed_source_timestamp":0,"circlet_count":0,"master_deck":["AscendersBane","Defend_G","Defend_G","Defend_G","Defend_G","Defend_G","Strike_G","Strike_G","Strike_G","Survivor","Neutralize+1","Backstab","Dagger Spray+1","Tools of the Trade","Noxious Fumes+1","Infinite Blades+1","Leg Sweep+1","Catalyst+1","Deadly Poison+1","Crippling Poison","Footwork+1","Backflip","Corpse Explosion","Blur","Footwork+1","Well Laid Plans","Footwork"],"special_seed":0,"relics":["Ring of the Snake","Thread and Needle","MawBank","Juzu Bracelet","Oddly Smooth Stone","Blue Candle","Cursed Key","Mercury Hourglass","The Courier","Orichalcum","Bag of Marbles","Lizard Tail","Pantograph","Red Mask"],"potions_floor_usage":[],"damage_taken":[{"damage":5.0,"enemies":"Small Slimes","floor":1.0,"turns":4.0},{"damage":0.0,"enemies":"Jaw Worm","floor":2.0,"turns":5.0},{"damage":0.0,"enemies":"Cultist","floor":3.0,"turns":4.0},{"damage":0.0,"enemies":"2 Fungi Beasts","floor":4.0,"turns":3.0},{"damage":8.0,"enemies":"3 Sentries","floor":7.0,"turns":11.0},{"damage":12.0,"enemies":"Lagavulin","floor":11.0,"turns":8.0},{"damage":9.0,"enemies":"3 Sentries","floor":13.0,"turns":5.0},{"damage":18.0,"enemies":"The Guardian","floor":16.0,"turns":13.0},{"damage":4.0,"enemies":"2 Thieves","floor":18.0,"turns":4.0},{"damage":13.0,"enemies":"Shell Parasite","floor":20.0,"turns":6.0},{"damage":15.0,"enemies":"Slavers","floor":24.0,"turns":6.0},{"damage":13.0,"enemies":"Gremlin Leader","floor":27.0,"turns":5.0},{"damage":19.0,"enemies":"Snecko","floor":28.0,"turns":5.0},{"damage":3.0,"enemies":"Sentry and Sphere","floor":30.0,"turns":4.0},{"damage":26.0,"enemies":"Champ","floor":33.0,"turns":14.0},{"damage":11.0,"enemies":"Orb Walker","floor":35.0,"turns":4.0},{"damage":0.0,"enemies":"3 Shapes","floor":39.0,"turns":4.0},{"damage":17.0,"enemies":"Writhing Mass","floor":44.0,"turns":6.0},{"damage":6.0,"enemies":"4 Shapes","floor":45.0,"turns":4.0},{"damage":0.0,"enemies":"Sphere and 2 Shapes","floor":48.0,"turns":4.0},{"damage":35.0,"enemies":"Donu and Deca","floor":50.0,"turns":8.0},{"damage":27,"enemies":"Time Eater","floor":51,"turns":11}],"seed_played":"-7032477885786505150","potions_obtained":[{"floor":1.0,"key":"SpeedPotion"},{"floor":3.0,"key":"Block Potion"},{"floor":16.0,"key":"SpeedPotion"},{"floor":20.0,"key":"SteroidPotion"},{"floor":21.0,"key":"EssenceOfSteel"},{"floor":24.0,"key":"GamblersBrew"},{"floor":28.0,"key":"Explosive Potion"},{"floor":33.0,"key":"PowerPotion"},{"floor":39.0,"key":"Swift Potion"},{"floor":45.0,"key":"Swift Potion"}],"is_trial":false,"path_per_floor":["M","M","M","M","$","R","E","R","T","R","E","R","E","?","R","B",null,"M","$","M","?","?","R","E","R","T","E","M","R","M","?","R","B",null,"M","$","?","?","M","R","?","R","T","M","M","$","?","M","R","B","B",null],"character_chosen":"THE_SILENT","items_purchased":["Tools of the Trade","Mercury Hourglass","Pantograph"],"campfire_rested":4,"item_purchase_floors":[5,19,36],"current_hp_per_floor":[54,54,54,54,54,54,46,46,46,46,34,34,25,40,40,22,51,47,47,34,34,34,52,37,37,37,24,5,23,20,20,38,12,48,37,37,37,37,37,37,37,37,37,20,14,14,14,14,31,21,19],"gold":43,"neow_bonus":"ONE_RARE_RELIC","is_prod":false,"is_daily":false,"chose_seed":false,"campfire_upgraded":8,"win_rate":0,"timestamp":1552648222,"path_taken":["M","M","M","M","$","R","E","R","T","R","E","R","E","?","R","BOSS","M","$","M","?","?","R","E","R","T","E","M","R","M","?","R","BOSS","M","$","?","?","M","R","?","R","T","M","M","$","?","M","R","BOSS","BOSS"],"build_version":"2019-01-23","purchased_purges":2,"victory":true,"max_hp_per_floor":[60,60,60,60,60,60,60,60,60,60,60,60,60,60,60,60,60,60,60,60,60,60,60,60,60,60,60,60,60,60,60,60,60,60,60,60,60,57,57,57,57,57,57,57,57,57,57,57,57,57,57],"card_choices":[{"not_picked":["PiercingWail","Flying Knee"],"picked":"Backstab","floor":1.0},{"not_picked":["Predator","Heel Hook","Flying Knee"],"picked":"SKIP","floor":2.0},{"not_picked":["Sucker Punch","Dodge and Roll"],"picked":"Dagger Spray","floor":3.0},{"not_picked":["Reflex","Slice","Outmaneuver"],"picked":"SKIP","floor":4.0},{"not_picked":["Blade Dance","Outmaneuver"],"picked":"Noxious Fumes","floor":7.0},{"not_picked":["Grand Finale","Blade Dance"],"picked":"Infinite Blades","floor":11.0},{"not_picked":["Escape Plan","Slice"],"picked":"Leg Sweep","floor":13.0},{"not_picked":["Quick Slash","Deadly Poison"],"picked":"Catalyst","floor":18.0},{"not_picked":["Dash","Poisoned Stab"],"picked":"Deadly Poison","floor":20.0},{"not_picked":["Backstab","Tactician"],"picked":"Crippling Poison","floor":24.0},{"not_picked":["Deflect","Flechettes","Sucker Punch"],"picked":"SKIP","floor":27.0},{"not_picked":["PiercingWail+1","Leg Sweep"],"picked":"Footwork","floor":28.0},{"not_picked":["Riddle With Holes","Skewer+1"],"picked":"Backflip","floor":30.0},{"not_picked":["Doppelganger","Tools of the Trade"],"picked":"Corpse Explosion","floor":33.0},{"not_picked":["Finisher+1","Outmaneuver+1","Backflip"],"picked":"SKIP","floor":35.0},{"not_picked":["Outmaneuver","Bane"],"picked":"Blur","floor":39.0},{"not_picked":["Crippling Poison","Skewer"],"picked":"Footwork","floor":44.0},{"not_picked":["Bane+1","Infinite Blades"],"picked":"Well Laid Plans","floor":45.0},{"not_picked":["Blade Dance","Quick Slash"],"picked":"Footwork","floor":48.0}],"player_experience":1019131,"relics_obtained":[{"floor":7.0,"key":"MawBank"},{"floor":9.0,"key":"Juzu Bracelet"},{"floor":11.0,"key":"Oddly Smooth Stone"},{"floor":13.0,"key":"Blue Candle"},{"floor":24.0,"key":"The Courier"},{"floor":26.0,"key":"Orichalcum"},{"floor":27.0,"key":"Bag of Marbles"}],"event_choices":[{"damage_healed":15.0,"max_hp_gain":0.0,"max_hp_loss":0.0,"gold_gain":0.0,"event_name":"The Cleric","player_choice":"Healed","floor":14.0,"gold_loss":35.0,"damage_taken":0.0},{"damage_healed":0.0,"max_hp_gain":0.0,"max_hp_loss":0.0,"gold_gain":0.0,"event_name":"The Woman in Blue","player_choice":"Bought 1 Potion","floor":21.0,"gold_loss":0.0,"damage_taken":0.0},{"damage_healed":0.0,"max_hp_gain":0.0,"max_hp_loss":0.0,"gold_gain":0.0,"event_name":"Vampires","player_choice":"Ignored","floor":22.0,"gold_loss":0.0,"damage_taken":0.0},{"damage_healed":0.0,"max_hp_gain":0.0,"max_hp_loss":0.0,"gold_gain":50.0,"event_name":"Nest","player_choice":"Stole From Cult","floor":31.0,"gold_loss":0.0,"damage_taken":0.0},{"cards_removed":["Strike_G"],"damage_healed":0.0,"max_hp_gain":0.0,"max_hp_loss":0.0,"gold_gain":0.0,"event_name":"Falling","player_choice":"Removed Attack","floor":37.0,"gold_loss":0.0,"damage_taken":0.0},{"damage_healed":0.0,"max_hp_gain":0.0,"max_hp_loss":3.0,"gold_gain":0.0,"event_name":"Winding Halls","player_choice":"Max HP","floor":38.0,"gold_loss":0.0,"damage_taken":0.0},{"damage_healed":0.0,"max_hp_gain":0.0,"max_hp_loss":0.0,"gold_gain":0.0,"event_name":"Tomb of Lord Red Mask","player_choice":"Paid","floor":41.0,"gold_loss":33.0,"damage_taken":0.0,"relics_obtained":["Red Mask"]},{"damage_healed":0.0,"max_hp_gain":0.0,"max_hp_loss":0.0,"gold_gain":0.0,"event_name":"Upgrade Shrine","player_choice":"Upgraded","floor":47.0,"gold_loss":0.0,"damage_taken":0.0,"cards_upgraded":["Footwork"]}],"is_beta":false,"boss_relics":[{"not_picked":["Tiny House","WristBlade"],"picked":"Cursed Key"},{"not_picked":["Snecko Eye","Runic Dome"],"picked":"Lizard Tail"}],"items_purged_floors":[5,36],"is_endless":false,"potions_floor_spawned":[1,3,4,16,20,24,28,33,39,45],"ascension_level":20}