{"gold_per_floor":[115,190,60,60,71,71,102,102,128,140,160,160,35,35,35,107,107,127,127,142,142,67,67,82,82,82,82,97,110,110,124,124,124],"floor_reached":33,"playtime":736,"items_purged":["Strike_R","Strike_R"],"score":490,"play_id":"a4e505a8-97c5-4850-8b42-b2ed5eb187fd","local_time":"20190319195020","is_ascension_mode":true,"campfire_choices":[{"data":"1","floor":6.0,"key":"LIFT"},{"data":"2","floor":8.0,"key":"LIFT"},{"data":"3","floor":12.0,"key":"LIFT"},{"floor":15.0,"key":"REST"},{"floor":23.0,"key":"REST"},{"data":"Rampage","floor":25.0,"key":"SMITH"},{"data":"Shrug It Off","floor":27.0,"key":"SMITH"},{"floor":30.0,"key":"REST"},{"floor":32.0,"key":"REST"}],"neow_cost":"TEN_PERCENT_HP_LOSS","seed_source_timestamp":285972407386748,"circlet_count":0,"master_deck":["AscendersBane","Strike_R","Strike_R","Defend_R","Defend_R","Defend_R","Rampage+1","Pommel Strike","Spot Weakness","Wild Strike","Headbutt","Shrug It Off+1","Feed","Clothesline","Battle Trance+1","Spot Weakness+1"],"special_seed":0,"relics":["Burning Blood","Girya","Calipers","Bronze Scales","Busted Crown","Dream Catcher"],"potions_floor_usage":[33],"damage_taken":[{"damage":6.0,"enemies":"2 Louse","floor":1.0,"turns":3.0},{"damage":19.0,"enemies":"Jaw Worm","floor":5.0,"turns":4.0},{"damage":25.0,"enemies":"Lagavulin","floor":7.0,"turns":5.0},{"damage":0.0,"enemies":"Cultist","floor":10.0,"turns":2.0},{"damage":6.0,"enemies":"Looter","floor":11.0,"turns":2.0},{"damage":39.0,"enemies":"The Guardian","floor":16.0,"turns":9.0},{"damage":25.0,"enemies":"Shell Parasite","floor":18.0,"turns":4.0},{"damage":13.0,"enemies":"3 Byrds","floor":20.0,"turns":2.0},{"damage":30.0,"enemies":"Colosseum Slavers","floor":21.0,"turns":4.0},{"damage":12.0,"enemies":"3 Cultists","floor":24.0,"turns":4.0},{"damage":18.0,"enemies":"Snake Plant","floor":28.0,"turns":3.0},{"damage":1.0,"enemies":"Cultist and Chosen","floor":29.0,"turns":4.0},{"damage":41.0,"enemies":"Shelled Parasite and Fungi","floor":31.0,"turns":5.0},{"damage":72,"enemies":"Champ","floor":33,"turns":10}],"seed_played":"3153970708116690338","potions_obtained":[{"floor":5.0,"key":"Regen Potion"},{"floor":7.0,"key":"SkillPotion"},{"floor":10.0,"key":"Strength Potion"},{"floor":20.0,"key":"Regen Potion"},{"floor":29.0,"key":"PowerPotion"}],"is_trial":false,"path_per_floor":["M","?","$","?","M","R","E","R","T","M","M","R","$","?","R","B",null,"M","?","M","?","?","R","M","R","T","R","M","M","R","M","R","B"],"character_chosen":"IRONCLAD","items_purchased":["Pommel Strike","Shrug It Off"],"campfire_rested":4,"item_purchase_floors":[3,13],"current_hp_per_floor":[68,57,57,50,37,37,18,18,18,24,24,24,24,24,44,11,54,38,38,40,28,28,49,46,46,46,46,37,45,69,34,58,0],"gold":124,"neow_bonus":"ONE_RARE_RELIC","is_prod":false,"is_daily":false,"chose_seed":false,"campfire_upgraded":2,"win_rate":0,"timestamp":1553025020,"path_taken":["M","?","$","?","M","R","E","R","T","M","M","R","$","?","R","BOSS","M","?","?","?","?","R","M","R","T","R","M","M","R","M","R","BOSS"],"build_version":"2019-01-23","purchased_purges":2,"victory":false,"max_hp_per_floor":[68,68,68,68,68,68,68,68,68,68,68,68,68,68,68,68,68,71,71,71,71,71,71,74,74,74,74,77,80,80,80,80,80],"card_choices":[{"not_picked":["Thunderclap","Dropkick"],"picked":"Rampage","floor":1.0},{"not_picked":["Headbutt","Rupture"],"picked":"Spot Weakness","floor":5.0},{"not_picked":["Thunderclap","Body Slam","Flex"],"picked":"SKIP","floor":7.0},{"not_picked":["Rage","Havoc"],"picked":"Wild Strike","floor":10.0},{"not_picked":["Wild Strike","Clash"],"picked":"Headbutt","floor":11.0},{"not_picked":["Demon Form","Exhume"],"picked":"Feed","floor":16.0},{"not_picked":["Corruption+1"],"picked":"SKIP","floor":18.0},{"not_picked":["Havoc"],"picked":"SKIP","floor":20.0},{"not_picked":[],"picked":"Clothesline","floor":24.0},{"not_picked":[],"picked":"Battle Trance+1","floor":28.0},{"not_picked":["Anger"],"picked":"SKIP","floor":29.0},{"not_picked":[],"picked":"Spot Weakness+1","floor":30.0},{"not_picked":["Headbutt"],"picked":"SKIP","floor":31.0}],"player_experience":559298,"relics_obtained":[{"floor":7.0,"key":"Calipers"},{"floor":9.0,"key":"Bronze Scales"},{"floor":26.0,"key":"Dream Catcher"}],"event_choices":[{"damage_healed":0.0,"max_hp_gain":0.0,"max_hp_loss":0.0,"gold_gain":75.0,"event_name":"World of Goop","player_choice":"Gather Gold","floor":2.0,"gold_loss":0.0,"damage_taken":11.0},{"cards_removed":["Strike_R"],"damage_healed":0.0,"max_hp_gain":0.0,"max_hp_loss":0.0,"gold_gain":0.0,"event_name":"Golden Wing","player_choice":"Card Removal","floor":4.0,"gold_loss":0.0,"damage_taken":7.0},{"damage_healed":0.0,"max_hp_gain":0.0,"max_hp_loss":0.0,"gold_gain":0.0,"event_name":"Shining Light","player_choice":"Ignored","floor":14.0,"gold_loss":0.0,"damage_taken":0.0},{"cards_removed":["Defend_R"],"damage_healed":0.0,"max_hp_gain":0.0,"max_hp_loss":0.0,"gold_gain":0.0,"event_name":"Bonfire Elementals","player_choice":"Offered Basic","floor":19.0,"gold_loss":0.0,"damage_taken":0.0},{"damage_healed":0.0,"max_hp_gain":0.0,"max_hp_loss":0.0,"gold_gain":0.0,"event_name":"Colosseum","player_choice":"Fight","floor":21.0,"gold_loss":0.0,"damage_taken":0.0},{"damage_healed":0.0,"max_hp_gain":0.0,"max_hp_loss":0.0,"gold_gain":0.0,"event_name":"Colosseum","player_choice":"Fled From Nobs","floor":21.0,"gold_loss":0.0,"damage_taken":0.0},{"cards_removed":["Bash"],"damage_healed":0.0,"max_hp_gain":0.0,"max_hp_loss":0.0,"gold_gain":0.0,"event_name":"Beggar","player_choice":"Gave Gold","floor":22.0,"gold_loss":75.0,"damage_taken":0.0}],"is_beta":false,"boss_relics":[{"not_picked":["Eternal Feather","Black Blood"],"picked":"Busted Crown"}],"items_purged_floors":[3,13],"is_endless":false,"potions_floor_spawned":[5,7,10,20,21,29],"killed_by":"Champ","ascension_level":20}