{"gold_per_floor":[362,375,300,315,62,62,72,72,99,125,143,218,241,13,13,89,89,107,118,118],"floor_reached":20,"playtime":3743,"items_purged":["Injury"],"score":313,"play_id":"ed7c9a9f-9883-4c05-97a8-311d07e47d52","local_time":"20190304173752","is_ascension_mode":true,"campfire_choices":[{"data":"Defragment","floor":6,"key":"SMITH"},{"data":"Zap","floor":8,"key":"SMITH"},{"floor":15,"key":"REST"}],"neow_cost":"CURSE","seed_source_timestamp":224939639803271,"circlet_count":0,"master_deck":["AscendersBane","Strike_B","Strike_B","Strike_B","Strike_B","Defend_B","Defend_B","Defend_B","Defend_B+1","Zap+1","Dualcast","Darkness+1","Hologram","Defragment+1","Conserve Battery","Conserve Battery","Electrodynamics","Buffer","Coolheaded","FTL"],"relics":["Cracked Core","Oddly Smooth Stone","War Paint","Orichalcum","Odd Mushroom","Black Star"],"potions_floor_usage":[13,13,16],"damage_taken":[{"damage":3,"enemies":"Small Slimes","floor":1,"turns":4},{"damage":7,"enemies":"Jaw Worm","floor":2,"turns":3},{"damage":7,"enemies":"2 Louse","floor":4,"turns":3},{"damage":10,"enemies":"Blue Slaver","floor":7,"turns":4},{"damage":5,"enemies":"Lagavulin","floor":10,"turns":5},{"damage":4,"enemies":"2 Fungi Beasts","floor":11,"turns":3},{"damage":3,"enemies":"The Mushroom Lair","floor":13,"turns":4},{"damage":5,"enemies":"The Guardian","floor":16,"turns":7},{"damage":27,"enemies":"2 Thieves","floor":18,"turns":3},{"damage":16,"enemies":"Shell Parasite","floor":19,"turns":5},{"damage":20,"enemies":"Snake Plant","floor":20,"turns":3}],"seed_played":"-6368299018126785664","potions_obtained":[{"floor":4,"key":"EssenceOfSteel"},{"floor":7,"key":"SpeedPotion"},{"floor":10,"key":"Fire Potion"},{"floor":16,"key":"EssenceOfSteel"},{"floor":18,"key":"Ancient Potion"}],"is_trial":false,"path_per_floor":["M","M","$","M","$","R","M","R","T","E","M","?","?","$","R","B",null,"M","M","M"],"character_chosen":"DEFECT","items_purchased":["Defragment","Oddly Smooth Stone","Electrodynamics","Energy Potion"],"campfire_rested":1,"item_purchase_floors":[5,5,14,14],"current_hp_per_floor":[61,54,54,47,47,47,37,37,37,32,28,17,14,14,35,30,61,34,18,0],"gold":118,"neow_bonus":"TWO_FIFTY_GOLD","is_prod":false,"is_daily":false,"chose_seed":false,"campfire_upgraded":2,"win_rate":0,"timestamp":1551717472,"path_taken":["M","M","$","M","$","R","M","R","T","E","M","?","?","?","R","BOSS","M","M","M"],"build_version":"2019-01-23","purchased_purges":1,"victory":false,"max_hp_per_floor":[71,71,71,71,71,71,71,71,71,71,71,71,71,71,71,71,71,71,71,71],"card_choices":[{"not_picked":["Beam Cell","Force Field","Streamline"],"picked":"SKIP","floor":1},{"not_picked":["Compile Driver","Streamline"],"picked":"Darkness","floor":2},{"not_picked":["Compile Driver","Steam"],"picked":"Hologram","floor":4},{"not_picked":["Sunder","Ball Lightning"],"picked":"Conserve Battery","floor":7},{"not_picked":["Stack","Machine Learning"],"picked":"Conserve Battery","floor":10},{"not_picked":["Beam Cell","Hologram","Leap"],"picked":"SKIP","floor":11},{"not_picked":["Fission","Rainbow"],"picked":"Buffer","floor":16},{"not_picked":["Steam","Gash"],"picked":"Coolheaded","floor":18},{"not_picked":["Turbo","Steam Power+1"],"picked":"FTL","floor":19}],"player_experience":840966,"relics_obtained":[{"floor":9,"key":"War Paint"},{"floor":10,"key":"Orichalcum"},{"floor":13,"key":"Odd Mushroom"}],"event_choices":[{"damage_healed":0,"gold_gain":75,"player_choice":"Gather Gold","damage_taken":11,"max_hp_gain":0,"max_hp_loss":0,"event_name":"World of Goop","floor":12,"gold_loss":0},{"damage_healed":0,"gold_gain":0,"player_choice":"Fought Mushrooms","damage_taken":0,"max_hp_gain":0,"max_hp_loss":0,"event_name":"Mushrooms","floor":13,"gold_loss":0}],"is_beta":false,"boss_relics":[{"not_picked":["Pandora\u0027s Box","FrozenCore"],"picked":"Black Star"}],"items_purged_floors":[3],"is_endless":false,"potions_floor_spawned":[4,7,10,16,18],"killed_by":"Snake Plant","ascension_level":16}