{"gold_per_floor":[115,115,131,131,206,206,234,234,234,259,279,279,298,308,308,308],"floor_reached":16,"playtime":1806,"items_purged":[],"score":256,"play_id":"e09ca36a-cdeb-4bda-ab6b-dee19e93885d","local_time":"20190319164103","is_ascension_mode":true,"campfire_choices":[{"data":"Zap","floor":6.0,"key":"SMITH"},{"floor":8.0,"key":"REST"},{"data":"Go for the Eyes","floor":12.0,"key":"SMITH"},{"data":"Genetic Algorithm","floor":15.0,"key":"SMITH"}],"neow_cost":"NONE","seed_source_timestamp":0,"circlet_count":0,"master_deck":["AscendersBane","Strike_B","Strike_B","Strike_B","Strike_B","Defend_B","Defend_B","Defend_B","Defend_B","Zap+1","Dualcast","Lockon","Go for the Eyes+1","Barrage","Genetic Algorithm+1","Ball Lightning","Beam Cell"],"special_seed":0,"relics":["Cracked Core","NeowsBlessing","Lantern","PreservedInsect","Potion Belt"],"potions_floor_usage":[16],"damage_taken":[{"damage":0.0,"enemies":"2 Louse","floor":1.0,"turns":1.0},{"damage":0.0,"enemies":"Small Slimes","floor":3.0,"turns":1.0},{"damage":0.0,"enemies":"3 Sentries","floor":7.0,"turns":1.0},{"damage":0.0,"enemies":"Gremlin Nob","floor":10.0,"turns":3.0},{"damage":0.0,"enemies":"Jaw Worm","floor":11.0,"turns":3.0},{"damage":15.0,"enemies":"3 Louse","floor":13.0,"turns":3.0},{"damage":8.0,"enemies":"Exordium Wildlife","floor":14.0,"turns":2.0},{"damage":52,"enemies":"Hexaghost","floor":16,"turns":9}],"seed_played":"-7930528668449804136","potions_obtained":[{"floor":7.0,"key":"Block Potion"},{"floor":10.0,"key":"FairyPotion"},{"floor":14.0,"key":"Poison Potion"}],"is_trial":false,"path_per_floor":["M","?","M","?","?","R","E","R","T","E","M","R","M","M","R","B"],"character_chosen":"DEFECT","items_purchased":[],"campfire_rested":1,"item_purchase_floors":[],"current_hp_per_floor":[68,43,43,48,37,37,37,61,61,61,61,61,46,38,38,0],"gold":308,"neow_bonus":"THREE_ENEMY_KILL","is_prod":false,"is_daily":false,"chose_seed":false,"campfire_upgraded":3,"win_rate":0,"timestamp":1553028063,"path_taken":["M","?","M","?","?","R","E","R","T","E","M","R","M","M","R","BOSS"],"build_version":"2019-01-23","purchased_purges":0,"victory":false,"max_hp_per_floor":[75,75,75,80,80,80,80,80,80,80,80,80,80,80,80,80],"card_choices":[{"not_picked":["Redo","Hologram"],"picked":"Lockon","floor":1.0},{"not_picked":["Streamline","Skim"],"picked":"Go for the Eyes","floor":3.0},{"not_picked":["Chill","Turbo","Tempest"],"picked":"SKIP","floor":7.0},{"not_picked":["Stack","Skim"],"picked":"Barrage","floor":10.0},{"not_picked":["Conserve Battery","Compile Driver"],"picked":"Genetic Algorithm","floor":11.0},{"not_picked":["Rebound","Skim"],"picked":"Ball Lightning","floor":13.0},{"not_picked":["Hologram","Gash"],"picked":"Beam Cell","floor":14.0}],"player_experience":1943871,"relics_obtained":[{"floor":7.0,"key":"PreservedInsect"},{"floor":10.0,"key":"Potion Belt"}],"event_choices":[{"damage_healed":0.0,"max_hp_gain":0.0,"max_hp_loss":0.0,"gold_gain":0.0,"event_name":"Scrap Ooze","player_choice":"Success","floor":2.0,"gold_loss":0.0,"damage_taken":25.0,"relics_obtained":["Lantern"]},{"damage_healed":0.0,"max_hp_gain":5.0,"max_hp_loss":0.0,"gold_gain":0.0,"event_name":"Big Fish","player_choice":"Donut","floor":4.0,"gold_loss":0.0,"damage_taken":0.0},{"damage_healed":0.0,"max_hp_gain":0.0,"max_hp_loss":0.0,"gold_gain":75.0,"event_name":"World of Goop","player_choice":"Gather Gold","floor":5.0,"gold_loss":0.0,"damage_taken":11.0}],"is_beta":false,"boss_relics":[],"items_purged_floors":[],"is_endless":false,"potions_floor_spawned":[7,10,14],"killed_by":"Hexaghost","ascension_level":12}