{"gold_per_floor":[217,236,311,106,71,103,103,119,119,147,147,174,174,205,205,205],"floor_reached":16,"playtime":657,"items_purged":["Strike_B"],"score":246,"play_id":"33714f39-b8e5-48f8-9db6-af33599b7b96","local_time":"20190322154430","is_ascension_mode":true,"campfire_choices":[{"floor":7,"key":"REST"},{"floor":11,"key":"REST"},{"floor":15,"key":"REST"}],"neow_cost":"NONE","seed_source_timestamp":2975986218036,"circlet_count":0,"master_deck":["AscendersBane","Strike_B","Strike_B","Strike_B","Defend_B","Defend_B","Defend_B","Defend_B","Zap","Dualcast","Ball Lightning","Conserve Battery","Rainbow","Conserve Battery","Sunder","Loop","Conserve Battery","White Noise","Lockon"],"relics":["Cracked Core","Dodecahedron","Shuriken","Matryoshka","Bronze Scales","Shovel","Oddly Smooth Stone"],"potions_floor_usage":[10,14],"damage_taken":[{"damage":14,"enemies":"Jaw Worm","floor":1,"turns":3},{"damage":1,"enemies":"Cultist","floor":2,"turns":3},{"damage":42,"enemies":"Gremlin Nob","floor":6,"turns":4},{"damage":0,"enemies":"Small Slimes","floor":8,"turns":3},{"damage":11,"enemies":"3 Sentries","floor":10,"turns":8},{"damage":24,"enemies":"Lagavulin","floor":12,"turns":9},{"damage":8,"enemies":"3 Sentries","floor":14,"turns":5},{"damage":33,"enemies":"Slime Boss","floor":16,"turns":6}],"seed_played":"-536622404249994085","potions_obtained":[{"floor":1,"key":"Energy Potion"},{"floor":12,"key":"SpeedPotion"}],"is_trial":false,"path_per_floor":["M","M","?","$","?","E","R","M","T","E","R","E","?","E","R","B"],"character_chosen":"DEFECT","items_purchased":["Rainbow","Conserve Battery"],"campfire_rested":3,"item_purchase_floors":[4,4],"current_hp_per_floor":[50,49,38,38,55,13,34,34,34,23,44,20,20,12,33,0],"gold":205,"neow_bonus":"HUNDRED_GOLD","is_prod":false,"is_daily":false,"chose_seed":false,"campfire_upgraded":0,"win_rate":0,"timestamp":1553262270,"path_taken":["M","M","?","$","?","E","R","M","T","E","R","E","?","E","R","BOSS"],"build_version":"2019-01-23","purchased_purges":1,"victory":false,"max_hp_per_floor":[71,71,71,71,71,71,71,71,71,71,71,71,71,71,71,71],"card_choices":[{"not_picked":["Doom and Gloom","Coolheaded"],"picked":"Ball Lightning","floor":1},{"not_picked":["Chaos","Streamline"],"picked":"Conserve Battery","floor":2},{"not_picked":["Buffer","Static Discharge"],"picked":"Sunder","floor":6},{"not_picked":["Auto Shields","Coolheaded"],"picked":"Loop","floor":8},{"not_picked":["Turbo","Stack"],"picked":"Conserve Battery","floor":10},{"not_picked":["Hologram","Beam Cell"],"picked":"White Noise","floor":12},{"not_picked":["Compile Driver","Melter"],"picked":"Lockon","floor":14}],"player_experience":811694,"relics_obtained":[{"floor":6,"key":"Dodecahedron"},{"floor":9,"key":"Shuriken"},{"floor":10,"key":"Matryoshka"},{"floor":12,"key":"Bronze Scales"},{"floor":13,"key":"Shovel"},{"floor":14,"key":"Oddly Smooth Stone"}],"event_choices":[{"damage_healed":0,"gold_gain":75,"player_choice":"Gather Gold","damage_taken":11,"max_hp_gain":0,"max_hp_loss":0,"event_name":"World of Goop","floor":3,"gold_loss":0},{"damage_healed":17,"gold_gain":0,"player_choice":"Healed","damage_taken":0,"max_hp_gain":0,"max_hp_loss":0,"event_name":"The Cleric","floor":5,"gold_loss":35},{"damage_healed":0,"gold_gain":0,"player_choice":"Relic","damage_taken":0,"max_hp_gain":0,"max_hp_loss":0,"event_name":"Wheel of Change","floor":13,"gold_loss":0}],"is_beta":false,"boss_relics":[],"items_purged_floors":[4],"is_endless":false,"potions_floor_spawned":[1,12],"killed_by":"Slime Boss","ascension_level":19}