{"gold_per_floor":[218,168,168,185,58,58,86,11,11,24,36,65,81,100,100,198,198,178,103,27,39,58,91,91,124,149,149,183,183,183,203,203,305,305,325,325,335,353,453,482,482,168,168,168,194,194,194,194,194,194,194,194,17,51,51],"floor_reached":56,"playtime":7413,"items_purged":[],"score":1757,"play_id":"908abfde-5469-4ce7-99ce-bbd90e3a2fe9","local_time":"20190309131510","is_ascension_mode":true,"campfire_choices":[{"data":"Bash","floor":6.0,"key":"SMITH"},{"floor":15.0,"key":"REST"},{"data":"Rage","floor":24.0,"key":"SMITH"},{"data":"Sentinel","floor":27.0,"key":"SMITH"},{"floor":32.0,"key":"REST"},{"floor":47,"key":"REST"},{"floor":49,"key":"RECALL"},{"data":"Second Wind","floor":52,"key":"SMITH"}],"neow_cost":"NONE","seed_source_timestamp":0,"circlet_count":0,"master_deck":["AscendersBane","Strike_R","Strike_R","Defend_R","Defend_R","Defend_R","Bash+1","Headbutt","Disarm","Flame Barrier","Metallicize+1","Rampage","Feed","Second Wind+1","Combust+1","Dark Embrace+1","Sentinel+1","Corruption+1","Flame Barrier","Rage+1","Cleave+1","Rage","Battle Trance","Spot Weakness","Master of Strategy","Inflame+1","Headbutt+1","Master of Strategy","Writhe","Dark Shackles","Dark Shackles","Havoc","Rage"],"special_seed":0,"relics":["Burning Blood","Tiny Chest","Frozen Egg 2","The Courier","Dead Branch","Runic Pyramid","Juzu Bracelet","Ginger","Art of War","Bottled Lightning","Incense Burner","Busted Crown","Champion Belt","Pear","Vajra","Shuriken","Blood Vial","Anchor"],"potions_floor_usage":[50],"damage_taken":[{"damage":7.0,"enemies":"2 Louse","floor":1.0,"turns":3.0},{"damage":5.0,"enemies":"Small Slimes","floor":4.0,"turns":3.0},{"damage":31.0,"enemies":"Lagavulin","floor":7.0,"turns":5.0},{"damage":2.0,"enemies":"Jaw Worm","floor":10.0,"turns":6.0},{"damage":0.0,"enemies":"Lots of Slimes","floor":11.0,"turns":2.0},{"damage":25.0,"enemies":"Gremlin Nob","floor":12.0,"turns":5.0},{"damage":11.0,"enemies":"2 Fungi Beasts","floor":13.0,"turns":6.0},{"damage":6.0,"enemies":"Exordium Wildlife","floor":14.0,"turns":6.0},{"damage":17.0,"enemies":"Slime Boss","floor":16.0,"turns":8.0},{"damage":27.0,"enemies":"2 Thieves","floor":18.0,"turns":4.0},{"damage":3.0,"enemies":"Chosen","floor":21.0,"turns":3.0},{"damage":0.0,"enemies":"Snecko","floor":22.0,"turns":3.0},{"damage":34.0,"enemies":"Book of Stabbing","floor":23.0,"turns":7.0},{"damage":16.0,"enemies":"Gremlin Leader","floor":25.0,"turns":7.0},{"damage":30.0,"enemies":"Slavers","floor":28.0,"turns":4.0},{"damage":2.0,"enemies":"3 Cultists","floor":31.0,"turns":3.0},{"damage":3.0,"enemies":"Automaton","floor":33.0,"turns":9.0},{"damage":36.0,"enemies":"3 Darklings","floor":35.0,"turns":6.0},{"damage":1.0,"enemies":"3 Shapes","floor":37.0,"turns":7.0},{"damage":5.0,"enemies":"Sphere and 2 Shapes","floor":38.0,"turns":4.0},{"damage":17.0,"enemies":"Mind Bloom Boss Battle","floor":39.0,"turns":9.0},{"damage":61.0,"enemies":"Reptomancer","floor":40.0,"turns":7.0},{"damage":0,"enemies":"Giant Head","floor":45,"turns":6},{"damage":29,"enemies":"Donu and Deca","floor":50,"turns":7},{"damage":15,"enemies":"Shield and Spear","floor":54,"turns":5},{"damage":31,"enemies":"The Heart","floor":55,"turns":7}],"seed_played":"-6110515468649474203","potions_obtained":[{"floor":4.0,"key":"SkillPotion"},{"floor":10.0,"key":"Explosive Potion"},{"floor":12.0,"key":"Weak Potion"},{"floor":14.0,"key":"AttackPotion"},{"floor":18.0,"key":"Block Potion"},{"floor":21.0,"key":"Regen Potion"},{"floor":23.0,"key":"Explosive Potion"},{"floor":25.0,"key":"PowerPotion"},{"floor":38.0,"key":"Dexterity Potion"},{"floor":39.0,"key":"SteroidPotion"},{"floor":40.0,"key":"FearPotion"}],"is_trial":false,"path_per_floor":["M","?","?","M","$","R","E","$","T","M","M","E","M","M","R","B",null,"M","?","$","M","M","E","R","E","T","R","E","T","T","M","R","B",null,"M","?","M","M","?","E","?","$","T","?","E","?","R","?","R","B",null,"R","$","E","B",null],"character_chosen":"IRONCLAD","items_purchased":["Tiny Chest","Metallicize+1","Corruption+1","Warcry","Master of Strategy","Inflame+1","Vajra","Dark Shackles","Dark Shackles","Havoc"],"campfire_rested":3,"item_purchase_floors":[5,8,20,20,42,42,42,53,53,53],"current_hp_per_floor":[71,71,64,65,65,65,40,40,40,44,50,31,29,32,57,46,76,58,58,58,64,73,48,48,42,42,42,33,33,33,37,68,74,100,70,70,78,82,74,29,29,29,29,29,38,28,67,100,100,82,120,120,120,116,93],"gold":51,"neow_bonus":"HUNDRED_GOLD","is_prod":false,"is_daily":false,"chose_seed":false,"campfire_upgraded":4,"win_rate":0,"timestamp":1552155310,"path_taken":["M","?","?","M","$","R","E","$","T","M","?","E","M","?","R","BOSS","M","?","$","M","M","E","R","E","T","R","E","?","?","M","R","BOSS","M","?","M","M","?","E","?","$","T","?","E","?","R","?","R","BOSS","R","$","E","BOSS"],"build_version":"2019-01-23","purchased_purges":0,"victory":true,"max_hp_per_floor":[80,80,80,80,80,80,80,80,80,80,80,80,83,86,86,86,86,89,89,89,92,95,98,98,102,102,102,105,105,105,105,105,108,108,108,108,111,114,117,127,127,127,127,127,130,130,130,130,130,133,133,133,133,136,136],"card_choices":[{"not_picked":["Sword Boomerang","Rage"],"picked":"Headbutt","floor":1.0},{"not_picked":["Body Slam","Iron Wave"],"picked":"Disarm","floor":4.0},{"not_picked":["Blood for Blood","Intimidate"],"picked":"Flame Barrier","floor":7.0},{"not_picked":["True Grit","Dropkick"],"picked":"Rampage","floor":10.0},{"not_picked":["Clash","Fire Breathing+1"],"picked":"Feed","floor":11.0},{"not_picked":["Barricade+1","Infernal Blade"],"picked":"Second Wind","floor":12.0},{"not_picked":["Armaments","Headbutt","Reckless Charge"],"picked":"SKIP","floor":13.0},{"not_picked":["Anger","Thunderclap"],"picked":"Combust+1","floor":14.0},{"not_picked":["Exhume","Barricade+1"],"picked":"Dark Embrace+1","floor":16.0},{"not_picked":["Iron Wave+1","Wild Strike"],"picked":"Sentinel","floor":18.0},{"not_picked":["Shrug It Off","Flex+1"],"picked":"Flame Barrier","floor":21.0},{"not_picked":["Flex","Anger","Rage"],"picked":"SKIP","floor":22.0},{"not_picked":["Infernal Blade","Iron Wave"],"picked":"Rage","floor":23.0},{"not_picked":["Body Slam","Heavy Blade+1","Burning Pact+1"],"picked":"SKIP","floor":25.0},{"not_picked":["Demon Form+1","Wild Strike","Corruption+1"],"picked":"SKIP","floor":28.0},{"not_picked":["Warcry","Evolve+1"],"picked":"Cleave+1","floor":31.0},{"not_picked":[],"picked":"Rage","floor":35.0},{"not_picked":["Warcry+1"],"picked":"SKIP","floor":37.0},{"not_picked":["Flex+1"],"picked":"SKIP","floor":38.0},{"not_picked":[],"picked":"Battle Trance","floor":39.0},{"not_picked":[],"picked":"Spot Weakness","floor":40.0},{"not_picked":[],"picked":"Headbutt+1","floor":45},{"not_picked":[],"picked":"Master of Strategy","floor":46},{"not_picked":[],"picked":"Rage","floor":54}],"player_experience":1744606,"relics_obtained":[{"floor":7.0,"key":"Frozen Egg 2"},{"floor":9.0,"key":"The Courier"},{"floor":12.0,"key":"Dead Branch"},{"floor":23.0,"key":"Juzu Bracelet"},{"floor":25.0,"key":"Ginger"},{"floor":26.0,"key":"Art of War"},{"floor":28.0,"key":"Bottled Lightning"},{"floor":30.0,"key":"Incense Burner"},{"floor":39.0,"key":"Champion Belt"},{"floor":40.0,"key":"Pear"},{"floor":43.0,"key":"Shuriken"},{"floor":45,"key":"Blood Vial"},{"floor":54,"key":"Anchor"}],"event_choices":[{"cards_removed":["Strike_R"],"damage_healed":0.0,"max_hp_gain":0.0,"max_hp_loss":0.0,"gold_gain":0.0,"event_name":"The Cleric","player_choice":"Card Removal","floor":2.0,"gold_loss":50.0,"damage_taken":0.0},{"cards_removed":["Defend_R"],"damage_healed":0.0,"max_hp_gain":0.0,"max_hp_loss":0.0,"gold_gain":0.0,"event_name":"Golden Wing","player_choice":"Card Removal","floor":3.0,"gold_loss":0.0,"damage_taken":7.0},{"cards_removed":["Strike_R"],"damage_healed":0.0,"max_hp_gain":0.0,"max_hp_loss":0.0,"gold_gain":0.0,"event_name":"Beggar","player_choice":"Gave Gold","floor":19.0,"gold_loss":75.0,"damage_taken":0.0},{"cards_removed":["Strike_R"],"damage_healed":0.0,"max_hp_gain":0.0,"max_hp_loss":0.0,"gold_gain":0.0,"event_name":"Falling","player_choice":"Removed Attack","floor":36.0,"gold_loss":0.0,"damage_taken":0.0},{"damage_healed":0.0,"max_hp_gain":0.0,"max_hp_loss":0.0,"gold_gain":0.0,"event_name":"MindBloom","player_choice":"Fight","floor":39.0,"gold_loss":0.0,"damage_taken":0.0},{"damage_healed":0.0,"max_hp_gain":0.0,"max_hp_loss":0.0,"gold_gain":0.0,"event_name":"Mysterious Sphere","player_choice":"Ignored","floor":41.0,"gold_loss":0.0,"damage_taken":0.0},{"cards_removed":["Warcry"],"damage_healed":0.0,"max_hp_gain":0.0,"max_hp_loss":0.0,"gold_gain":0.0,"event_name":"Purifier","player_choice":"Purged","floor":44.0,"gold_loss":0.0,"damage_taken":0.0},{"damage_healed":0,"gold_gain":0,"player_choice":"Memory 3","damage_taken":10,"max_hp_gain":0,"max_hp_loss":0,"event_name":"SensoryStone","floor":46,"gold_loss":0},{"damage_healed":33,"gold_gain":0,"player_choice":"Writhe","damage_taken":0,"max_hp_gain":0,"max_hp_loss":0,"event_name":"Winding Halls","floor":48,"gold_loss":0,"cards_obtained":["Writhe"]}],"is_beta":false,"boss_relics":[{"not_picked":["White Beast Statue","Orrery"],"picked":"Runic Pyramid"},{"not_picked":["Eternal Feather","Lizard Tail"],"picked":"Busted Crown"}],"items_purged_floors":[],"is_endless":false,"potions_floor_spawned":[4,10,12,14,18,21,23,25,38,39,40],"ascension_level":10}