{"gold_per_floor":[113,132,146,71,89,89,123,123,123,20,39,71,87,119,119,119],"floor_reached":16,"playtime":821,"items_purged":[],"score":238,"play_id":"23b406c7-709b-4031-8aaa-08ae65d73dbc","local_time":"20190304200454","is_ascension_mode":true,"campfire_choices":[{"floor":6,"key":"REST"},{"floor":8,"key":"REST"},{"floor":15,"key":"REST"}],"neow_cost":"NONE","seed_source_timestamp":31224719177145,"circlet_count":0,"master_deck":["AscendersBane","Strike_R","Strike_R","Strike_R","Strike_R","Defend_R","Defend_R","Defend_R","Defend_R","Bash","Perfected Strike","Evolve","Fiend Fire","Anger","True Grit","Combust","Perfected Strike+1","Burning Pact","Rupture","Pommel Strike+1","Flame Barrier"],"relics":["Burning Blood","Regal Pillow","Molten Egg 2","Calipers","Happy Flower"],"potions_floor_usage":[7,12,13,14,14],"damage_taken":[{"damage":6,"enemies":"Jaw Worm","floor":1,"turns":5},{"damage":1,"enemies":"Cultist","floor":2,"turns":3},{"damage":11,"enemies":"Small Slimes","floor":3,"turns":5},{"damage":40,"enemies":"Exordium Thugs","floor":5,"turns":7},{"damage":25,"enemies":"3 Sentries","floor":7,"turns":7},{"damage":20,"enemies":"Large Slime","floor":11,"turns":7},{"damage":54,"enemies":"Lagavulin","floor":12,"turns":6},{"damage":11,"enemies":"Looter","floor":13,"turns":3},{"damage":6,"enemies":"Gremlin Nob","floor":14,"turns":3},{"damage":47,"enemies":"Slime Boss","floor":16,"turns":5}],"seed_played":"5155519168024245220","potions_obtained":[{"floor":0,"key":"Strength Potion"},{"floor":0,"key":"Regen Potion"},{"floor":2,"key":"Strength Potion"},{"floor":11,"key":"Energy Potion"},{"floor":12,"key":"Swift Potion"},{"floor":13,"key":"Strength Potion"}],"is_trial":false,"path_per_floor":["M","M","M","?","M","R","E","R","T","$","M","E","M","E","R","B"],"character_chosen":"IRONCLAD","items_purchased":["Combust","Perfected Strike+1"],"campfire_rested":3,"item_purchase_floors":[10,10],"current_hp_per_floor":[68,73,68,68,34,56,37,74,74,74,60,12,7,7,44,0],"gold":119,"neow_bonus":"THREE_SMALL_POTIONS","is_prod":false,"is_daily":false,"chose_seed":false,"campfire_upgraded":0,"win_rate":0,"timestamp":1551747894,"path_taken":["M","M","M","?","M","R","E","R","T","?","?","E","M","E","R","BOSS"],"build_version":"2019-01-23","purchased_purges":0,"victory":false,"max_hp_per_floor":[75,75,75,75,75,75,75,75,75,75,75,75,75,75,75,75],"card_choices":[{"not_picked":["Wild Strike","Hemokinesis"],"picked":"Perfected Strike","floor":1},{"not_picked":["Bloodletting","Heavy Blade"],"picked":"Evolve","floor":2},{"not_picked":["Cleave","Clash"],"picked":"Fiend Fire","floor":3},{"not_picked":["Sentinel","Seeing Red"],"picked":"Anger","floor":5},{"not_picked":["Blood for Blood","Infernal Blade"],"picked":"True Grit","floor":7},{"not_picked":["Sword Boomerang+1","Combust"],"picked":"Burning Pact","floor":11},{"not_picked":["Juggernaut","Armaments"],"picked":"Rupture","floor":12},{"not_picked":["Inflame","Shockwave"],"picked":"Pommel Strike+1","floor":13},{"not_picked":["Twin Strike+1","Body Slam+1"],"picked":"Flame Barrier","floor":14}],"player_experience":564924,"relics_obtained":[{"floor":7,"key":"Regal Pillow"},{"floor":9,"key":"Molten Egg 2"},{"floor":12,"key":"Calipers"},{"floor":14,"key":"Happy Flower"}],"event_choices":[{"cards_removed":["Strike_R"],"damage_healed":0,"gold_gain":0,"player_choice":"Card Removal","damage_taken":0,"max_hp_gain":0,"max_hp_loss":0,"event_name":"The Cleric","floor":4,"gold_loss":75}],"is_beta":false,"boss_relics":[],"items_purged_floors":[],"is_endless":false,"potions_floor_spawned":[2,11,12,13],"killed_by":"Slime Boss","ascension_level":19}