{"gold_per_floor":[114,114,114,129,54,81,94,106,187,187,187,198,198,198,198,270,270,289,204,222,234,77,77],"floor_reached":23,"playtime":636,"items_purged":["Strike_R","Strike_R"],"score":382,"play_id":"cf828177-c529-4a64-b990-9858c61f80c6","local_time":"20190322150419","is_ascension_mode":true,"campfire_choices":[{"floor":10.0,"key":"REST"},{"data":"Demon Form","floor":13.0,"key":"SMITH"},{"floor":15.0,"key":"REST"}],"neow_cost":"PERCENT_DAMAGE","seed_source_timestamp":79149703168484,"circlet_count":0,"master_deck":["AscendersBane","Strike_R","Strike_R","Defend_R","Defend_R","Defend_R","Defend_R","Bash","Demon Form+1","Iron Wave","Armaments","Fiend Fire","Clothesline","Feed","Impervious","Shrug It Off"],"special_seed":0,"relics":["Burning Blood","Dead Branch","Dodecahedron","Anchor","Cursed Key","Ornamental Fan"],"potions_floor_usage":[23],"damage_taken":[{"damage":12.0,"enemies":"Small Slimes","floor":1.0,"turns":5.0},{"damage":7.0,"enemies":"Cultist","floor":4.0,"turns":4.0},{"damage":40.0,"enemies":"3 Sentries","floor":6.0,"turns":10.0},{"damage":3.0,"enemies":"2 Louse","floor":7.0,"turns":4.0},{"damage":7.0,"enemies":"2 Fungi Beasts","floor":8.0,"turns":4.0},{"damage":6.0,"enemies":"Looter","floor":12.0,"turns":3.0},{"damage":39.0,"enemies":"Slime Boss","floor":16.0,"turns":6.0},{"damage":32.0,"enemies":"3 Byrds","floor":18.0,"turns":6.0},{"damage":16.0,"enemies":"Spheric Guardian","floor":20.0,"turns":4.0},{"damage":14,"enemies":"Snake Plant","floor":21,"turns":4},{"damage":26,"enemies":"Slavers","floor":23,"turns":3}],"seed_played":"8029040715862344570","potions_obtained":[{"floor":1.0,"key":"LiquidBronze"},{"floor":4.0,"key":"SteroidPotion"},{"floor":12.0,"key":"Swift Potion"},{"floor":16.0,"key":"SpeedPotion"},{"floor":20.0,"key":"GamblersBrew"}],"is_trial":false,"path_per_floor":["M","?","?","M","$","E","M","M","T","R","?","M","R","?","R","B",null,"M","?","M","M","$","E"],"character_chosen":"IRONCLAD","items_purchased":["Shrug It Off"],"campfire_rested":2,"item_purchase_floors":[22],"current_hp_per_floor":[44,49,49,48,48,14,17,16,16,40,40,40,40,29,53,20,65,42,42,32,24,24,0],"gold":77,"neow_bonus":"THREE_RARE_CARDS","is_prod":false,"is_daily":false,"chose_seed":false,"campfire_upgraded":1,"win_rate":0,"timestamp":1553267059,"path_taken":["M","?","?","M","$","E","M","M","T","R","?","?","R","?","R","BOSS","M","?","M","M","$","E"],"build_version":"2019-01-23","purchased_purges":2,"victory":false,"max_hp_per_floor":[75,80,80,80,80,80,80,80,80,80,80,80,80,80,80,80,80,83,83,83,83,83,83],"card_choices":[{"not_picked":["Double Tap","Juggernaut"],"picked":"Demon Form","floor":0.0},{"not_picked":["Havoc","Cleave"],"picked":"Iron Wave","floor":1.0},{"not_picked":["Sword Boomerang","Warcry"],"picked":"Armaments","floor":4.0},{"not_picked":["Impervious","Twin Strike"],"picked":"Fiend Fire","floor":6.0},{"not_picked":["Headbutt","Heavy Blade","Flex"],"picked":"SKIP","floor":7.0},{"not_picked":["Clothesline","Twin Strike","Cleave"],"picked":"SKIP","floor":8.0},{"not_picked":["Twin Strike","Cleave"],"picked":"Clothesline","floor":8.0},{"not_picked":["Sword Boomerang","Pummel"],"picked":"Feed","floor":12.0},{"not_picked":["Brutality","Exhume"],"picked":"Impervious","floor":16.0},{"not_picked":["Anger","Wild Strike","Clash"],"picked":"SKIP","floor":18.0},{"not_picked":["Whirlwind","Thunderclap","Armaments"],"picked":"SKIP","floor":20.0},{"not_picked":["Wild Strike","Rampage","Flex"],"picked":"SKIP","floor":21}],"player_experience":564754,"relics_obtained":[{"floor":6.0,"key":"Dead Branch"},{"floor":9.0,"key":"Dodecahedron"}],"event_choices":[{"damage_healed":0.0,"max_hp_gain":5.0,"max_hp_loss":0.0,"gold_gain":0.0,"event_name":"Big Fish","player_choice":"Donut","floor":2.0,"gold_loss":0.0,"damage_taken":0.0},{"damage_healed":0.0,"max_hp_gain":0.0,"max_hp_loss":0.0,"gold_gain":0.0,"event_name":"Golden Idol","player_choice":"Ignored","floor":3.0,"gold_loss":0.0,"damage_taken":0.0},{"cards_removed":["Strike_R"],"damage_healed":0.0,"max_hp_gain":0.0,"max_hp_loss":0.0,"gold_gain":0.0,"event_name":"Bonfire Elementals","player_choice":"Offered Basic","floor":11.0,"gold_loss":0.0,"damage_taken":0.0},{"damage_healed":0.0,"max_hp_gain":0.0,"max_hp_loss":0.0,"gold_gain":0.0,"event_name":"Scrap Ooze","player_choice":"Success","floor":14.0,"gold_loss":0.0,"damage_taken":11.0,"relics_obtained":["Anchor"]},{"damage_healed":0.0,"max_hp_gain":0.0,"max_hp_loss":0.0,"gold_gain":0.0,"event_name":"Addict","player_choice":"Obtained Relic","floor":19.0,"gold_loss":85.0,"damage_taken":0.0,"relics_obtained":["Ornamental Fan"]}],"is_beta":false,"boss_relics":[{"not_picked":["Ectoplasm","Black Star"],"picked":"Cursed Key"}],"items_purged_floors":[5,22],"is_endless":false,"potions_floor_spawned":[1,4,12,16,20,21],"killed_by":"Slavers","ascension_level":20}