{"gold_per_floor":[119,132,142,25,43,43,72,90,90,90,116,41,61,61,61,133,133,147,147,158,169,169,169,219,219],"floor_reached":25,"playtime":979,"items_purged":["Strike_R"],"score":430,"play_id":"61080852-ec6a-4bc0-8d97-3f61e967ce2b","local_time":"20190308155410","is_ascension_mode":true,"campfire_choices":[{"data":"Bash","floor":6.0,"key":"SMITH"},{"data":"Inflame","floor":10,"key":"SMITH"},{"data":"Body Slam","floor":15,"key":"SMITH"},{"data":"Metallicize","floor":23,"key":"SMITH"}],"neow_cost":"NONE","seed_source_timestamp":166489421937927,"circlet_count":0,"master_deck":["AscendersBane","Strike_R","Defend_R","Defend_R","Defend_R","Defend_R","Bash+1","Feed","Flame Barrier","Iron Wave","Twin Strike","Metallicize+1","Evolve","Inflame+1","Body Slam+1","Offering","Havoc+1","Thunderclap+1","Flame Barrier+1","Demon Form","Writhe"],"special_seed":0,"relics":["Burning Blood","Mercury Hourglass","Letter Opener","Astrolabe","Nloth\u0027s Gift","Toxic Egg 2"],"potions_floor_usage":[7,7,16,25],"damage_taken":[{"damage":1.0,"enemies":"Small Slimes","floor":1.0,"turns":4.0},{"damage":1.0,"enemies":"Cultist","floor":2.0,"turns":4.0},{"damage":1.0,"enemies":"2 Louse","floor":3.0,"turns":4.0},{"damage":2.0,"enemies":"Gremlin Gang","floor":5.0,"turns":7.0},{"damage":29,"enemies":"Gremlin Nob","floor":7,"turns":4},{"damage":13,"enemies":"3 Louse","floor":8,"turns":5},{"damage":29,"enemies":"Lagavulin","floor":11,"turns":6},{"damage":33,"enemies":"Exordium Thugs","floor":13,"turns":6},{"damage":25,"enemies":"Hexaghost","floor":16,"turns":9},{"damage":22,"enemies":"3 Byrds","floor":18,"turns":4},{"damage":22,"enemies":"Shell Parasite","floor":20,"turns":4},{"damage":11,"enemies":"Sentry and Sphere","floor":21,"turns":6},{"damage":45,"enemies":"Cultist and Chosen","floor":25,"turns":4}],"seed_played":"-2257882858418647303","potions_obtained":[{"floor":1.0,"key":"SkillPotion"},{"floor":3.0,"key":"SkillPotion"},{"floor":5.0,"key":"Poison Potion"},{"floor":13,"key":"Strength Potion"},{"floor":18,"key":"Dexterity Potion"},{"floor":21,"key":"Regen Potion"}],"is_trial":false,"path_per_floor":["M","M","M","$","M","R","E","M","T","R","E","$","M","?","R","B",null,"M","?","M","M","?","R","?","M"],"character_chosen":"IRONCLAD","items_purchased":["Twin Strike","Metallicize"],"campfire_rested":0,"item_purchase_floors":[4,4],"current_hp_per_floor":[76,81,84,84,87,87,64,60,60,60,37,37,10,40,40,21,73,57,57,44,42,42,42,33,0],"gold":219,"neow_bonus":"ONE_RANDOM_RARE_CARD","is_prod":false,"is_daily":false,"chose_seed":false,"campfire_upgraded":4,"win_rate":0,"timestamp":1552056850,"path_taken":["M","M","M","$","M","R","E","M","T","R","E","$","M","?","R","BOSS","M","?","?","M","?","R","?","M"],"build_version":"2019-01-23","purchased_purges":1,"victory":false,"max_hp_per_floor":[78,81,84,84,87,87,87,90,90,90,90,90,90,90,90,90,90,90,90,93,96,96,96,96,99],"card_choices":[{"not_picked":["Sword Boomerang","Infernal Blade"],"picked":"Flame Barrier","floor":1.0},{"not_picked":["Warcry","Sever Soul","Headbutt"],"picked":"SKIP","floor":2.0},{"not_picked":["Thunderclap","Clothesline"],"picked":"Iron Wave","floor":3.0},{"not_picked":["Sword Boomerang","Flex"],"picked":"Evolve","floor":5.0},{"not_picked":["Flame Barrier","Wild Strike","Fire Breathing"],"picked":"SKIP","floor":7},{"not_picked":["Disarm","Rupture"],"picked":"Inflame","floor":8},{"not_picked":["Havoc","Body Slam","Anger"],"picked":"SKIP","floor":11},{"not_picked":["Twin Strike","Headbutt"],"picked":"Body Slam","floor":13},{"not_picked":["Fiend Fire","Brutality"],"picked":"Offering","floor":16},{"not_picked":["Clash+1","Intimidate","Iron Wave"],"picked":"SKIP","floor":18},{"not_picked":["Iron Wave","Perfected Strike","Clothesline"],"picked":"SKIP","floor":20},{"not_picked":["Headbutt","Iron Wave"],"picked":"Demon Form","floor":21}],"player_experience":939733,"relics_obtained":[{"floor":7,"key":"Darkstone Periapt"},{"floor":9,"key":"Mercury Hourglass"},{"floor":11,"key":"Letter Opener"}],"event_choices":[{"damage_healed":30,"gold_gain":0,"player_choice":"Banana","damage_taken":0,"max_hp_gain":0,"max_hp_loss":0,"event_name":"Big Fish","floor":14,"gold_loss":0},{"damage_healed":0,"gold_gain":0,"player_choice":"Traded Relic","damage_taken":0,"relics_obtained":["Nloth\u0027s Gift"],"max_hp_gain":0,"max_hp_loss":0,"event_name":"N\u0027loth","floor":19,"relics_lost":["Darkstone Periapt"],"gold_loss":0},{"damage_healed":0,"gold_gain":0,"player_choice":"Opened","damage_taken":0,"relics_obtained":["Toxic Egg 2"],"max_hp_gain":0,"max_hp_loss":0,"event_name":"The Mausoleum","floor":22,"gold_loss":0,"cards_obtained":["Writhe"]},{"damage_healed":0,"gold_gain":50,"player_choice":"Touch","damage_taken":9,"max_hp_gain":0,"max_hp_loss":0,"event_name":"FaceTrader","floor":24,"gold_loss":0}],"is_beta":false,"boss_relics":[{"not_picked":["Calling Bell","Lizard Tail"],"picked":"Astrolabe"}],"items_purged_floors":[12],"is_endless":false,"potions_floor_spawned":[1,3,5,13,18,21],"killed_by":"Cultist and Chosen","ascension_level":18}