{"gold_per_floor":[361,361,373,22,33,33,68,87,87,112,132,165,184,211,211,310,310,320,320,15,15,15,15,46,121,121,151,170,199,199,527,527,625,625,641,641,651,431,431,460,136,164,164,164,190,190,204,214,214,214,214,214,89,119,119],"floor_reached":56,"playtime":4676,"items_purged":["Strike_R","Strike_R","Pain"],"score":2298,"play_id":"68008c0c-e0f4-49b2-9332-47fbc9fe0f1b","local_time":"20190313002616","is_ascension_mode":true,"campfire_choices":[{"data":"Inflame","floor":6,"key":"SMITH"},{"floor":15,"key":"REST"},{"data":"Corruption","floor":23,"key":"SMITH"},{"data":"Body Slam","floor":32,"key":"SMITH"},{"floor":44,"key":"RECALL"},{"data":"Dark Embrace","floor":46,"key":"SMITH"},{"data":"Feel No Pain","floor":49,"key":"SMITH"},{"data":"Flame Barrier","floor":52,"key":"SMITH"}],"neow_cost":"TEN_PERCENT_HP_LOSS","seed_source_timestamp":966865995266326,"circlet_count":0,"master_deck":["AscendersBane","Defend_R+1","Defend_R","Defend_R","Defend_R","Bash+1","Inflame+1","Shrug It Off","Inflame","Pummel","Iron Wave","Shrug It Off","Shrug It Off+1","Anger","Corruption+1","Body Slam+1","Reaper","Entrench+1","Combust+1","Pummel+1","Body Slam+1","Feel No Pain+1","Body Slam","Whirlwind","Pummel","Dark Embrace+1","Corruption+1","Body Slam+1","Flame Barrier+1","Impervious"],"relics":["Burning Blood","OrangePellets","Gambling Chip","Dead Branch","Dodecahedron","Boot","Pen Nib","Astrolabe","Calipers","Blue Candle","Self Forming Clay","Vajra","War Paint","Gremlin Horn","Old Coin","Philosopher\u0027s Stone","WarpedTongs","Oddly Smooth Stone","Orichalcum","Potion Belt","Meat on the Bone","Regal Pillow","Bronze Scales"],"potions_floor_usage":[12,14,29,31,31,42],"damage_taken":[{"damage":7,"enemies":"Jaw Worm","floor":1,"turns":4},{"damage":1,"enemies":"Cultist","floor":3,"turns":4},{"damage":6,"enemies":"Small Slimes","floor":5,"turns":4},{"damage":29,"enemies":"Gremlin Nob","floor":7,"turns":4},{"damage":0,"enemies":"2 Fungi Beasts","floor":8,"turns":4},{"damage":20,"enemies":"3 Sentries","floor":10,"turns":7},{"damage":4,"enemies":"Red Slaver","floor":11,"turns":4},{"damage":3,"enemies":"Lagavulin","floor":12,"turns":4},{"damage":23,"enemies":"Lots of Slimes","floor":13,"turns":5},{"damage":12,"enemies":"3 Sentries","floor":14,"turns":7},{"damage":1,"enemies":"The Guardian","floor":16,"turns":6},{"damage":0,"enemies":"Chosen","floor":18,"turns":5},{"damage":1,"enemies":"Gremlin Leader","floor":24,"turns":6},{"damage":63,"enemies":"Slavers","floor":27,"turns":8},{"damage":4,"enemies":"2 Thieves","floor":28,"turns":3},{"damage":3,"enemies":"Book of Stabbing","floor":29,"turns":4},{"damage":26,"enemies":"Gremlin Leader","floor":31,"turns":6},{"damage":3,"enemies":"Champ","floor":33,"turns":3},{"damage":10,"enemies":"Orb Walker","floor":35,"turns":3},{"damage":9,"enemies":"3 Shapes","floor":37,"turns":2},{"damage":8,"enemies":"Nemesis","floor":40,"turns":11},{"damage":2,"enemies":"Reptomancer","floor":42,"turns":4},{"damage":0,"enemies":"Giant Head","floor":45,"turns":3},{"damage":10,"enemies":"Sphere and 2 Shapes","floor":47,"turns":8},{"damage":6,"enemies":"Transient","floor":48,"turns":4},{"damage":50,"enemies":"Time Eater","floor":50,"turns":9},{"damage":1,"enemies":"Shield and Spear","floor":54,"turns":1},{"damage":1,"enemies":"The Heart","floor":55,"turns":5}],"seed_played":"8198940141632901569","potions_obtained":[{"floor":1,"key":"Ancient Potion"},{"floor":3,"key":"SteroidPotion"},{"floor":7,"key":"Block Potion"},{"floor":24,"key":"Weak Potion"},{"floor":29,"key":"EntropicBrew"},{"floor":33,"key":"Poison Potion"},{"floor":35,"key":"Block Potion"},{"floor":42,"key":"SpeedPotion"},{"floor":48,"key":"Ancient Potion"}],"is_trial":false,"path_per_floor":["M","?","M","$","M","R","E","M","T","E","M","E","M","E","R","B",null,"M","?","$","?","?","R","E","?","T","E","M","E","?","E","R","B",null,"M","?","M","$","?","E","$","E","T","R","E","R","M","M","R","B",null,"R","$","E","B",null],"character_chosen":"IRONCLAD","items_purchased":["OrangePellets","Inflame","Pummel","Calipers","Oddly Smooth Stone","Potion Belt","Flame Barrier"],"campfire_rested":1,"item_purchase_floors":[4,4,4,20,38,41,41],"current_hp_per_floor":[71,71,72,72,72,72,49,55,55,41,43,46,29,23,44,49,66,72,72,72,72,72,72,72,65,65,14,16,38,38,51,51,54,68,64,64,72,72,68,68,68,68,68,68,68,68,68,68,68,48,63,63,63,68,68],"gold":119,"neow_bonus":"TWO_FIFTY_GOLD","is_prod":false,"is_daily":false,"chose_seed":false,"campfire_upgraded":6,"win_rate":0,"timestamp":1552451176,"path_taken":["M","?","M","$","M","R","E","M","T","E","M","E","M","E","R","BOSS","M","?","$","?","?","R","E","?","T","E","?","E","?","E","R","BOSS","M","?","?","$","?","E","$","E","T","R","E","R","M","M","R","BOSS","R","$","E","BOSS"],"build_version":"2019-01-23","purchased_purges":3,"victory":true,"max_hp_per_floor":[72,72,72,72,72,72,72,72,72,72,72,72,72,72,72,72,72,72,72,72,72,72,72,72,72,72,72,72,72,72,72,72,72,72,72,72,72,72,68,68,68,68,68,68,68,68,68,68,68,68,68,68,68,68,68],"card_choices":[{"not_picked":["Pummel","Armaments"],"picked":"Inflame","floor":1},{"not_picked":["Havoc","Second Wind"],"picked":"Shrug It Off","floor":3},{"not_picked":["Wild Strike","Havoc"],"picked":"Iron Wave","floor":5},{"not_picked":["Warcry","Clothesline"],"picked":"Shrug It Off","floor":7},{"not_picked":["Heavy Blade","Power Through"],"picked":"Shrug It Off","floor":8},{"not_picked":["Twin Strike","Thunderclap"],"picked":"Anger","floor":10},{"not_picked":["Pommel Strike","Berserk","Warcry"],"picked":"SKIP","floor":11},{"not_picked":["Clothesline","Shrug It Off"],"picked":"Corruption","floor":12},{"not_picked":["Perfected Strike","Spot Weakness","Clash"],"picked":"SKIP","floor":13},{"not_picked":["Iron Wave","Infernal Blade"],"picked":"Body Slam","floor":14},{"not_picked":["Bludgeon","Impervious"],"picked":"Reaper","floor":16},{"not_picked":["Pommel Strike","Wild Strike"],"picked":"Body Slam+1","floor":18},{"not_picked":["Reckless Charge+1","Combust+1"],"picked":"Feel No Pain","floor":24},{"not_picked":["Twin Strike","Offering"],"picked":"Body Slam","floor":27},{"not_picked":["True Grit","Armaments"],"picked":"Whirlwind","floor":28},{"not_picked":["Warcry","True Grit","Blood for Blood"],"picked":"SKIP","floor":29},{"not_picked":["Shrug It Off","Thunderclap"],"picked":"Pummel","floor":31},{"not_picked":["Limit Break","Double Tap"],"picked":"Dark Embrace","floor":33},{"not_picked":["Intimidate","Clothesline"],"picked":"Corruption+1","floor":35},{"not_picked":["Clash","True Grit","Heavy Blade+1"],"picked":"SKIP","floor":37},{"not_picked":["Combust+1","Perfected Strike"],"picked":"Body Slam+1","floor":40},{"not_picked":["Warcry+1","Flex","Double Tap"],"picked":"SKIP","floor":42},{"not_picked":["Anger+1","Perfected Strike","Bloodletting+1"],"picked":"SKIP","floor":45},{"not_picked":["Twin Strike+1","True Grit+1","Clash+1"],"picked":"SKIP","floor":47},{"not_picked":["Dual Wield","Sword Boomerang","Perfected Strike+1"],"picked":"SKIP","floor":48},{"not_picked":["Shrug It Off+1","Clothesline"],"picked":"Impervious","floor":54}],"player_experience":1839654,"relics_obtained":[{"floor":7,"key":"Gambling Chip"},{"floor":9,"key":"Dead Branch"},{"floor":10,"key":"Dodecahedron"},{"floor":12,"key":"Boot"},{"floor":14,"key":"Pen Nib"},{"floor":24,"key":"Self Forming Clay"},{"floor":26,"key":"Vajra"},{"floor":27,"key":"War Paint"},{"floor":29,"key":"Gremlin Horn"},{"floor":31,"key":"Old Coin"},{"floor":40,"key":"Orichalcum"},{"floor":42,"key":"Meat on the Bone"},{"floor":45,"key":"Regal Pillow"},{"floor":54,"key":"Bronze Scales"}],"event_choices":[{"damage_healed":0,"gold_gain":0,"player_choice":"Upgraded","damage_taken":0,"max_hp_gain":0,"max_hp_loss":0,"event_name":"Upgrade Shrine","floor":2,"gold_loss":0,"cards_upgraded":["Bash"]},{"damage_healed":0,"gold_gain":0,"player_choice":"Ignored","damage_taken":0,"max_hp_gain":0,"max_hp_loss":0,"event_name":"Vampires","floor":19,"gold_loss":0},{"damage_healed":0,"gold_gain":0,"player_choice":"Ignored","damage_taken":0,"max_hp_gain":0,"max_hp_loss":0,"event_name":"Beggar","floor":21,"gold_loss":0},{"damage_healed":0,"gold_gain":0,"player_choice":"Opened","damage_taken":0,"relics_obtained":["Blue Candle"],"max_hp_gain":0,"max_hp_loss":0,"event_name":"The Mausoleum","floor":22,"gold_loss":0},{"damage_healed":0,"gold_gain":75,"player_choice":"Touch","damage_taken":7,"max_hp_gain":0,"max_hp_loss":0,"event_name":"FaceTrader","floor":25,"gold_loss":0},{"damage_healed":0,"gold_gain":0,"player_choice":"Ignored","damage_taken":0,"max_hp_gain":0,"max_hp_loss":0,"event_name":"Ghosts","floor":30,"gold_loss":0},{"damage_healed":0,"gold_gain":0,"player_choice":"Rummage","damage_taken":0,"relics_obtained":["WarpedTongs"],"max_hp_gain":0,"max_hp_loss":0,"event_name":"Accursed Blacksmith","floor":36,"gold_loss":0,"cards_obtained":["Pain"]},{"damage_healed":0,"gold_gain":0,"player_choice":"Max HP","damage_taken":0,"max_hp_gain":0,"max_hp_loss":4,"event_name":"Winding Halls","floor":39,"gold_loss":0}],"is_beta":false,"boss_relics":[{"not_picked":["Calling Bell","Cursed Key"],"picked":"Astrolabe"},{"not_picked":["Tiny House","Mark of Pain"],"picked":"Philosopher\u0027s Stone"}],"items_purged_floors":[38,41,53],"is_endless":false,"potions_floor_spawned":[1,3,7,11,24,29,33,35,42,48],"ascension_level":11}