{"gold_per_floor":[112,187,187,6,21,21,21,21,21,55,69,101,101,132,132,132],"floor_reached":16,"playtime":541,"items_purged":["Strike_G"],"score":226,"play_id":"d381bf1e-1fd6-4249-9ccc-bfb512632b79","local_time":"20190125165650","is_ascension_mode":true,"campfire_choices":[{"data":"Cloak And Dagger","floor":6,"key":"SMITH"},{"data":"Terror","floor":8,"key":"SMITH"},{"floor":15,"key":"REST"}],"neow_cost":"NONE","seed_source_timestamp":75702624625991,"circlet_count":0,"master_deck":["AscendersBane","Defend_G","Defend_G","Defend_G","Defend_G","Defend_G","Strike_G","Strike_G","Strike_G","Strike_G","Survivor","Neutralize+1","Terror+1","Sucker Punch","Backflip","Cloak And Dagger+1","Dagger Throw","Flying Knee","Footwork","Leg Sweep"],"relics":["Ring of the Snake","Anchor","Dodecahedron","Pantograph","Juzu Bracelet"],"potions_floor_usage":[5,10,10,10,12,14],"damage_taken":[{"damage":0,"enemies":"2 Louse","floor":1,"turns":5},{"damage":2,"enemies":"Small Slimes","floor":5,"turns":4},{"damage":6,"enemies":"Gremlin Nob","floor":10,"turns":3},{"damage":0,"enemies":"Cultist","floor":11,"turns":3},{"damage":11,"enemies":"Lagavulin","floor":12,"turns":5},{"damage":19,"enemies":"Gremlin Nob","floor":14,"turns":5},{"damage":62,"enemies":"Hexaghost","floor":16,"turns":15}],"seed_played":"1298040579079493522","potions_obtained":[{"floor":1,"key":"Energy Potion"},{"floor":7,"key":"Fire Potion"},{"floor":7,"key":"EntropicBrew"},{"floor":10,"key":"Explosive Potion"}],"is_trial":false,"path_per_floor":["M","?","?","$","M","R","?","R","T","E","M","E","$","E","R","B"],"character_chosen":"THE_SILENT","items_purchased":["Sucker Punch","Backflip"],"campfire_rested":1,"item_purchase_floors":[4,4],"current_hp_per_floor":[59,48,53,53,51,51,51,51,51,45,45,34,34,15,36,0],"gold":132,"neow_bonus":"UPGRADE_CARD","is_prod":false,"is_daily":false,"chose_seed":false,"campfire_upgraded":2,"win_rate":0,"timestamp":1548435410,"path_taken":["M","?","?","$","M","R","?","R","T","E","?","E","$","E","R","BOSS"],"build_version":"2019-01-23","purchased_purges":1,"victory":false,"max_hp_per_floor":[66,66,71,71,71,71,71,71,71,71,71,71,71,71,71,71],"card_choices":[{"not_picked":["Escape Plan","Expertise"],"picked":"Terror","floor":1},{"not_picked":["Accuracy","Bane"],"picked":"Cloak And Dagger","floor":5},{"not_picked":["Choke","Tactician"],"picked":"Dagger Throw","floor":10},{"not_picked":["Blur","Masterful Stab"],"picked":"Flying Knee","floor":11},{"not_picked":["Acrobatics","Leg Sweep"],"picked":"Footwork","floor":12},{"not_picked":["Deadly Poison","Riddle With Holes"],"picked":"Leg Sweep","floor":14}],"player_experience":515421,"relics_obtained":[{"floor":9,"key":"Anchor"},{"floor":10,"key":"Dodecahedron"},{"floor":12,"key":"Pantograph"},{"floor":14,"key":"Juzu Bracelet"}],"event_choices":[{"damage_healed":0,"gold_gain":75,"player_choice":"Gather Gold","damage_taken":11,"max_hp_gain":0,"max_hp_loss":0,"event_name":"World of Goop","floor":2,"gold_loss":0},{"damage_healed":0,"gold_gain":0,"player_choice":"Donut","damage_taken":0,"max_hp_gain":5,"max_hp_loss":0,"event_name":"Big Fish","floor":3,"gold_loss":0},{"damage_healed":0,"gold_gain":0,"player_choice":"Got Potions","damage_taken":0,"max_hp_gain":0,"max_hp_loss":0,"event_name":"Lab","floor":7,"gold_loss":0}],"is_beta":false,"boss_relics":[],"items_purged_floors":[4],"is_endless":false,"potions_floor_spawned":[1,10],"killed_by":"Hexaghost","ascension_level":19}