{"gold_per_floor":[110,127,24,41,51,51,76,76,76,76,88,101,21,46,46,123,123,123,123,123,123,17,17,17,17],"floor_reached":25,"playtime":891,"items_purged":["Strike_R"],"score":447,"play_id":"28fb7ebe-2f51-46c1-90bc-52ce31372a78","local_time":"20190323105235","is_ascension_mode":true,"campfire_choices":[{"data":"Searing Blow","floor":6.0,"key":"SMITH"},{"data":"Searing Blow+1","floor":8.0,"key":"SMITH"},{"data":"Searing Blow+2","floor":10.0,"key":"SMITH"},{"data":"Searing Blow+3","floor":15.0,"key":"SMITH"},{"data":"Whirlwind","floor":24.0,"key":"SMITH"}],"neow_cost":"NONE","seed_source_timestamp":257539545416894,"circlet_count":0,"master_deck":["AscendersBane","Strike_R","Strike_R+1","Strike_R","Strike_R","Defend_R","Defend_R","Defend_R","Defend_R","Bash+1","Dropkick","Iron Wave","Pommel Strike","Searing Blow+4","Reaper","Shrug It Off","Shrug It Off","True Grit","Battle Trance","Barricade","Shrug It Off","Whirlwind+1","Headbutt","Immolate"],"special_seed":0,"relics":["Burning Blood","Whetstone","Pantograph","Shuriken","Art of War","Ectoplasm","Bronze Scales"],"potions_floor_usage":[],"damage_taken":[{"damage":1.0,"enemies":"Cultist","floor":1.0,"turns":3.0},{"damage":0.0,"enemies":"2 Louse","floor":2.0,"turns":2.0},{"damage":2.0,"enemies":"Small Slimes","floor":4.0,"turns":4.0},{"damage":11.0,"enemies":"Blue Slaver","floor":5.0,"turns":3.0},{"damage":8.0,"enemies":"Gremlin Nob","floor":7.0,"turns":3.0},{"damage":8.0,"enemies":"Large Slime","floor":11.0,"turns":4.0},{"damage":14.0,"enemies":"Exordium Thugs","floor":12.0,"turns":6.0},{"damage":13.0,"enemies":"3 Sentries","floor":14.0,"turns":7.0},{"damage":17.0,"enemies":"Slime Boss","floor":16.0,"turns":7.0},{"damage":23.0,"enemies":"Shell Parasite","floor":18.0,"turns":6.0},{"damage":16.0,"enemies":"Spheric Guardian","floor":19.0,"turns":5.0},{"damage":29.0,"enemies":"Snecko","floor":20.0,"turns":5.0},{"damage":0.0,"enemies":"Centurion and Healer","floor":21.0,"turns":5.0},{"damage":23.0,"enemies":"Book of Stabbing","floor":23.0,"turns":4.0},{"damage":59,"enemies":"Chosen and Byrds","floor":25,"turns":5}],"seed_played":"5340976532091108991","potions_obtained":[{"floor":1.0,"key":"Strength Potion"},{"floor":2.0,"key":"Fire Potion"},{"floor":7.0,"key":"Energy Potion"},{"floor":21.0,"key":"SkillPotion"}],"is_trial":false,"path_per_floor":["M","M","$","M","M","R","E","R","T","R","M","M","$","E","R","B",null,"M","M","M","M","$","E","R","M"],"character_chosen":"IRONCLAD","items_purchased":["Iron Wave","Shrug It Off","True Grit","Headbutt","PowerPotion"],"campfire_rested":0,"item_purchase_floors":[3,13,13,22,22],"current_hp_per_floor":[73,75,75,75,70,70,68,68,68,68,66,58,58,51,51,64,72,61,51,35,44,44,33,33,0],"gold":17,"neow_bonus":"RANDOM_COMMON_RELIC","is_prod":false,"is_daily":false,"chose_seed":false,"campfire_upgraded":5,"win_rate":0,"timestamp":1553334755,"path_taken":["M","M","$","M","M","R","E","R","T","R","M","M","$","E","R","BOSS","M","?","M","M","$","E","R","M"],"build_version":"2019-01-23","purchased_purges":1,"victory":false,"max_hp_per_floor":[75,75,75,75,75,75,75,75,75,75,75,75,75,75,75,75,75,75,75,75,75,75,75,75,75],"card_choices":[{"not_picked":["Blood for Blood","Flex","Intimidate"],"picked":"SKIP","floor":1.0},{"not_picked":["Heavy Blade","Havoc"],"picked":"Dropkick","floor":2.0},{"not_picked":["Ghostly Armor","Perfected Strike"],"picked":"Pommel Strike","floor":4.0},{"not_picked":["Cleave","Carnage"],"picked":"Searing Blow","floor":5.0},{"not_picked":["True Grit","Burning Pact"],"picked":"Reaper","floor":7.0},{"not_picked":["Clash","Warcry"],"picked":"Shrug It Off","floor":11.0},{"not_picked":["Feel No Pain","Clash","Corruption"],"picked":"SKIP","floor":12.0},{"not_picked":["Body Slam","Havoc"],"picked":"Battle Trance","floor":14.0},{"not_picked":["Brutality","Dark Embrace"],"picked":"Barricade","floor":16.0},{"not_picked":["Flex","Rampage+1","Havoc"],"picked":"SKIP","floor":18.0},{"not_picked":["Rage","Pommel Strike"],"picked":"Shrug It Off","floor":19.0},{"not_picked":["Sentinel","Anger+1","Wild Strike"],"picked":"SKIP","floor":20.0},{"not_picked":["Combust","Havoc"],"picked":"Whirlwind","floor":21.0},{"not_picked":["Disarm","Rage"],"picked":"Immolate","floor":23.0}],"player_experience":1088185,"relics_obtained":[{"floor":7.0,"key":"Pantograph"},{"floor":9.0,"key":"Shuriken"},{"floor":14.0,"key":"Art of War"},{"floor":23.0,"key":"Bronze Scales"}],"event_choices":[],"is_beta":false,"boss_relics":[{"not_picked":["Runic Cube","Eternal Feather"],"picked":"Ectoplasm"}],"items_purged_floors":[3],"is_endless":false,"potions_floor_spawned":[1,2,7,21],"killed_by":"Chosen and Byrds","ascension_level":18}