{"gold_per_floor":[113,130,130,140,152,152,180,105,105,105,5,30,50,50,50,126,126,140,160,110,210,210,235,235,246,246,246,263,50,50,50,50,123,123,139,139,139,159,171,171,203,203,256,256,281,281,296,330,330,330],"floor_reached":50,"playtime":1836,"items_purged":["Normality","Strike_R","Strike_R"],"score":1162,"play_id":"022319c3-da3d-4aa1-8732-6e23cd599f6d","local_time":"20190304210607","is_ascension_mode":true,"campfire_choices":[{"data":"Wild Strike","floor":6.0,"key":"SMITH"},{"data":"Metallicize","floor":10.0,"key":"SMITH"},{"data":"Bash","floor":15.0,"key":"SMITH"},{"data":"Inflame","floor":24.0,"key":"SMITH"},{"data":"Bludgeon","floor":27.0,"key":"SMITH"},{"floor":32.0,"key":"REST"},{"data":"Armaments","floor":40.0,"key":"SMITH"},{"data":"Evolve","floor":42.0,"key":"SMITH"},{"floor":49.0,"key":"REST"}],"neow_cost":"CURSE","seed_source_timestamp":371952682328254,"circlet_count":0,"master_deck":["AscendersBane","Strike_R","Strike_R","Defend_R","Defend_R","Defend_R+1","Defend_R","Bash+1","Uppercut+1","Wild Strike+1","Metallicize+1","Shockwave+1","Evolve+1","Bludgeon+1","Reckless Charge","Armaments+1","True Grit","Inflame+1","Disarm","Impervious","Double Tap","Twin Strike+1","True Grit+1","Doubt","Doubt","Demon Form"],"special_seed":0,"relics":["Burning Blood","Thread and Needle","War Paint","Sundial","Ginger","Snecko Eye","Pocketwatch","Mercury Hourglass","Enchiridion","Potion Belt","Mummified Hand","Cursed Key","Pantograph","Oddly Smooth Stone","Charon\u0027s Ashes","Darkstone Periapt"],"potions_floor_usage":[50,50],"damage_taken":[{"damage":7.0,"enemies":"Jaw Worm","floor":1.0,"turns":6.0},{"damage":0.0,"enemies":"Cultist","floor":2.0,"turns":3.0},{"damage":7.0,"enemies":"Small Slimes","floor":4.0,"turns":4.0},{"damage":0.0,"enemies":"Blue Slaver","floor":5.0,"turns":4.0},{"damage":34.0,"enemies":"Lagavulin","floor":7.0,"turns":7.0},{"damage":13.0,"enemies":"3 Sentries","floor":12.0,"turns":7.0},{"damage":0.0,"enemies":"Looter","floor":13.0,"turns":3.0},{"damage":11.0,"enemies":"The Guardian","floor":16.0,"turns":12.0},{"damage":0.0,"enemies":"Spheric Guardian","floor":18.0,"turns":3.0},{"damage":16.0,"enemies":"3 Byrds","floor":19.0,"turns":4.0},{"damage":0.0,"enemies":"Colosseum Slavers","floor":21.0,"turns":3.0},{"damage":10.0,"enemies":"Colosseum Nobs","floor":21.0,"turns":4.0},{"damage":14.0,"enemies":"Gremlin Leader","floor":23.0,"turns":5.0},{"damage":0.0,"enemies":"Snecko","floor":25.0,"turns":3.0},{"damage":1.0,"enemies":"Centurion and Healer","floor":28.0,"turns":3.0},{"damage":55.0,"enemies":"Automaton","floor":33.0,"turns":11.0},{"damage":0.0,"enemies":"3 Shapes","floor":35.0,"turns":3.0},{"damage":6.0,"enemies":"3 Darklings","floor":38.0,"turns":3.0},{"damage":2.0,"enemies":"Writhing Mass","floor":39.0,"turns":4.0},{"damage":31.0,"enemies":"Reptomancer","floor":41.0,"turns":5.0},{"damage":26.0,"enemies":"Giant Head","floor":45.0,"turns":7.0},{"damage":0.0,"enemies":"Sphere and 2 Shapes","floor":47.0,"turns":3.0},{"damage":27.0,"enemies":"Nemesis","floor":48.0,"turns":7.0},{"damage":75,"enemies":"Awakened One","floor":50,"turns":10}],"seed_played":"5682376973266821366","potions_obtained":[{"floor":2.0,"key":"FairyPotion"},{"floor":4.0,"key":"FairyPotion"},{"floor":13.0,"key":"Swift Potion"},{"floor":18.0,"key":"Strength Potion"},{"floor":25.0,"key":"Block Potion"},{"floor":33.0,"key":"FearPotion"},{"floor":39.0,"key":"Dexterity Potion"},{"floor":41.0,"key":"Weak Potion"},{"floor":48.0,"key":"SteroidPotion"}],"is_trial":false,"path_per_floor":["M","M","?","M","M","R","E","$","T","R","$","E","M","?","R","B",null,"M","M","$","?","?","E","R","M","T","R","M","$","?","$","R","B",null,"M","?","?","M","M","R","E","R","T","?","E","?","M","E","R","B"],"character_chosen":"IRONCLAD","items_purchased":["True Grit","Impervious"],"campfire_rested":2,"item_purchase_floors":[20,29],"current_hp_per_floor":[67,73,73,72,75,75,47,47,47,47,47,40,46,46,46,41,67,73,63,63,65,44,36,36,42,42,42,47,47,47,47,69,20,61,67,67,67,67,71,71,46,46,46,46,26,71,71,50,71,0],"gold":330,"neow_bonus":"ONE_RARE_RELIC","is_prod":false,"is_daily":false,"chose_seed":false,"campfire_upgraded":7,"win_rate":0,"timestamp":1551733567,"path_taken":["M","M","?","?","M","R","E","$","T","R","$","E","M","?","R","BOSS","M","M","$","?","?","E","R","M","T","R","M","$","?","$","R","BOSS","M","?","?","?","M","R","E","R","T","?","E","?","M","E","R","BOSS"],"build_version":"2019-01-23","purchased_purges":3,"victory":false,"max_hp_per_floor":[75,75,75,75,75,75,75,75,75,75,75,75,75,75,75,75,75,75,75,75,75,75,75,75,75,75,75,75,75,75,75,75,75,75,75,75,71,71,71,71,71,71,71,71,71,71,71,71,71,71],"card_choices":[{"not_picked":["Cleave","Sever Soul"],"picked":"Uppercut","floor":1.0},{"not_picked":["Perfected Strike","Armaments"],"picked":"Wild Strike","floor":2.0},{"not_picked":["Clash","Fire Breathing"],"picked":"Metallicize","floor":4.0},{"not_picked":["Havoc","Sword Boomerang","Pommel Strike"],"picked":"SKIP","floor":5.0},{"not_picked":["Whirlwind","Cleave"],"picked":"Shockwave","floor":7.0},{"not_picked":["Thunderclap","Headbutt"],"picked":"Evolve","floor":12.0},{"not_picked":["Second Wind","Warcry","Perfected Strike"],"picked":"SKIP","floor":13.0},{"not_picked":["Barricade","Feed"],"picked":"Bludgeon","floor":16.0},{"not_picked":["Pommel Strike+1","Flex+1"],"picked":"Reckless Charge","floor":18.0},{"not_picked":["Sever Soul","Pommel Strike"],"picked":"Armaments","floor":19.0},{"not_picked":["Body Slam","Wild Strike"],"picked":"Inflame","floor":23.0},{"not_picked":["Shockwave","Second Wind+1"],"picked":"Disarm","floor":25.0},{"not_picked":["Whirlwind","Sword Boomerang","Headbutt+1"],"picked":"SKIP","floor":28.0},{"not_picked":["Dark Embrace","Fiend Fire"],"picked":"Double Tap","floor":33.0},{"not_picked":["Seeing Red","True Grit","Sword Boomerang"],"picked":"SKIP","floor":35.0},{"not_picked":["Clothesline","Armaments"],"picked":"Twin Strike+1","floor":38.0},{"not_picked":["Havoc+1","Sever Soul","Dropkick"],"picked":"SKIP","floor":39.0},{"not_picked":["Heavy Blade+1","Perfected Strike"],"picked":"True Grit+1","floor":41.0},{"not_picked":["Bludgeon","Clothesline","Body Slam"],"picked":"SKIP","floor":45.0},{"not_picked":["Rupture+1","Pommel Strike","Headbutt+1"],"picked":"SKIP","floor":47.0},{"not_picked":["Pommel Strike","Wild Strike"],"picked":"Demon Form","floor":48.0}],"player_experience":544895,"relics_obtained":[{"floor":7.0,"key":"War Paint"},{"floor":9.0,"key":"Sundial"},{"floor":12.0,"key":"Ginger"},{"floor":21.0,"key":"Pocketwatch"},{"floor":21.0,"key":"Mercury Hourglass"},{"floor":22.0,"key":"Enchiridion"},{"floor":23.0,"key":"Potion Belt"},{"floor":26.0,"key":"Mummified Hand"},{"floor":41.0,"key":"Pantograph"},{"floor":43.0,"key":"Oddly Smooth Stone"},{"floor":45.0,"key":"Charon\u0027s Ashes"},{"floor":48.0,"key":"Darkstone Periapt"}],"event_choices":[{"damage_healed":0.0,"max_hp_gain":0.0,"max_hp_loss":0.0,"gold_gain":0.0,"event_name":"Accursed Blacksmith","player_choice":"Forge","floor":3.0,"gold_loss":0.0,"damage_taken":0.0,"cards_upgraded":["Uppercut"]},{"damage_healed":0.0,"max_hp_gain":0.0,"max_hp_loss":0.0,"gold_gain":0.0,"event_name":"Golden Idol","player_choice":"Ignored","floor":14.0,"gold_loss":0.0,"damage_taken":0.0},{"damage_healed":0.0,"max_hp_gain":0.0,"max_hp_loss":0.0,"gold_gain":0.0,"event_name":"Colosseum","player_choice":"Fight","floor":21.0,"gold_loss":0.0,"damage_taken":0.0},{"damage_healed":0.0,"max_hp_gain":0.0,"max_hp_loss":0.0,"gold_gain":0.0,"event_name":"Colosseum","player_choice":"Fought Nobs","floor":21.0,"gold_loss":0.0,"damage_taken":0.0},{"damage_healed":0.0,"max_hp_gain":0.0,"max_hp_loss":0.0,"gold_gain":0.0,"event_name":"Cursed Tome","player_choice":"Obtained Book","floor":22.0,"gold_loss":0.0,"damage_taken":21.0},{"damage_healed":0.0,"max_hp_gain":0.0,"max_hp_loss":0.0,"gold_gain":0.0,"event_name":"FaceTrader","player_choice":"Leave","floor":30.0,"gold_loss":0.0,"damage_taken":0.0},{"damage_healed":0.0,"max_hp_gain":0.0,"max_hp_loss":0.0,"gold_gain":0.0,"event_name":"SensoryStone","player_choice":"Memory 1","floor":36.0,"gold_loss":0.0,"damage_taken":0.0},{"damage_healed":0.0,"max_hp_gain":0.0,"max_hp_loss":4.0,"gold_gain":0.0,"event_name":"Winding Halls","player_choice":"Max HP","floor":37.0,"gold_loss":0.0,"damage_taken":0.0},{"cards_removed":["Strike_R"],"damage_healed":0.0,"max_hp_gain":0.0,"max_hp_loss":0.0,"gold_gain":0.0,"event_name":"Falling","player_choice":"Removed Attack","floor":44.0,"gold_loss":0.0,"damage_taken":0.0},{"damage_healed":45.0,"max_hp_gain":0.0,"max_hp_loss":0.0,"gold_gain":0.0,"event_name":"MindBloom","player_choice":"Heal","floor":46.0,"gold_loss":0.0,"damage_taken":0.0,"cards_obtained":["Doubt"]}],"is_beta":false,"boss_relics":[{"not_picked":["White Beast Statue","Philosopher\u0027s Stone"],"picked":"Snecko Eye"},{"not_picked":["Astrolabe","Fusion Hammer"],"picked":"Cursed Key"}],"items_purged_floors":[8,11,29],"is_endless":false,"potions_floor_spawned":[2,4,13,18,19,25,33,39,41,48],"killed_by":"Awakened One","ascension_level":20}