{"gold_per_floor":[109,109,125,135,310,342,342,342],"floor_reached":8,"playtime":299,"items_purged":[],"score":87,"play_id":"8aa5007d-cfcc-49de-93f0-fcf6b2761c44","local_time":"20190319160613","is_ascension_mode":true,"campfire_choices":[{"floor":7,"key":"REST"}],"neow_cost":"NONE","seed_source_timestamp":511218123402408,"circlet_count":0,"master_deck":["AscendersBane","Defend_G","Defend_G","Defend_G","Defend_G","Defend_G","Strike_G","Strike_G","Strike_G","Strike_G","Strike_G","Survivor","Neutralize+1","Prepared","Dodge and Roll","After Image","Doubt","Dagger Throw"],"relics":["Ring of the Snake","Question Card"],"potions_floor_usage":[6],"damage_taken":[{"damage":4,"enemies":"Small Slimes","floor":1,"turns":5},{"damage":0,"enemies":"Jaw Worm","floor":3,"turns":6},{"damage":0,"enemies":"Cultist","floor":4,"turns":4},{"damage":56,"enemies":"Lagavulin","floor":6,"turns":15},{"damage":35,"enemies":"Gremlin Nob","floor":8,"turns":5}],"seed_played":"-2938930233985030514","potions_obtained":[{"floor":3,"key":"Fire Potion"}],"is_trial":false,"path_per_floor":["M","?","M","M","?","E","R","E"],"character_chosen":"THE_SILENT","items_purchased":[],"campfire_rested":1,"item_purchase_floors":[],"current_hp_per_floor":[66,66,66,66,66,10,33,0],"gold":342,"neow_bonus":"TEN_PERCENT_HP_BONUS","is_prod":false,"is_daily":false,"chose_seed":false,"campfire_upgraded":0,"win_rate":0,"timestamp":1553004373,"path_taken":["M","?","M","M","?","E","R","E"],"build_version":"2019-01-23","purchased_purges":0,"victory":false,"max_hp_per_floor":[77,77,77,77,77,77,77,77],"card_choices":[{"not_picked":["Dagger Throw","PiercingWail"],"picked":"Prepared","floor":1},{"not_picked":["Dagger Spray","Dagger Throw"],"picked":"Dodge and Roll","floor":3},{"not_picked":["Choke","Underhanded Strike"],"picked":"After Image","floor":4},{"not_picked":["Setup","Prepared"],"picked":"Dagger Throw","floor":6}],"player_experience":800100,"relics_obtained":[{"floor":6,"key":"Question Card"}],"event_choices":[{"damage_healed":0,"gold_gain":0,"player_choice":"Grow","damage_taken":0,"max_hp_gain":0,"max_hp_loss":0,"event_name":"Living Wall","floor":2,"gold_loss":0,"cards_upgraded":["Neutralize"]},{"damage_healed":0,"gold_gain":175,"player_choice":"AGREE","damage_taken":0,"max_hp_gain":0,"max_hp_loss":0,"event_name":"Liars Game","floor":5,"gold_loss":0,"cards_obtained":["Doubt"]}],"is_beta":false,"boss_relics":[],"items_purged_floors":[],"is_endless":false,"potions_floor_spawned":[3],"killed_by":"Gremlin Nob","ascension_level":11}