{"gold_per_floor":[113,140,140,140,150,150,172,172,172,172,186,215,17,36,36,36],"floor_reached":16,"playtime":434,"items_purged":[],"score":162,"play_id":"6b0d7a7d-f139-4690-a6a8-4877d309ecaf","local_time":"20190322182718","is_ascension_mode":true,"campfire_choices":[{"floor":6,"key":"REST"},{"data":"True Grit","floor":8,"key":"SMITH"},{"floor":10,"key":"REST"},{"data":"Limit Break","floor":15,"key":"SMITH"}],"neow_cost":"NONE","seed_source_timestamp":12967000246375,"circlet_count":0,"master_deck":["AscendersBane","Strike_R","Strike_R","Strike_R","Strike_R","Strike_R","Defend_R","Defend_R","Defend_R+1","Defend_R","Bash+1","Flex","True Grit+1","Sword Boomerang","Iron Wave","Limit Break+1","Uppercut","Body Slam"],"relics":["Burning Blood","Potion Belt","Calipers","Odd Mushroom","Bottled Lightning","Singing Bowl"],"potions_floor_usage":[7,12,16],"damage_taken":[{"damage":14,"enemies":"Cultist","floor":1,"turns":5},{"damage":7,"enemies":"Small Slimes","floor":5,"turns":3},{"damage":12,"enemies":"The Mushroom Lair","floor":7,"turns":6},{"damage":2,"enemies":"Jaw Worm","floor":11,"turns":3},{"damage":55,"enemies":"3 Sentries","floor":12,"turns":11},{"damage":4,"enemies":"Exordium Wildlife","floor":14,"turns":3},{"damage":51,"enemies":"Slime Boss","floor":16,"turns":7}],"seed_played":"-2802709523039589357","potions_obtained":[{"floor":5,"key":"Weak Potion"},{"floor":7,"key":"EssenceOfSteel"},{"floor":14,"key":"EssenceOfSteel"}],"is_trial":false,"path_per_floor":["M","T","?","?","M","R","?","R","T","R","M","E","$","M","R","B"],"character_chosen":"IRONCLAD","items_purchased":["Limit Break","Uppercut"],"campfire_rested":2,"item_purchase_floors":[13,13],"current_hp_per_floor":[72,72,54,36,35,61,55,55,55,81,85,38,38,40,40,0],"gold":36,"neow_bonus":"TEN_PERCENT_HP_BONUS","is_prod":false,"is_daily":false,"chose_seed":false,"campfire_upgraded":2,"win_rate":0,"timestamp":1553272038,"path_taken":["M","?","?","?","M","R","?","R","T","R","M","E","$","M","R","BOSS"],"build_version":"2019-01-23","purchased_purges":0,"victory":false,"max_hp_per_floor":[88,88,88,88,88,88,88,88,88,88,88,90,90,90,90,90],"card_choices":[{"not_picked":["Thunderclap","Blood for Blood"],"picked":"Flex","floor":1},{"not_picked":["Headbutt","Pommel Strike"],"picked":"True Grit","floor":5},{"not_picked":["True Grit","Pummel"],"picked":"Sword Boomerang","floor":7},{"not_picked":["Fire Breathing","Twin Strike"],"picked":"Iron Wave","floor":11},{"not_picked":["Flex","Shockwave","Wild Strike"],"picked":"Singing Bowl","floor":12},{"not_picked":["Second Wind","Wild Strike"],"picked":"Body Slam","floor":14}],"player_experience":815785,"relics_obtained":[{"floor":2,"key":"Potion Belt"},{"floor":7,"key":"Odd Mushroom"},{"floor":9,"key":"Bottled Lightning"},{"floor":12,"key":"Singing Bowl"}],"event_choices":[{"damage_healed":0,"gold_gain":0,"player_choice":"Entered Light","damage_taken":18,"max_hp_gain":0,"max_hp_loss":0,"event_name":"Shining Light","floor":3,"gold_loss":0,"cards_upgraded":["Bash","Defend_R"]},{"damage_healed":0,"gold_gain":0,"player_choice":"Success","damage_taken":18,"relics_obtained":["Calipers"],"max_hp_gain":0,"max_hp_loss":0,"event_name":"Scrap Ooze","floor":4,"gold_loss":0},{"damage_healed":0,"gold_gain":0,"player_choice":"Fought Mushrooms","damage_taken":0,"max_hp_gain":0,"max_hp_loss":0,"event_name":"Mushrooms","floor":7,"gold_loss":0}],"is_beta":false,"boss_relics":[],"items_purged_floors":[],"is_endless":false,"potions_floor_spawned":[5,7,14],"killed_by":"Slime Boss","ascension_level":13}