{"gold_per_floor":[112,126,144,162,176,176,11,44,91,91,119,84,119,131,131,203,203,219,4,22,22,33,33,63,63,113,113,125,40,50,50,50,122,122,140,140,41,59,79,79,79],"floor_reached":41,"playtime":2203,"items_purged":[],"score":806,"play_id":"c48ea6f6-6698-4f56-a101-2e1dfdb7312b","local_time":"20190303215320","is_ascension_mode":true,"campfire_choices":[{"floor":6,"key":"REST"},{"floor":10,"key":"REST"},{"data":"Dash","floor":15,"key":"SMITH"},{"floor":23,"key":"REST"},{"data":"Catalyst","floor":27,"key":"SMITH"},{"floor":32,"key":"REST"},{"floor":40,"key":"REST"}],"neow_cost":"NONE","seed_source_timestamp":194341836300619,"circlet_count":0,"master_deck":["AscendersBane","Defend_G","Defend_G","Defend_G","Defend_G","Defend_G","Strike_G","Strike_G","Strike_G","Strike_G","Survivor","Neutralize","PiercingWail","Caltrops","Dagger Spray","Dash+1","Deadly Poison","Corpse Explosion","Noxious Fumes","Crippling Poison","PiercingWail","Catalyst+1","Underhanded Strike","Wraith Form v2","Backflip+1","Panacea","Catalyst+1"],"relics":["Ring of the Snake","Bronze Scales","Strawberry","Potion Belt","Odd Mushroom","Blue Candle","Snecko Eye","Nilry\u0027s Codex","Juzu Bracelet","Smiling Mask","Omamori"],"potions_floor_usage":[4,8,8,14,22,24,33,33,39],"damage_taken":[{"damage":2,"enemies":"Jaw Worm","floor":1,"turns":4},{"damage":6,"enemies":"2 Louse","floor":2,"turns":4},{"damage":1,"enemies":"Small Slimes","floor":3,"turns":4},{"damage":28,"enemies":"Gremlin Gang","floor":4,"turns":7},{"damage":22,"enemies":"Exordium Thugs","floor":5,"turns":6},{"damage":10,"enemies":"3 Sentries","floor":8,"turns":4},{"damage":6,"enemies":"The Mushroom Lair","floor":11,"turns":4},{"damage":35,"enemies":"Lagavulin","floor":13,"turns":10},{"damage":2,"enemies":"Lots of Slimes","floor":14,"turns":2},{"damage":22,"enemies":"The Guardian","floor":16,"turns":15},{"damage":3,"enemies":"2 Thieves","floor":18,"turns":3},{"damage":11,"enemies":"Spheric Guardian","floor":20,"turns":4},{"damage":6,"enemies":"Snake Plant","floor":22,"turns":3},{"damage":15,"enemies":"Book of Stabbing","floor":24,"turns":5},{"damage":2,"enemies":"3 Cultists","floor":28,"turns":4},{"damage":4,"enemies":"Snecko","floor":30,"turns":4},{"damage":34,"enemies":"Champ","floor":33,"turns":10},{"damage":4,"enemies":"3 Darklings","floor":35,"turns":3},{"damage":25,"enemies":"3 Shapes","floor":38,"turns":4},{"damage":1,"enemies":"Jaw Worm Horde","floor":39,"turns":4},{"damage":35,"enemies":"Nemesis","floor":41,"turns":5}],"seed_played":"5750337536045272646","potions_obtained":[{"floor":0,"key":"Swift Potion"},{"floor":0,"key":"Regen Potion"},{"floor":2,"key":"SteroidPotion"},{"floor":5,"key":"Explosive Potion"},{"floor":13,"key":"Block Potion"},{"floor":14,"key":"GamblersBrew"},{"floor":24,"key":"Block Potion"},{"floor":30,"key":"SteroidPotion"},{"floor":33,"key":"GhostInAJar"},{"floor":38,"key":"Poison Potion"}],"is_trial":false,"path_per_floor":["M","M","M","M","M","R","$","E","T","R","?","?","E","M","R","B",null,"M","$","M","?","M","R","E","?","T","R","M","?","M","?","R","B",null,"M","?","$","M","M","R","E"],"character_chosen":"THE_SILENT","items_purchased":["Bronze Scales","Noxious Fumes","GhostInAJar","Dexterity Potion","Panacea"],"campfire_rested":5,"item_purchase_floors":[7,19,19,19,37],"current_hp_per_floor":[57,51,50,37,15,34,34,31,31,52,46,64,29,27,27,5,56,53,53,42,21,15,36,21,36,36,36,34,34,30,30,51,17,59,55,55,55,30,29,50,15],"gold":79,"neow_bonus":"THREE_SMALL_POTIONS","is_prod":false,"is_daily":false,"chose_seed":false,"campfire_upgraded":2,"win_rate":0,"timestamp":1551668000,"path_taken":["M","M","M","M","M","R","$","E","T","R","?","?","E","M","R","BOSS","M","$","M","?","M","R","E","?","T","R","M","?","M","?","R","BOSS","M","?","$","M","M","R","E"],"build_version":"2019-01-23","purchased_purges":0,"victory":false,"max_hp_per_floor":[66,66,66,66,66,66,66,73,73,73,73,73,73,73,73,73,73,73,73,73,73,73,73,73,73,73,73,73,73,73,73,73,73,73,73,73,73,73,73,73,73],"card_choices":[{"not_picked":["Infinite Blades","Blade Dance"],"picked":"PiercingWail","floor":1},{"not_picked":["Crippling Poison","Distraction"],"picked":"Caltrops","floor":2},{"not_picked":["Catalyst","Deflect","Cloak And Dagger"],"picked":"SKIP","floor":3},{"not_picked":["Dagger Throw","Eviscerate"],"picked":"Dagger Spray","floor":4},{"not_picked":["Prepared","Dodge and Roll","Infinite Blades"],"picked":"SKIP","floor":5},{"not_picked":["Flechettes","Unload"],"picked":"Dash","floor":8},{"not_picked":["Phantasmal Killer","Terror"],"picked":"Deadly Poison","floor":13},{"not_picked":["Acrobatics","Dagger Spray","Calculated Gamble"],"picked":"SKIP","floor":14},{"not_picked":["Doppelganger","Storm of Steel"],"picked":"Corpse Explosion","floor":16},{"not_picked":["Tactician","Accuracy","Calculated Gamble"],"picked":"SKIP","floor":18},{"not_picked":["Blade Dance","Infinite Blades"],"picked":"Crippling Poison","floor":20},{"not_picked":["Underhanded Strike","Heel Hook"],"picked":"PiercingWail","floor":22},{"not_picked":["Heel Hook","Backflip"],"picked":"Catalyst","floor":24},{"not_picked":["Reflex","Quick Slash","Outmaneuver"],"picked":"SKIP","floor":28},{"not_picked":["Reflex","Quick Slash","Outmaneuver"],"picked":"SKIP","floor":28},{"not_picked":["Dagger Spray","Well Laid Plans"],"picked":"Underhanded Strike","floor":30},{"not_picked":["Unload","Envenom"],"picked":"Wraith Form v2","floor":33},{"not_picked":["Sucker Punch","Backstab"],"picked":"Backflip+1","floor":35},{"not_picked":["Cloak And Dagger","Skewer+1"],"picked":"Catalyst+1","floor":38},{"not_picked":["Underhanded Strike+1","Acrobatics","Slice"],"picked":"SKIP","floor":39}],"player_experience":562040,"relics_obtained":[{"floor":8,"key":"Strawberry"},{"floor":9,"key":"Potion Belt"},{"floor":11,"key":"Odd Mushroom"},{"floor":13,"key":"Blue Candle"},{"floor":21,"key":"Nilry\u0027s Codex"},{"floor":24,"key":"Juzu Bracelet"},{"floor":26,"key":"Smiling Mask"}],"event_choices":[{"damage_healed":0,"gold_gain":0,"player_choice":"Fought Mushrooms","damage_taken":0,"max_hp_gain":0,"max_hp_loss":0,"event_name":"Mushrooms","floor":11,"gold_loss":0},{"damage_healed":18,"gold_gain":0,"player_choice":"Healed","damage_taken":0,"max_hp_gain":0,"max_hp_loss":0,"event_name":"The Cleric","floor":12,"gold_loss":35},{"damage_healed":0,"gold_gain":0,"player_choice":"Obtained Book","damage_taken":21,"max_hp_gain":0,"max_hp_loss":0,"event_name":"Cursed Tome","floor":21,"gold_loss":0},{"damage_healed":15,"gold_gain":0,"player_choice":"Heal","damage_taken":0,"max_hp_gain":0,"max_hp_loss":0,"event_name":"The Library","floor":25,"gold_loss":0},{"damage_healed":0,"gold_gain":0,"player_choice":"Obtained Relic","damage_taken":0,"relics_obtained":["Omamori"],"max_hp_gain":0,"max_hp_loss":0,"event_name":"Addict","floor":29,"gold_loss":85},{"damage_healed":0,"gold_gain":0,"player_choice":"Ignored","damage_taken":0,"max_hp_gain":0,"max_hp_loss":0,"event_name":"The Mausoleum","floor":31,"gold_loss":0},{"cards_removed":["Strike_G"],"damage_healed":0,"gold_gain":0,"player_choice":"Purged","damage_taken":0,"max_hp_gain":0,"max_hp_loss":0,"event_name":"Purifier","floor":36,"gold_loss":0}],"is_beta":false,"boss_relics":[{"not_picked":["Ectoplasm","Calling Bell"],"picked":"Snecko Eye"},{"not_picked":["Coffee Dripper","Pandora\u0027s Box","Runic Dome"]}],"items_purged_floors":[],"is_endless":false,"potions_floor_spawned":[2,3,5,13,14,24,30,33,38],"killed_by":"Nemesis","ascension_level":16}