{"gold_per_floor":[110,110,70,70,83,83,114,114,167,167,200,200,210,210],"floor_reached":14,"playtime":362,"items_purged":[],"score":187,"play_id":"ab464e33-720c-4576-b9a9-acf34185ca28","local_time":"20190119190249","is_ascension_mode":true,"campfire_choices":[{"floor":6.0,"key":"REST"},{"floor":8.0,"key":"REST"},{"floor":10.0,"key":"REST"}],"neow_cost":"NONE","seed_source_timestamp":30298188421120,"circlet_count":0,"master_deck":["AscendersBane","Defend_G","Defend_G","Defend_G","Defend_G","Defend_G","Strike_G","Strike_G","Strike_G","Strike_G","Strike_G","Survivor","Neutralize+1","Bouncing Flask+1","Backflip","Footwork","Flying Knee","Riddle With Holes"],"special_seed":0,"relics":["Ring of the Snake","Mummified Hand","Tingsha","Ancient Tea Set","Dream Catcher"],"potions_floor_usage":[11],"damage_taken":[{"damage":0.0,"enemies":"Cultist","floor":1.0,"turns":4.0},{"damage":1.0,"enemies":"Jaw Worm","floor":5.0,"turns":3.0},{"damage":47.0,"enemies":"3 Sentries","floor":7.0,"turns":10.0},{"damage":13,"enemies":"Lagavulin","floor":11,"turns":5},{"damage":2,"enemies":"Small Slimes","floor":13,"turns":4},{"damage":36,"enemies":"3 Sentries","floor":14,"turns":7}],"seed_played":"3019619208210691520","potions_obtained":[{"floor":1.0,"key":"SneckoOil"},{"floor":5.0,"key":"GhostInAJar"}],"is_trial":false,"path_per_floor":["M","?","$","?","M","R","E","R","T","R","E","?","M","E"],"character_chosen":"THE_SILENT","items_purchased":["Bouncing Flask"],"campfire_rested":3,"item_purchase_floors":[3],"current_hp_per_floor":[59,33,33,33,32,51,4,23,23,42,29,29,27,0],"gold":210,"neow_bonus":"UPGRADE_CARD","is_prod":false,"is_daily":false,"chose_seed":false,"campfire_upgraded":0,"win_rate":0,"timestamp":1547924569,"path_taken":["M","?","$","?","?","R","E","R","T","R","E","?","M","E"],"build_version":"2019-01-17v2","purchased_purges":0,"victory":false,"max_hp_per_floor":[66,66,66,66,66,66,66,66,66,66,66,66,66,66],"card_choices":[{"not_picked":["Finisher","Deadly Poison","Expertise"],"picked":"SKIP","floor":1.0},{"not_picked":["Deadly Poison","Distraction"],"picked":"Backflip","floor":5.0},{"not_picked":["Dagger Spray","Flying Knee"],"picked":"Footwork","floor":7.0},{"not_picked":["Poisoned Stab","Escape Plan"],"picked":"Flying Knee","floor":11},{"not_picked":["Reflex","Dagger Throw"],"picked":"Riddle With Holes","floor":13}],"player_experience":508874,"relics_obtained":[{"floor":7.0,"key":"Tingsha"},{"floor":9.0,"key":"Ancient Tea Set"},{"floor":11,"key":"Dream Catcher"}],"event_choices":[{"damage_healed":0.0,"max_hp_gain":0.0,"max_hp_loss":0.0,"gold_gain":0.0,"event_name":"Scrap Ooze","player_choice":"Success","floor":2.0,"gold_loss":0.0,"damage_taken":26.0,"relics_obtained":["Mummified Hand"]},{"damage_healed":0.0,"max_hp_gain":0.0,"max_hp_loss":0.0,"gold_gain":0.0,"event_name":"Accursed Blacksmith","player_choice":"Forge","floor":4.0,"gold_loss":0.0,"damage_taken":0.0,"cards_upgraded":["Bouncing Flask"]},{"damage_healed":0,"gold_gain":0,"player_choice":"Ignored","damage_taken":0,"max_hp_gain":0,"max_hp_loss":0,"event_name":"Liars Game","floor":12,"gold_loss":0}],"is_beta":false,"boss_relics":[],"items_purged_floors":[],"is_endless":false,"potions_floor_spawned":[1,5],"killed_by":"3 Sentries","ascension_level":19}