{"gold_per_floor":[116,191,36,36,52,91,91,114,114,135,158,258,283,304,304,430,430,448,448,448,472,5,5,21,45,92,113,113,149,170,193,193,314,314,339,362,50,50,0,0,35,35,35,35,58,78,103,121,121,121],"floor_reached":51,"playtime":2423,"items_purged":[],"score":805,"play_id":"6345ebf1-111d-41ad-b369-86a9a7ec219d","local_time":"20190317170100","daily_mods":["Draft","Heirloom","Uncertain Future"],"is_ascension_mode":false,"campfire_choices":[{"data":"Sunder","floor":7.0,"key":"SMITH"},{"data":"Biased Cognition","floor":15.0,"key":"SMITH"},{"data":"Defragment","floor":23.0,"key":"SMITH"},{"data":"Creative AI","floor":28.0,"key":"SMITH"},{"data":"Biased Cognition","floor":32.0,"key":"SMITH"},{"data":"Leap+1","floor":40.0,"key":"PURGE"},{"data":"Self Repair+1","floor":42.0,"key":"PURGE"},{"data":"Defragment","floor":49.0,"key":"SMITH"}],"neow_cost":"","seed_source_timestamp":0,"circlet_count":0,"master_deck":["Streamline+1","Ball Lightning+1","Reinforced Body+1","Coolheaded+1","Glacier+1","Sunder+1","Cold Snap+1","Chill+1","Coolheaded+1","Sweeping Beam+1","Conserve Battery+1","Cold Snap+1","Go for the Eyes+1","Redo+1","Doom and Gloom+1","Biased Cognition+1","BootSequence+1","Creative AI+1","Defragment+1","Biased Cognition+1","Redo+1","Creative AI+1","Streamline+1","Defragment+1","Chill+1"],"special_seed":0,"relics":["Cracked Core","Regal Pillow","Golden Idol","Ginger","Peace Pipe","Philosopher\u0027s Stone","Nloth\u0027s Gift","Gremlin Horn","Bag of Marbles","Strawberry","Bird Faced Urn","Coffee Dripper","Thread and Needle","Mark of the Bloom","Red Mask","Anchor","Cables"],"potions_floor_usage":[50,50,50],"damage_taken":[{"damage":0.0,"enemies":"Small Slimes","floor":1.0,"turns":2.0},{"damage":0.0,"enemies":"2 Louse","floor":5.0,"turns":2.0},{"damage":2.0,"enemies":"Lagavulin","floor":6.0,"turns":6.0},{"damage":0.0,"enemies":"Cultist","floor":8.0,"turns":2.0},{"damage":0.0,"enemies":"2 Fungi Beasts","floor":10.0,"turns":3.0},{"damage":0.0,"enemies":"Exordium Thugs","floor":11.0,"turns":4.0},{"damage":8.0,"enemies":"Looter","floor":13.0,"turns":3.0},{"damage":1.0,"enemies":"Red Slaver","floor":14.0,"turns":2.0},{"damage":11.0,"enemies":"The Guardian","floor":16.0,"turns":12.0},{"damage":0.0,"enemies":"Chosen","floor":18.0,"turns":4.0},{"damage":10.0,"enemies":"3 Byrds","floor":21.0,"turns":4.0},{"damage":0.0,"enemies":"Shelled Parasite and Fungi","floor":24.0,"turns":5.0},{"damage":3.0,"enemies":"Centurion and Healer","floor":25.0,"turns":6.0},{"damage":0.0,"enemies":"Snake Plant","floor":27.0,"turns":4.0},{"damage":23.0,"enemies":"Gremlin Leader","floor":29.0,"turns":6.0},{"damage":28.0,"enemies":"3 Cultists","floor":30.0,"turns":5.0},{"damage":0.0,"enemies":"Cultist and Chosen","floor":31.0,"turns":4.0},{"damage":34.0,"enemies":"Collector","floor":33.0,"turns":16.0},{"damage":0.0,"enemies":"3 Darklings","floor":35.0,"turns":5.0},{"damage":0.0,"enemies":"Orb Walker","floor":36.0,"turns":5.0},{"damage":0.0,"enemies":"Reptomancer","floor":41.0,"turns":6.0},{"damage":0.0,"enemies":"Spire Growth","floor":45.0,"turns":4.0},{"damage":0.0,"enemies":"Sphere and 2 Shapes","floor":46.0,"turns":6.0},{"damage":0.0,"enemies":"3 Darklings","floor":47.0,"turns":3.0},{"damage":0.0,"enemies":"4 Shapes","floor":48.0,"turns":3.0},{"damage":0,"enemies":"Awakened One","floor":50,"turns":21}],"seed_played":"-7554201907792993891","potions_obtained":[{"floor":6.0,"key":"Swift Potion"},{"floor":10.0,"key":"Ancient Potion"},{"floor":13.0,"key":"Fire Potion"},{"floor":25.0,"key":"GamblersBrew"},{"floor":27.0,"key":"Regen Potion"},{"floor":31.0,"key":"Weak Potion"},{"floor":44.0,"key":"PowerPotion"},{"floor":44.0,"key":"GamblersBrew"},{"floor":47.0,"key":"PowerPotion"}],"is_trial":true,"path_per_floor":["M","?","$","?","M","E","R","M","T","M","M","?","M","M","R","B",null,"M","?","?","M","$","R","M","M","T","M","R","E","M","M","R","B",null,"M","M","$","?","?","R","E","R","T","?","M","M","M","M","R","B",null],"character_chosen":"DEFECT","items_purchased":["Regal Pillow","Defragment","Gremlin Horn","Bag of Marbles","Thread and Needle"],"campfire_rested":0,"item_purchase_floors":[3,22,22,22,37],"current_hp_per_floor":[75,64,64,64,64,62,62,62,62,62,62,62,54,53,53,42,69,69,69,69,59,59,59,59,56,63,63,63,54,34,47,47,63,76,76,76,76,76,76,76,76,76,76,76,76,76,76,76,76,76],"gold":121,"neow_bonus":"","is_prod":false,"is_daily":false,"chose_seed":false,"campfire_upgraded":6,"win_rate":0,"timestamp":1552838460,"path_taken":["M","?","$","?","M","E","R","M","T","M","M","?","M","M","R","BOSS","M","?","?","M","$","R","?","M","T","M","R","E","M","M","R","BOSS","M","M","$","?","?","R","E","R","T","?","M","M","M","M","R","BOSS"],"build_version":"2019-01-23","purchased_purges":0,"victory":true,"max_hp_per_floor":[75,75,75,69,69,69,69,69,69,69,69,69,69,69,69,69,69,69,69,69,69,69,69,69,69,76,76,76,76,76,76,76,76,76,76,76,76,76,76,76,76,76,76,76,76,76,76,76,76,76],"card_choices":[{"not_picked":["Turbo","Compile Driver"],"picked":"Leap","floor":0.0},{"not_picked":["Barrage","Beam Cell"],"picked":"Streamline","floor":0.0},{"not_picked":["Compile Driver","Sweeping Beam"],"picked":"Ball Lightning","floor":0.0},{"not_picked":["Steam","Barrage"],"picked":"Reinforced Body","floor":0.0},{"not_picked":["Steam","Ball Lightning"],"picked":"Coolheaded","floor":0.0},{"not_picked":["Leap","Reinforced Body"],"picked":"Glacier","floor":0.0},{"not_picked":["Conserve Battery","Gash"],"picked":"Sunder","floor":0.0},{"not_picked":["Force Field","Hologram"],"picked":"Cold Snap","floor":0.0},{"not_picked":["Force Field","Hologram"],"picked":"Chill","floor":0.0},{"not_picked":["Double Energy","Lockon"],"picked":"Coolheaded","floor":0.0},{"not_picked":["Hello World","Beam Cell"],"picked":"Sweeping Beam","floor":0.0},{"not_picked":["Storm","Turbo"],"picked":"Conserve Battery","floor":0.0},{"not_picked":["Streamline","Stack"],"picked":"Cold Snap","floor":0.0},{"not_picked":["Compile Driver","Coolheaded"],"picked":"Go for the Eyes","floor":0.0},{"not_picked":["Stack","Sunder"],"picked":"Redo","floor":0.0},{"not_picked":["Go for the Eyes","Chaos","Redo"],"picked":"SKIP","floor":1.0},{"not_picked":["Reprogram","Aggregate"],"picked":"Doom and Gloom","floor":5.0},{"not_picked":["Force Field","Go for the Eyes","Sweeping Beam"],"picked":"SKIP","floor":6.0},{"not_picked":["Gash","Go for the Eyes","Glacier"],"picked":"SKIP","floor":8.0},{"not_picked":["Streamline","Reprogram","Steam"],"picked":"SKIP","floor":10.0},{"not_picked":["Melter","Double Energy"],"picked":"Biased Cognition","floor":11.0},{"not_picked":["Redo","Sweeping Beam"],"picked":"BootSequence","floor":13.0},{"not_picked":["Conserve Battery","Hello World","Gash"],"picked":"SKIP","floor":14.0},{"not_picked":["Multi-Cast","Meteor Strike"],"picked":"Creative AI","floor":16.0},{"not_picked":["Barrage+1","Darkness","Tempest"],"picked":"SKIP","floor":18.0},{"not_picked":["Sunder","Compile Driver","Redo"],"picked":"SKIP","floor":21.0},{"not_picked":["Rip and Tear","Go for the Eyes+1","Coolheaded"],"picked":"SKIP","floor":24.0},{"not_picked":["Cold Snap","Loop"],"picked":"Biased Cognition","floor":25.0},{"not_picked":["Barrage","Doom and Gloom+1"],"picked":"Redo+1","floor":27.0},{"not_picked":["Thunder Strike","Sweeping Beam","All For One"],"picked":"SKIP","floor":29.0},{"not_picked":["Ball Lightning","Melter"],"picked":"Self Repair","floor":30.0},{"not_picked":["Static Discharge","Beam Cell","Hologram"],"picked":"SKIP","floor":31.0},{"not_picked":["Reboot","Multi-Cast"],"picked":"Creative AI","floor":33.0},{"not_picked":["Go for the Eyes+1","Rebound+1","Tempest+1"],"picked":"SKIP","floor":35.0},{"not_picked":["Reboot","Reprogram","Sweeping Beam+1"],"picked":"SKIP","floor":36.0},{"not_picked":["Echo Form","Gash+1"],"picked":"Streamline+1","floor":41.0},{"not_picked":["Steam","Hologram"],"picked":"Defragment","floor":45.0},{"not_picked":["Turbo+1","Steam","Rebound"],"picked":"SKIP","floor":46.0},{"not_picked":["Aggregate+1","Streamline+1"],"picked":"Chill+1","floor":47.0},{"not_picked":["Hologram+1","Gash","Sweeping Beam"],"picked":"SKIP","floor":48.0}],"player_experience":1042434,"relics_obtained":[{"floor":6.0,"key":"Ginger"},{"floor":9.0,"key":"Peace Pipe"},{"floor":26.0,"key":"Strawberry"},{"floor":29.0,"key":"Bird Faced Urn"},{"floor":41.0,"key":"Anchor"},{"floor":43.0,"key":"Cables"}],"event_choices":[{"damage_healed":0.0,"max_hp_gain":0.0,"max_hp_loss":0.0,"gold_gain":75.0,"event_name":"World of Goop","player_choice":"Gather Gold","floor":2.0,"gold_loss":0.0,"damage_taken":11.0},{"damage_healed":0.0,"max_hp_gain":0.0,"max_hp_loss":6.0,"gold_gain":0.0,"event_name":"Golden Idol","player_choice":"Lose Max HP","floor":4.0,"gold_loss":0.0,"damage_taken":0.0,"relics_obtained":["Golden Idol"]},{"damage_healed":0.0,"max_hp_gain":0.0,"max_hp_loss":0.0,"gold_gain":100.0,"event_name":"Golden Shrine","player_choice":"Pray","floor":12.0,"gold_loss":0.0,"damage_taken":0.0},{"damage_healed":0.0,"max_hp_gain":0.0,"max_hp_loss":0.0,"gold_gain":0.0,"event_name":"Vampires","player_choice":"Ignored","floor":19.0,"gold_loss":0.0,"damage_taken":0.0},{"damage_healed":0.0,"max_hp_gain":0.0,"max_hp_loss":0.0,"gold_gain":0.0,"event_name":"N\u0027loth","player_choice":"Traded Relic","floor":20.0,"relics_lost":["Shovel"],"gold_loss":0.0,"damage_taken":0.0,"relics_obtained":["Nloth\u0027s Gift"]},{"damage_healed":0.0,"max_hp_gain":0.0,"max_hp_loss":0.0,"gold_gain":0.0,"event_name":"MindBloom","player_choice":"Upgrade","floor":38.0,"gold_loss":0.0,"damage_taken":0.0,"cards_upgraded":["Leap","Streamline","Ball Lightning","Reinforced Body","Coolheaded","Glacier","Cold Snap","Chill","Coolheaded","Sweeping Beam","Conserve Battery","Cold Snap","Go for the Eyes","Redo","Doom and Gloom","BootSequence","Self Repair","Creative AI"],"relics_obtained":["Mark of the Bloom"]},{"damage_healed":0.0,"max_hp_gain":0.0,"max_hp_loss":0.0,"gold_gain":0.0,"event_name":"Tomb of Lord Red Mask","player_choice":"Paid","floor":39.0,"gold_loss":50.0,"damage_taken":0.0,"relics_obtained":["Red Mask"]},{"damage_healed":0.0,"max_hp_gain":0.0,"max_hp_loss":0.0,"gold_gain":0.0,"event_name":"Lab","player_choice":"Got Potions","floor":44.0,"gold_loss":0.0,"damage_taken":0.0}],"is_beta":false,"boss_relics":[{"not_picked":["Runic Dome","Lizard Tail"],"picked":"Philosopher\u0027s Stone"},{"not_picked":["Velvet Choker","Fusion Hammer"],"picked":"Coffee Dripper"}],"items_purged_floors":[],"is_endless":false,"potions_floor_spawned":[6,10,13,14,25,27,31,45,47,48],"ascension_level":0}