{"gold_per_floor":[110,110,110,121,147,147,178,232,232,72,89,89,100,126,138,224,236,263,48,61,261,83,83,109,29,29,46,46,46,46,62,62,139,139,159,159,159,177,177,177,52,52,52,65,65,65,65,82,82,82],"floor_reached":50,"playtime":1604,"items_purged":["Strike_G","Defend_G","Strike_G"],"score":882,"play_id":"252a22bd-da1f-4f55-81dd-95598e1c15f4","local_time":"20190110200759","is_ascension_mode":true,"campfire_choices":[{"data":"Neutralize","floor":6.0,"key":"SMITH"},{"floor":12.0,"key":"REST"},{"data":"Footwork","floor":15.0,"key":"SMITH"},{"floor":23.0,"key":"REST"},{"floor":28.0,"key":"REST"},{"floor":30.0,"key":"REST"},{"floor":32.0,"key":"REST"},{"floor":40.0,"key":"REST"},{"floor":45.0,"key":"REST"},{"floor":49.0,"key":"REST"}],"neow_cost":"NONE","seed_source_timestamp":74712906597057,"circlet_count":0,"master_deck":["AscendersBane","Defend_G","Defend_G","Defend_G","Defend_G","Strike_G","Strike_G","Strike_G","Survivor","Neutralize+1","Deep Breath","Skewer+1","PiercingWail","Footwork+1","Footwork","Flying Knee","Terror","Tools of the Trade","Backflip+1","Blur","Backflip","Leg Sweep","Footwork","Infinite Blades+1","Dodge and Roll","After Image","Dodge and Roll+1","After Image","Dagger Throw"],"special_seed":0,"relics":["Ring of the Snake","Anchor","Shuriken","Dream Catcher","MawBank","Fusion Hammer","Chemical X","Ninja Scroll","Ice Cream","Velvet Choker","Gremlin Horn"],"potions_floor_usage":[50],"damage_taken":[{"damage":0.0,"enemies":"Small Slimes","floor":1.0,"turns":5.0},{"damage":1.0,"enemies":"2 Louse","floor":4.0,"turns":3.0},{"damage":46.0,"enemies":"Lagavulin","floor":7.0,"turns":9.0},{"damage":0.0,"enemies":"Jaw Worm","floor":11.0,"turns":5.0},{"damage":0.0,"enemies":"3 Louse","floor":13.0,"turns":4.0},{"damage":2.0,"enemies":"3 Sentries","floor":14.0,"turns":6.0},{"damage":2.0,"enemies":"Hexaghost","floor":16.0,"turns":9.0},{"damage":19.0,"enemies":"3 Byrds","floor":18.0,"turns":8.0},{"damage":8.0,"enemies":"Spheric Guardian","floor":20.0,"turns":4.0},{"damage":34.0,"enemies":"Slavers","floor":24.0,"turns":8.0},{"damage":1.0,"enemies":"Shelled Parasite and Fungi","floor":27.0,"turns":4.0},{"damage":6.0,"enemies":"Snecko","floor":31.0,"turns":5.0},{"damage":26.0,"enemies":"Automaton","floor":33.0,"turns":9.0},{"damage":33.0,"enemies":"3 Shapes","floor":35.0,"turns":6.0},{"damage":0.0,"enemies":"Orb Walker","floor":38.0,"turns":3.0},{"damage":3.0,"enemies":"Sphere and 2 Shapes","floor":44.0,"turns":9.0},{"damage":21.0,"enemies":"Jaw Worm Horde","floor":48.0,"turns":9.0},{"damage":52,"enemies":"Donu and Deca","floor":50,"turns":6}],"seed_played":"-107398111059569719","potions_obtained":[{"floor":7.0,"key":"SteroidPotion"},{"floor":11.0,"key":"Strength Potion"},{"floor":14.0,"key":"PowerPotion"},{"floor":20.0,"key":"SkillPotion"},{"floor":24.0,"key":"EssenceOfSteel"},{"floor":31.0,"key":"FearPotion"},{"floor":35.0,"key":"Energy Potion"},{"floor":38.0,"key":"GamblersBrew"}],"is_trial":false,"path_per_floor":["M","?","?","M","T","R","E","?","T","$","M","R","M","E","R","B",null,"M","$","M","?","$","R","E","$","T","M","R","?","R","M","R","B",null,"M","?","?","M","?","R","$","?","T","M","R","$","?","M","R","B"],"character_chosen":"THE_SILENT","items_purchased":["Footwork","Chemical X","Blur","Footwork"],"campfire_rested":8,"item_purchase_floors":[10,19,22,25],"current_hp_per_floor":[59,64,64,63,63,63,17,17,17,17,17,38,38,36,36,34,62,43,43,35,35,35,56,22,22,22,21,42,42,63,57,71,45,65,32,32,32,32,58,58,58,58,58,55,58,58,55,34,50,0],"gold":82,"neow_bonus":"RANDOM_COLORLESS","is_prod":false,"is_daily":false,"chose_seed":false,"campfire_upgraded":2,"win_rate":0,"timestamp":1547147279,"path_taken":["M","?","?","M","?","R","E","?","T","$","M","R","M","E","R","BOSS","M","$","M","?","$","R","E","?","T","M","R","?","R","M","R","BOSS","M","?","?","M","?","R","?","?","T","?","R","$","?","M","R","BOSS"],"build_version":"2019-01-03v4","purchased_purges":3,"victory":false,"max_hp_per_floor":[66,71,71,71,71,71,71,71,71,71,71,71,71,71,71,71,71,71,71,71,71,71,71,71,71,71,71,71,71,71,71,71,71,71,71,71,71,71,58,58,58,58,58,58,58,58,55,55,55,55],"card_choices":[{"not_picked":["Acrobatics","Deadly Poison"],"picked":"Skewer","floor":1.0},{"not_picked":["Slice","Underhanded Strike"],"picked":"PiercingWail","floor":4.0},{"not_picked":["Cloak And Dagger","Acrobatics"],"picked":"Footwork","floor":7.0},{"not_picked":["Acrobatics","Sucker Punch"],"picked":"Flying Knee","floor":11.0},{"not_picked":["Deadly Poison","Accuracy"],"picked":"Calculated Gamble","floor":12.0},{"not_picked":["Underhanded Strike","Flechettes","Expertise"],"picked":"SKIP","floor":13.0},{"not_picked":["Footwork","Backflip"],"picked":"Terror","floor":14.0},{"not_picked":["Wraith Form v2","Unload"],"picked":"Tools of the Trade","floor":16.0},{"not_picked":["Slice+1","Prepared","Flying Knee"],"picked":"SKIP","floor":18.0},{"not_picked":["Predator","Expertise"],"picked":"Backflip+1","floor":20.0},{"not_picked":["Dagger Spray","Quick Slash"],"picked":"Backflip","floor":23.0},{"not_picked":["Expertise+1","Acrobatics"],"picked":"Leg Sweep","floor":24.0},{"not_picked":["Underhanded Strike","Poisoned Stab"],"picked":"Infinite Blades+1","floor":27.0},{"not_picked":["PiercingWail","Outmaneuver"],"picked":"Dodge and Roll","floor":28.0},{"not_picked":["Outmaneuver","Skewer","Tactician"],"picked":"SKIP","floor":31.0},{"not_picked":["Venomology","A Thousand Cuts"],"picked":"After Image","floor":33.0},{"not_picked":["Crippling Poison","Cloak And Dagger+1"],"picked":"Dodge and Roll+1","floor":35.0},{"not_picked":["Deflect","Cloak And Dagger","Terror"],"picked":"SKIP","floor":38.0},{"not_picked":["Quick Slash+1","Deadly Poison","Accuracy"],"picked":"SKIP","floor":44.0},{"not_picked":["Dagger Throw","Blade Dance","Dodge and Roll"],"picked":"SKIP","floor":48.0},{"not_picked":["PiercingWail+1","Dagger Spray"],"picked":"Dagger Throw","floor":49.0}],"player_experience":498484,"relics_obtained":[{"floor":5.0,"key":"Anchor"},{"floor":7.0,"key":"Shuriken"},{"floor":9.0,"key":"Dream Catcher"},{"floor":14.0,"key":"MawBank"},{"floor":24.0,"key":"Ninja Scroll"},{"floor":26.0,"key":"Ice Cream"},{"floor":43.0,"key":"Gremlin Horn"}],"event_choices":[{"damage_healed":0.0,"max_hp_gain":5.0,"max_hp_loss":0.0,"gold_gain":0.0,"event_name":"Big Fish","player_choice":"Donut","floor":2.0,"gold_loss":0.0,"damage_taken":0.0},{"damage_healed":0.0,"max_hp_gain":0.0,"max_hp_loss":0.0,"gold_gain":0.0,"event_name":"Living Wall","player_choice":"Grow","floor":3.0,"gold_loss":0.0,"damage_taken":0.0,"cards_upgraded":["Skewer"]},{"damage_healed":0.0,"max_hp_gain":0.0,"max_hp_loss":0.0,"gold_gain":54.0,"event_name":"Golden Wing","player_choice":"Gained Gold","floor":8.0,"gold_loss":0.0,"damage_taken":0.0},{"damage_healed":0.0,"max_hp_gain":0.0,"max_hp_loss":0.0,"gold_gain":250.0,"event_name":"The Joust","player_choice":"Bet on Owner","floor":21.0,"gold_loss":50.0,"damage_taken":0.0},{"damage_healed":0.0,"max_hp_gain":0.0,"max_hp_loss":0.0,"gold_gain":0.0,"event_name":"Beggar","player_choice":"Ignored","floor":29.0,"gold_loss":0.0,"damage_taken":0.0},{"cards_removed":["Calculated Gamble"],"damage_healed":0.0,"max_hp_gain":0.0,"max_hp_loss":0.0,"gold_gain":0.0,"event_name":"Falling","player_choice":"Removed Skill","floor":36.0,"gold_loss":0.0,"damage_taken":0.0},{"damage_healed":0.0,"max_hp_gain":0.0,"max_hp_loss":0.0,"gold_gain":0.0,"event_name":"SensoryStone","player_choice":"Memory 1","floor":37.0,"gold_loss":0.0,"damage_taken":0.0},{"damage_healed":58.0,"max_hp_gain":0.0,"max_hp_loss":13.0,"gold_gain":0.0,"event_name":"The Moai Head","player_choice":"Heal","floor":39.0,"gold_loss":0.0,"damage_taken":0.0},{"damage_healed":0.0,"max_hp_gain":0.0,"max_hp_loss":0.0,"gold_gain":0.0,"event_name":"Duplicator","player_choice":"Copied","floor":42.0,"gold_loss":0.0,"damage_taken":0.0,"cards_obtained":["After Image"]},{"damage_healed":0.0,"max_hp_gain":0.0,"max_hp_loss":3.0,"gold_gain":0.0,"event_name":"Winding Halls","player_choice":"Max HP","floor":47.0,"gold_loss":0.0,"damage_taken":0.0}],"is_beta":false,"boss_relics":[{"not_picked":["Runic Pyramid","WristBlade"],"picked":"Fusion Hammer"},{"not_picked":["Philosopher\u0027s Stone","Eternal Feather"],"picked":"Velvet Choker"}],"items_purged_floors":[10,22,41],"is_endless":false,"potions_floor_spawned":[7,11,14,20,24,31,35,38],"killed_by":"Donu and Deca","ascension_level":18}