{"gold_per_floor":[212,227,12,25,25,25,43,76,76,24,24,24,34,65,65,65],"floor_reached":16,"playtime":874,"items_purged":[],"score":215,"play_id":"1190f828-26cf-4e19-bb17-36f56af8f61f","local_time":"20190317202351","is_ascension_mode":true,"campfire_choices":[{"data":"Uppercut","floor":6,"key":"SMITH"},{"data":"Defend_R","floor":11,"key":"SMITH"},{"data":"Defend_R","floor":15,"key":"SMITH"}],"neow_cost":"NONE","seed_source_timestamp":440824620827798,"circlet_count":0,"master_deck":["AscendersBane","Strike_R","Strike_R","Strike_R","Strike_R","Defend_R+1","Defend_R","Defend_R","Defend_R+1","Bash","Sword Boomerang","Uppercut+1","Cleave","Havoc","Headbutt","Evolve","Battle Trance"],"relics":["Burning Blood","Tiny Chest","Letter Opener","Matryoshka","NlothsMask","Boot"],"potions_floor_usage":[8,8,14],"damage_taken":[{"damage":10,"enemies":"2 Louse","floor":1,"turns":3},{"damage":1,"enemies":"Cultist","floor":2,"turns":3},{"damage":8,"enemies":"Jaw Worm","floor":4,"turns":4},{"damage":29,"enemies":"Lots of Slimes","floor":7,"turns":5},{"damage":6,"enemies":"Gremlin Nob","floor":8,"turns":3},{"damage":1,"enemies":"2 Fungi Beasts","floor":13,"turns":3},{"damage":37,"enemies":"3 Sentries","floor":14,"turns":7},{"damage":44,"enemies":"The Guardian","floor":16,"turns":15}],"seed_played":"-8173727219073187887","potions_obtained":[{"floor":4,"key":"Regen Potion"},{"floor":7,"key":"AttackPotion"},{"floor":8,"key":"Regen Potion"},{"floor":13,"key":"Ancient Potion"}],"is_trial":false,"path_per_floor":["M","M","$","M","?","R","M","E","T","$","R","?","M","E","R","B"],"character_chosen":"IRONCLAD","items_purchased":["Tiny Chest","Uppercut","Headbutt"],"campfire_rested":0,"item_purchase_floors":[3,3,10],"current_hp_per_floor":[64,69,69,67,67,67,44,53,53,53,53,53,58,42,42,0],"gold":65,"neow_bonus":"HUNDRED_GOLD","is_prod":false,"is_daily":false,"chose_seed":false,"campfire_upgraded":3,"win_rate":0,"timestamp":1552868631,"path_taken":["M","M","$","M","?","R","M","E","T","?","R","?","M","E","R","BOSS"],"build_version":"2019-01-23","purchased_purges":0,"victory":false,"max_hp_per_floor":[75,75,75,75,75,75,75,75,75,75,75,75,75,75,75,75],"card_choices":[{"not_picked":["Havoc","Wild Strike"],"picked":"Sword Boomerang","floor":1},{"not_picked":["Power Through","Armaments","Wild Strike"],"picked":"SKIP","floor":2},{"not_picked":["Heavy Blade","Warcry"],"picked":"Cleave","floor":4},{"not_picked":["Infernal Blade","Heavy Blade","Clothesline"],"picked":"SKIP","floor":7},{"not_picked":["Rampage","Sword Boomerang"],"picked":"Havoc","floor":8},{"not_picked":["Berserk","Corruption"],"picked":"Evolve","floor":13},{"not_picked":["Dropkick","Heavy Blade"],"picked":"Battle Trance","floor":14}],"player_experience":577272,"relics_obtained":[{"floor":8,"key":"Letter Opener"},{"floor":9,"key":"Matryoshka"},{"floor":14,"key":"Boot"}],"event_choices":[{"cards_removed":["Strike_R"],"damage_healed":0,"gold_gain":0,"player_choice":"Purged","damage_taken":0,"max_hp_gain":0,"max_hp_loss":0,"event_name":"Purifier","floor":5,"gold_loss":0},{"damage_healed":0,"gold_gain":0,"player_choice":"Trade","damage_taken":0,"relics_obtained":["NlothsMask"],"max_hp_gain":0,"max_hp_loss":0,"event_name":"FaceTrader","floor":12,"gold_loss":0}],"is_beta":false,"boss_relics":[],"items_purged_floors":[],"is_endless":false,"potions_floor_spawned":[4,7,8,13],"killed_by":"The Guardian","ascension_level":19}