{"gold_per_floor":[116,116,29,29,179,51,51,94,120,120,195,195,231,231,231,325,325,343,356,177,177],"floor_reached":21,"playtime":558,"items_purged":["Doubt","Strike_B"],"score":462,"play_id":"a3b3101f-01d1-4fb8-bacf-3154b9dfb37b","local_time":"20190309165201","is_ascension_mode":true,"campfire_choices":[{"data":"Defragment","floor":7.0,"key":"SMITH"},{"data":"Ball Lightning","floor":10.0,"key":"SMITH"},{"floor":15.0,"key":"REST"}],"neow_cost":"NONE","seed_source_timestamp":790574975924934,"circlet_count":0,"master_deck":["AscendersBane","Strike_B","Strike_B","Strike_B","Defend_B","Defend_B","Defend_B","Defend_B","Zap","Dualcast","Genetic Algorithm","Defragment+1","Ball Lightning+1","Compile Driver","Consume","Electrodynamics","Streamline","Coolheaded+1","Self Repair"],"special_seed":0,"relics":["Cracked Core","NeowsBlessing","Golden Idol","Gambling Chip","Juzu Bracelet","PreservedInsect","Emotion Chip","Mercury Hourglass"],"potions_floor_usage":[16],"damage_taken":[{"damage":0.0,"enemies":"Small Slimes","floor":1.0,"turns":1.0},{"damage":0.0,"enemies":"3 Sentries","floor":8.0,"turns":2.0},{"damage":0.0,"enemies":"Gremlin Nob","floor":13.0,"turns":1.0},{"damage":40,"enemies":"Slime Boss","floor":16,"turns":7},{"damage":15,"enemies":"Chosen","floor":18,"turns":4},{"damage":1,"enemies":"3 Byrds","floor":19,"turns":2},{"damage":43,"enemies":"Shelled Parasite and Fungi","floor":21,"turns":7}],"seed_played":"8035650369161433250","potions_obtained":[{"floor":1.0,"key":"Fire Potion"},{"floor":16,"key":"GamblersBrew"},{"floor":19,"key":"FearPotion"}],"is_trial":false,"path_per_floor":["M","?","$","?","?","$","R","E","T","R","?","?","E","T","R","B",null,"M","M","$","M"],"character_chosen":"DEFECT","items_purchased":["Defragment","Ball Lightning","Self Repair"],"campfire_rested":1,"item_purchase_floors":[3,6,20],"current_hp_per_floor":[64,64,64,40,40,40,40,40,40,40,40,40,40,40,61,21,59,44,43,43,0],"gold":177,"neow_bonus":"THREE_ENEMY_KILL","is_prod":false,"is_daily":false,"chose_seed":false,"campfire_upgraded":2,"win_rate":0,"timestamp":1552150321,"path_taken":["M","?","$","?","?","$","R","E","T","R","?","?","E","?","R","BOSS","M","M","?","M"],"build_version":"2019-01-23","purchased_purges":2,"victory":false,"max_hp_per_floor":[71,71,71,71,71,71,71,71,71,71,71,71,71,71,71,71,71,71,71,71,71],"card_choices":[{"not_picked":["Reinforced Body","Beam Cell"],"picked":"Genetic Algorithm","floor":1.0},{"not_picked":["Hello World","Go for the Eyes"],"picked":"Compile Driver","floor":8.0},{"not_picked":["Fission","Fusion"],"picked":"Consume","floor":13.0},{"not_picked":["Meteor Strike","Thunder Strike"],"picked":"Electrodynamics","floor":16},{"not_picked":["Gash","Beam Cell"],"picked":"Streamline","floor":18},{"not_picked":["Conserve Battery+1","Undo"],"picked":"Coolheaded+1","floor":19}],"player_experience":547783,"relics_obtained":[{"floor":8.0,"key":"Gambling Chip"},{"floor":9.0,"key":"Juzu Bracelet"},{"floor":13.0,"key":"Emotion Chip"},{"floor":14.0,"key":"Mercury Hourglass"}],"event_choices":[{"damage_healed":0.0,"max_hp_gain":0.0,"max_hp_loss":0.0,"gold_gain":0.0,"event_name":"The Cleric","player_choice":"Leave","floor":2.0,"gold_loss":0.0,"damage_taken":0.0},{"damage_healed":0.0,"max_hp_gain":0.0,"max_hp_loss":0.0,"gold_gain":0.0,"event_name":"Golden Idol","player_choice":"Take Damage","floor":4.0,"gold_loss":0.0,"damage_taken":24.0,"relics_obtained":["Golden Idol"]},{"damage_healed":0.0,"max_hp_gain":0.0,"max_hp_loss":0.0,"gold_gain":150.0,"event_name":"Liars Game","player_choice":"AGREE","floor":5.0,"gold_loss":0.0,"damage_taken":0.0,"cards_obtained":["Doubt"]},{"damage_healed":0.0,"max_hp_gain":0.0,"max_hp_loss":0.0,"gold_gain":75.0,"event_name":"Golden Wing","player_choice":"Gained Gold","floor":11.0,"gold_loss":0.0,"damage_taken":0.0},{"damage_healed":0.0,"max_hp_gain":0.0,"max_hp_loss":0.0,"gold_gain":0.0,"event_name":"Dead Adventurer","player_choice":"Searched \u00271\u0027 times","floor":12.0,"gold_loss":0.0,"damage_taken":0.0,"relics_obtained":["PreservedInsect"]}],"is_beta":false,"boss_relics":[{"not_picked":["Philosopher\u0027s Stone","Coffee Dripper","FrozenCore"]}],"items_purged_floors":[6,20],"is_endless":false,"potions_floor_spawned":[1,16,19],"killed_by":"Shelled Parasite and Fungi","ascension_level":20}