{"gold_per_floor":[110,52,52,71,71,71,124,149,149,163,176,176,192,227,227,304,304,320,245,345,345,345,345,345],"floor_reached":24,"playtime":613,"items_purged":[],"score":431,"play_id":"44617b42-3258-4f2a-acfd-07bab8910a50","local_time":"20190323172412","is_ascension_mode":true,"campfire_choices":[{"data":"Perfected Strike","floor":6,"key":"SMITH"},{"data":"Uppercut","floor":12,"key":"SMITH"},{"data":"Bash","floor":15,"key":"SMITH"},{"data":"Armaments","floor":23,"key":"SMITH"}],"neow_cost":"NONE","seed_source_timestamp":281374427644402,"circlet_count":0,"master_deck":["AscendersBane","Strike_R","Strike_R","Strike_R","Strike_R","Strike_R","Defend_R","Defend_R","Bash+1","Pommel Strike","Perfected Strike+1","Uppercut+1","Iron Wave","Shrug It Off","Reaper","Armaments+1","Pommel Strike"],"relics":["Burning Blood","NeowsBlessing","Dream Catcher","Bag of Preparation","Gremlin Horn","Bronze Scales","Philosopher\u0027s Stone","Prayer Wheel","Mummified Hand"],"potions_floor_usage":[16,18,20,24],"damage_taken":[{"damage":0,"enemies":"Small Slimes","floor":1,"turns":1},{"damage":0,"enemies":"Jaw Worm","floor":4,"turns":1},{"damage":0,"enemies":"Lagavulin","floor":8,"turns":1},{"damage":0,"enemies":"2 Louse","floor":10,"turns":2},{"damage":0,"enemies":"2 Fungi Beasts","floor":11,"turns":2},{"damage":3,"enemies":"Blue Slaver","floor":13,"turns":2},{"damage":25,"enemies":"3 Sentries","floor":14,"turns":5},{"damage":20,"enemies":"Hexaghost","floor":16,"turns":10},{"damage":2,"enemies":"Spheric Guardian","floor":18,"turns":3},{"damage":19,"enemies":"Colosseum Slavers","floor":20,"turns":3},{"damage":7,"enemies":"Colosseum Nobs","floor":20,"turns":4},{"damage":45,"enemies":"Slavers","floor":24,"turns":2}],"seed_played":"-5377027370231287925","potions_obtained":[{"floor":1,"key":"Fire Potion"},{"floor":10,"key":"Weak Potion"},{"floor":18,"key":"PowerPotion"},{"floor":20,"key":"Poison Potion"}],"is_trial":false,"path_per_floor":["M","$","?","M","?","R","T","E","T","M","M","R","M","E","R","B",null,"M","?","?","?","?","R","E"],"character_chosen":"IRONCLAD","items_purchased":["Pommel Strike"],"campfire_rested":0,"item_purchase_floors":[2],"current_hp_per_floor":[74,74,74,75,68,68,68,74,74,75,75,75,75,56,56,42,67,71,71,57,36,36,36,0],"gold":345,"neow_bonus":"THREE_ENEMY_KILL","is_prod":false,"is_daily":false,"chose_seed":false,"campfire_upgraded":4,"win_rate":0,"timestamp":1553358252,"path_taken":["M","$","?","M","?","R","?","E","T","M","M","R","?","E","R","BOSS","M","?","?","?","?","R","E"],"build_version":"2019-01-23","purchased_purges":0,"victory":false,"max_hp_per_floor":[75,75,75,75,75,75,75,75,75,75,75,75,75,75,75,75,75,75,75,75,80,80,80,80],"card_choices":[{"not_picked":["Flex","Warcry","Corruption"],"picked":"SKIP","floor":1},{"not_picked":["Havoc","Juggernaut"],"picked":"Perfected Strike","floor":4},{"not_picked":["Body Slam","Searing Blow"],"picked":"Uppercut","floor":8},{"not_picked":["Rampage","Dual Wield","Havoc"],"picked":"SKIP","floor":10},{"not_picked":["Wild Strike","Clash"],"picked":"Iron Wave","floor":11},{"not_picked":["Power Through","Heavy Blade","Body Slam"],"picked":"SKIP","floor":13},{"not_picked":["Juggernaut","Wild Strike"],"picked":"Shrug It Off","floor":14},{"not_picked":["Exhume","Dark Embrace"],"picked":"Reaper","floor":16},{"not_picked":["Sword Boomerang","Corruption+1"],"picked":"Armaments","floor":18},{"not_picked":["Sword Boomerang","Clash"],"picked":"Pommel Strike","floor":20}],"player_experience":1091842,"relics_obtained":[{"floor":7,"key":"Dream Catcher"},{"floor":8,"key":"Bag of Preparation"},{"floor":9,"key":"Gremlin Horn"},{"floor":14,"key":"Bronze Scales"},{"floor":20,"key":"Prayer Wheel"},{"floor":20,"key":"Mummified Hand"}],"event_choices":[{"damage_healed":0,"gold_gain":0,"player_choice":"Leave","damage_taken":0,"max_hp_gain":0,"max_hp_loss":0,"event_name":"The Cleric","floor":3,"gold_loss":0},{"cards_removed":["Defend_R"],"damage_healed":0,"gold_gain":0,"player_choice":"Card Removal","damage_taken":7,"max_hp_gain":0,"max_hp_loss":0,"event_name":"Golden Wing","floor":5,"gold_loss":0},{"cards_removed":["Defend_R"],"damage_healed":0,"gold_gain":0,"player_choice":"Gave Gold","damage_taken":0,"max_hp_gain":0,"max_hp_loss":0,"event_name":"Beggar","floor":19,"gold_loss":75},{"damage_healed":0,"gold_gain":0,"player_choice":"Fight","damage_taken":0,"max_hp_gain":0,"max_hp_loss":0,"event_name":"Colosseum","floor":20,"gold_loss":0},{"damage_healed":0,"gold_gain":0,"player_choice":"Fought Nobs","damage_taken":0,"max_hp_gain":0,"max_hp_loss":0,"event_name":"Colosseum","floor":20,"gold_loss":0},{"damage_healed":0,"gold_gain":0,"player_choice":"Shed Blood","damage_taken":26,"max_hp_gain":5,"max_hp_loss":0,"event_name":"Forgotten Altar","floor":21,"gold_loss":0},{"damage_healed":0,"gold_gain":0,"player_choice":"Ignored","damage_taken":0,"max_hp_gain":0,"max_hp_loss":0,"event_name":"Ghosts","floor":22,"gold_loss":0}],"is_beta":false,"boss_relics":[{"not_picked":["Calling Bell","Orrery"],"picked":"Philosopher\u0027s Stone"}],"items_purged_floors":[],"is_endless":false,"potions_floor_spawned":[1,10,18,20],"killed_by":"Slavers","ascension_level":18}