{"gold_per_floor":[111,131,4,4,4,31,31,31,107,119,130,142,152,93,93,170,170,182,45,45,45,60,60,89,89,89,100,100,117,117,148,148,225,225,243,4,4,14,14,14],"floor_reached":40,"playtime":1031,"items_purged":["Strike_R","Defend_R"],"score":923,"play_id":"e0b3bbb1-b045-47dd-af77-dc8d3dd8177a","local_time":"20190310180827","is_ascension_mode":true,"campfire_choices":[{"data":"Armaments","floor":8.0,"key":"SMITH"},{"data":"Shockwave","floor":15.0,"key":"SMITH"},{"floor":23.0,"key":"REST"},{"floor":25.0,"key":"REST"},{"floor":30.0,"key":"REST"},{"data":"Wild Strike","floor":32.0,"key":"SMITH"}],"neow_cost":"NONE","seed_source_timestamp":881063901268592,"circlet_count":0,"master_deck":["AscendersBane","Strike_R+1","Strike_R+1","Strike_R+1","Defend_R+1","Defend_R+1","Defend_R+1","Bash","Thunderclap","Iron Wave","Armaments+1","Shockwave+1","Disarm","Cleave","Feed","Shrug It Off","Wild Strike+1","Demon Form+1","Evolve","Disarm+1","Battle Trance","Feed","Clothesline","Flame Barrier","Demon Form+1"],"special_seed":0,"relics":["Burning Blood","NeowsBlessing","Regal Pillow","Darkstone Periapt","Runic Dome","Nunchaku","Letter Opener","Unceasing Top","Cursed Key","Oddly Smooth Stone"],"potions_floor_usage":[38],"damage_taken":[{"damage":0.0,"enemies":"2 Louse","floor":1.0,"turns":1.0},{"damage":0.0,"enemies":"Cultist","floor":2.0,"turns":1.0},{"damage":0.0,"enemies":"Gremlin Nob","floor":6.0,"turns":1.0},{"damage":9.0,"enemies":"Jaw Worm","floor":10.0,"turns":4.0},{"damage":11.0,"enemies":"Looter","floor":11.0,"turns":3.0},{"damage":6.0,"enemies":"Red Slaver","floor":12.0,"turns":5.0},{"damage":3.0,"enemies":"3 Louse","floor":13.0,"turns":3.0},{"damage":50.0,"enemies":"Slime Boss","floor":16.0,"turns":10.0},{"damage":14.0,"enemies":"3 Byrds","floor":18.0,"turns":8.0},{"damage":31.0,"enemies":"2 Thieves","floor":22.0,"turns":4.0},{"damage":51.0,"enemies":"Slavers","floor":24.0,"turns":6.0},{"damage":24.0,"enemies":"Centurion and Healer","floor":27.0,"turns":6.0},{"damage":36.0,"enemies":"Sentry and Sphere","floor":29.0,"turns":6.0},{"damage":8.0,"enemies":"Book of Stabbing","floor":31.0,"turns":5.0},{"damage":54,"enemies":"Automaton","floor":33,"turns":8},{"damage":16,"enemies":"3 Shapes","floor":35,"turns":7},{"damage":50,"enemies":"3 Darklings","floor":38,"turns":6},{"damage":48,"enemies":"Giant Head","floor":40,"turns":5}],"seed_played":"-1273467644105692126","potions_obtained":[{"floor":1.0,"key":"Fire Potion"},{"floor":2.0,"key":"BloodPotion"},{"floor":18.0,"key":"Weak Potion"},{"floor":24.0,"key":"GamblersBrew"},{"floor":27.0,"key":"Regen Potion"},{"floor":28.0,"key":"Energy Potion"},{"floor":35,"key":"Fruit Juice"}],"is_trial":false,"path_per_floor":["M","M","$","?","?","E","$","R","T","M","M","M","M","$","R","B",null,"M","$","?","?","M","R","E","R","T","M","?","M","R","E","R","B",null,"M","$","?","M","$","E"],"character_chosen":"IRONCLAD","items_purchased":["Armaments","Wild Strike","Evolve","Flame Barrier","Oddly Smooth Stone"],"campfire_rested":3,"item_purchase_floors":[3,14,19,36,36],"current_hp_per_floor":[74,75,75,75,75,75,75,75,75,72,67,67,73,73,73,39,71,67,67,67,67,45,86,44,86,86,68,68,41,84,94,94,46,82,78,78,78,39,39,0],"gold":14,"neow_bonus":"THREE_ENEMY_KILL","is_prod":false,"is_daily":false,"chose_seed":false,"campfire_upgraded":3,"win_rate":0,"timestamp":1552241307,"path_taken":["M","M","$","?","?","E","$","R","T","?","M","M","M","?","R","BOSS","M","$","?","?","?","R","E","R","T","M","?","?","R","E","R","BOSS","M","$","?","M","?","E"],"build_version":"2019-01-23","purchased_purges":2,"victory":false,"max_hp_per_floor":[75,75,75,75,75,75,75,75,75,75,75,75,78,78,78,81,81,85,85,85,85,88,88,91,91,91,91,91,94,94,94,94,94,94,100,100,100,105,105,105],"card_choices":[{"not_picked":["Infernal Blade","True Grit"],"picked":"Thunderclap","floor":1.0},{"not_picked":["Thunderclap","Twin Strike"],"picked":"Iron Wave","floor":2.0},{"not_picked":["Clash","Armaments"],"picked":"Disarm","floor":6.0},{"not_picked":["Combust","Havoc","Thunderclap"],"picked":"SKIP","floor":10.0},{"not_picked":["Warcry","Rupture"],"picked":"Cleave","floor":11.0},{"not_picked":["Cleave","Corruption"],"picked":"Feed","floor":12.0},{"not_picked":["Iron Wave","Cleave"],"picked":"Shrug It Off","floor":13.0},{"not_picked":["Berserk","Reaper"],"picked":"Demon Form","floor":16.0},{"not_picked":["Pommel Strike","Dropkick","Anger"],"picked":"SKIP","floor":18.0},{"not_picked":["Clothesline","Entrench","Thunderclap"],"picked":"SKIP","floor":22.0},{"not_picked":["Combust","Perfected Strike","Havoc"],"picked":"SKIP","floor":24.0},{"not_picked":["Clash+1","Wild Strike","Warcry"],"picked":"SKIP","floor":27.0},{"not_picked":["Body Slam+1","Reckless Charge+1"],"picked":"Disarm+1","floor":29.0},{"not_picked":["Warcry","Flex"],"picked":"Battle Trance","floor":31.0},{"not_picked":["Berserk","Barricade"],"picked":"Feed","floor":33},{"not_picked":["Clash","Anger"],"picked":"Clothesline","floor":35},{"not_picked":["Flex+1","Thunderclap","Bloodletting"],"picked":"SKIP","floor":38}],"player_experience":549362,"relics_obtained":[{"floor":6.0,"key":"Regal Pillow"},{"floor":9.0,"key":"Darkstone Periapt"},{"floor":24.0,"key":"Nunchaku"},{"floor":26.0,"key":"Letter Opener"},{"floor":31.0,"key":"Unceasing Top"}],"event_choices":[{"damage_healed":0.0,"max_hp_gain":0.0,"max_hp_loss":0.0,"gold_gain":0.0,"event_name":"The Cleric","player_choice":"Leave","floor":4.0,"gold_loss":0.0,"damage_taken":0.0},{"damage_healed":0.0,"max_hp_gain":0.0,"max_hp_loss":0.0,"gold_gain":0.0,"cards_transformed":["Strike_R"],"event_name":"Transmorgrifier","player_choice":"Transformed","floor":5.0,"gold_loss":0.0,"damage_taken":0.0,"cards_obtained":["Shockwave"]},{"damage_healed":0.0,"max_hp_gain":0.0,"max_hp_loss":0.0,"gold_gain":0.0,"event_name":"Back to Basics","player_choice":"Simplicity","floor":20.0,"gold_loss":0.0,"damage_taken":0.0,"cards_upgraded":["Strike_R","Strike_R","Strike_R","Defend_R","Defend_R","Defend_R"]},{"damage_healed":0.0,"max_hp_gain":0.0,"max_hp_loss":0.0,"gold_gain":0.0,"event_name":"Upgrade Shrine","player_choice":"Upgraded","floor":21.0,"gold_loss":0.0,"damage_taken":0.0,"cards_upgraded":["Demon Form"]},{"damage_healed":0.0,"max_hp_gain":0.0,"max_hp_loss":0.0,"gold_gain":0.0,"event_name":"Lab","player_choice":"Got Potions","floor":28.0,"gold_loss":0.0,"damage_taken":0.0},{"damage_healed":0,"gold_gain":0,"player_choice":"Copied","damage_taken":0,"max_hp_gain":0,"max_hp_loss":0,"event_name":"Duplicator","floor":37,"gold_loss":0,"cards_obtained":["Demon Form"]}],"is_beta":false,"boss_relics":[{"not_picked":["White Beast Statue","Coffee Dripper"],"picked":"Runic Dome"},{"not_picked":["Tiny House","Orrery"],"picked":"Cursed Key"}],"items_purged_floors":[3,19],"is_endless":false,"potions_floor_spawned":[1,2,12,13,18,24,27,29,35],"killed_by":"Giant Head","ascension_level":20}