{"gold_per_floor":[119,44,44,57,74,74,94,114,190,24,24,44,44,79,79,79],"floor_reached":16,"playtime":484,"items_purged":["Defend_R"],"score":190,"play_id":"2c1056a5-1a16-4290-9d36-d779b9ac6277","local_time":"20190308230549","is_ascension_mode":true,"campfire_choices":[{"data":"Combust","floor":6.0,"key":"SMITH"},{"data":"Discovery","floor":11.0,"key":"SMITH"},{"data":"Fiend Fire","floor":13.0,"key":"SMITH"},{"floor":15,"key":"REST"}],"neow_cost":"NONE","seed_source_timestamp":192822222669099,"circlet_count":0,"master_deck":["AscendersBane","Strike_R","Strike_R","Strike_R","Strike_R","Defend_R","Defend_R","Defend_R","Bash","Fiend Fire+1","Combust+1","Hemokinesis","Iron Wave","Discovery+1","Seeing Red"],"special_seed":0,"relics":["Burning Blood","Torii","Odd Mushroom","Kunai","Omamori"],"potions_floor_usage":[14,14,16],"damage_taken":[{"damage":12.0,"enemies":"Small Slimes","floor":1.0,"turns":4.0},{"damage":9.0,"enemies":"Jaw Worm","floor":4.0,"turns":3.0},{"damage":3.0,"enemies":"2 Louse","floor":5.0,"turns":1.0},{"damage":29.0,"enemies":"The Mushroom Lair","floor":7.0,"turns":5.0},{"damage":11.0,"enemies":"Red Slaver","floor":8.0,"turns":3.0},{"damage":7.0,"enemies":"Looter","floor":12.0,"turns":4.0},{"damage":28,"enemies":"Lagavulin","floor":14,"turns":5},{"damage":37,"enemies":"Slime Boss","floor":16,"turns":7}],"seed_played":"5479369046955430100","potions_obtained":[{"floor":7.0,"key":"SpeedPotion"},{"floor":12.0,"key":"Swift Potion"},{"floor":14,"key":"Poison Potion"}],"is_trial":false,"path_per_floor":["M","?","T","M","M","R","?","M","T","$","R","M","R","E","R","B"],"character_chosen":"IRONCLAD","items_purchased":["Discovery"],"campfire_rested":1,"item_purchase_floors":[10],"current_hp_per_floor":[62,62,62,59,62,62,39,34,34,34,34,33,33,11,33,0],"gold":79,"neow_bonus":"ONE_RANDOM_RARE_CARD","is_prod":false,"is_daily":false,"chose_seed":false,"campfire_upgraded":3,"win_rate":0,"timestamp":1552082749,"path_taken":["M","?","?","M","M","R","?","M","T","$","R","M","R","E","R","BOSS"],"build_version":"2019-01-23","purchased_purges":1,"victory":false,"max_hp_per_floor":[75,75,75,75,75,75,75,75,75,75,75,75,75,75,75,75],"card_choices":[{"not_picked":["Havoc","Body Slam"],"picked":"Combust","floor":1.0},{"not_picked":["Thunderclap","Wild Strike"],"picked":"Hemokinesis","floor":4.0},{"not_picked":["Infernal Blade","Flex","Heavy Blade"],"picked":"SKIP","floor":5.0},{"not_picked":["Bludgeon","Corruption"],"picked":"Iron Wave","floor":8.0},{"not_picked":["Headbutt","True Grit","Cleave"],"picked":"SKIP","floor":12.0},{"not_picked":["Intimidate","Cleave"],"picked":"Seeing Red","floor":14}],"player_experience":948816,"relics_obtained":[{"floor":3.0,"key":"Torii"},{"floor":7.0,"key":"Odd Mushroom"},{"floor":9.0,"key":"Kunai"},{"floor":14,"key":"Omamori"}],"event_choices":[{"cards_removed":["Strike_R"],"damage_healed":0.0,"max_hp_gain":0.0,"max_hp_loss":0.0,"gold_gain":0.0,"event_name":"The Cleric","player_choice":"Card Removal","floor":2.0,"gold_loss":75.0,"damage_taken":0.0},{"damage_healed":0.0,"max_hp_gain":0.0,"max_hp_loss":0.0,"gold_gain":0.0,"event_name":"Mushrooms","player_choice":"Fought Mushrooms","floor":7.0,"gold_loss":0.0,"damage_taken":0.0}],"is_beta":false,"boss_relics":[],"items_purged_floors":[10],"is_endless":false,"potions_floor_spawned":[7,12,14],"killed_by":"Slime Boss","ascension_level":18}