{"gold_per_floor":[113,113,133,133,133,133,161,161,161,11,11,26,42,52,52,123,123,140,40,59,59,109,109,142,142],"floor_reached":25,"playtime":597,"items_purged":["Strike_R","Strike_R"],"score":438,"play_id":"ce94586a-1c0a-4ac9-8044-0a047229bc23","local_time":"20190220150627","is_ascension_mode":true,"campfire_choices":[{"data":"Bash","floor":6.0,"key":"SMITH"},{"floor":8.0,"key":"REST"},{"data":"Armaments","floor":15.0,"key":"SMITH"},{"floor":23,"key":"REST"}],"neow_cost":"NONE","seed_source_timestamp":597853517971510,"circlet_count":0,"master_deck":["AscendersBane","Strike_R","Strike_R","Strike_R","Defend_R","Defend_R","Defend_R","Defend_R","Bash+1","Carnage","Inflame","Evolve","Armaments+1","Feel No Pain","Barricade","True Grit","Feed"],"special_seed":0,"relics":["Burning Blood","Ice Cream","Bird Faced Urn","Mercury Hourglass","Snecko Eye","Dream Catcher"],"potions_floor_usage":[18,24,24],"damage_taken":[{"damage":0.0,"enemies":"2 Louse","floor":1.0,"turns":2.0},{"damage":7.0,"enemies":"Small Slimes","floor":3.0,"turns":3.0},{"damage":65.0,"enemies":"3 Sentries","floor":7.0,"turns":11.0},{"damage":0.0,"enemies":"Cultist","floor":12.0,"turns":2.0},{"damage":12.0,"enemies":"Large Slime","floor":13.0,"turns":4.0},{"damage":14.0,"enemies":"3 Louse","floor":14.0,"turns":3.0},{"damage":22,"enemies":"Slime Boss","floor":16,"turns":7},{"damage":27,"enemies":"3 Byrds","floor":18,"turns":4},{"damage":35,"enemies":"Shell Parasite","floor":20,"turns":5},{"damage":56,"enemies":"Gremlin Leader","floor":24,"turns":6},{"damage":16,"enemies":"Snake Plant","floor":25,"turns":1}],"seed_played":"-4877389494290931199","potions_obtained":[{"floor":3.0,"key":"SpeedPotion"},{"floor":13.0,"key":"Explosive Potion"},{"floor":20,"key":"Swift Potion"}],"is_trial":false,"path_per_floor":["M","?","M","?","?","R","E","R","T","$","?","M","M","M","R","B",null,"M","$","M","?","?","R","E","M"],"character_chosen":"IRONCLAD","items_purchased":["Evolve"],"campfire_rested":2,"item_purchase_floors":[10],"current_hp_per_floor":[74,74,73,68,73,73,14,38,38,38,80,80,76,70,70,60,75,60,60,35,35,35,59,13,0],"gold":142,"neow_bonus":"THREE_CARDS","is_prod":false,"is_daily":false,"chose_seed":false,"campfire_upgraded":2,"win_rate":0,"timestamp":1550675187,"path_taken":["M","?","M","?","?","R","E","R","T","$","?","?","M","M","R","BOSS","M","$","M","?","?","R","E","?"],"build_version":"2019-01-23","purchased_purges":2,"victory":false,"max_hp_per_floor":[75,75,75,75,80,80,80,80,80,80,80,80,80,80,80,80,80,80,80,80,80,80,80,80,80],"card_choices":[{"not_picked":["True Grit","Cleave"],"picked":"Carnage","floor":0.0},{"not_picked":["Clash","Havoc","Thunderclap"],"picked":"SKIP","floor":1.0},{"not_picked":["Shockwave","Thunderclap","Twin Strike"],"picked":"SKIP","floor":3.0},{"not_picked":["Blood for Blood","Pommel Strike"],"picked":"Inflame","floor":7.0},{"not_picked":["Rage","Headbutt","Fire Breathing"],"picked":"SKIP","floor":12.0},{"not_picked":["Warcry","Hemokinesis"],"picked":"Armaments","floor":13.0},{"not_picked":["Sword Boomerang","Armaments"],"picked":"Feel No Pain","floor":14.0},{"not_picked":["Reaper","Juggernaut"],"picked":"Barricade","floor":16},{"not_picked":["Thunderclap","Intimidate"],"picked":"True Grit","floor":18},{"not_picked":["Anger","Iron Wave","Flex"],"picked":"SKIP","floor":20},{"not_picked":["Fire Breathing","True Grit"],"picked":"Feed","floor":24}],"player_experience":536121,"relics_obtained":[{"floor":7.0,"key":"Bird Faced Urn"},{"floor":9.0,"key":"Mercury Hourglass"},{"floor":24,"key":"Dream Catcher"}],"event_choices":[{"damage_healed":0.0,"max_hp_gain":0.0,"max_hp_loss":0.0,"gold_gain":0.0,"event_name":"Liars Game","player_choice":"Ignored","floor":2.0,"gold_loss":0.0,"damage_taken":0.0},{"damage_healed":0.0,"max_hp_gain":0.0,"max_hp_loss":0.0,"gold_gain":0.0,"event_name":"Scrap Ooze","player_choice":"Success","floor":4.0,"gold_loss":0.0,"damage_taken":5.0,"relics_obtained":["Ice Cream"]},{"damage_healed":0.0,"max_hp_gain":5.0,"max_hp_loss":0.0,"gold_gain":0.0,"event_name":"Big Fish","player_choice":"Donut","floor":5.0,"gold_loss":0.0,"damage_taken":0.0},{"damage_healed":42.0,"max_hp_gain":0.0,"max_hp_loss":0.0,"gold_gain":0.0,"event_name":"Wheel of Change","player_choice":"Full Heal","floor":11.0,"gold_loss":0.0,"damage_taken":0.0},{"damage_healed":0,"gold_gain":0,"player_choice":"Ignored","damage_taken":0,"max_hp_gain":0,"max_hp_loss":0,"event_name":"Ghosts","floor":21,"gold_loss":0},{"damage_healed":0,"gold_gain":100,"player_choice":"Bet on Murderer","damage_taken":0,"max_hp_gain":0,"max_hp_loss":0,"event_name":"The Joust","floor":22,"gold_loss":50}],"is_beta":false,"boss_relics":[{"not_picked":["Astrolabe","Runic Dome"],"picked":"Snecko Eye"}],"items_purged_floors":[10,19],"is_endless":false,"potions_floor_spawned":[3,13,14,20],"killed_by":"Snake Plant","ascension_level":20}