{"gold_per_floor":[112,132,152,162,177,192,36,36,36,36,49,49,49,62,62,62],"floor_reached":16,"playtime":503,"items_purged":[],"score":182,"play_id":"e846a716-e505-49d4-9a97-edecdca4c2a5","local_time":"20190308003557","is_ascension_mode":true,"campfire_choices":[{"data":"Feel No Pain","floor":8,"key":"SMITH"},{"data":"Entrench","floor":13,"key":"SMITH"},{"floor":15,"key":"REST"}],"neow_cost":"NONE","seed_source_timestamp":111890695504855,"circlet_count":0,"master_deck":["AscendersBane","Strike_R","Strike_R","Strike_R","Strike_R","Strike_R","Defend_R","Defend_R","Defend_R","Defend_R","Bash","Feel No Pain+1","Cleave","Iron Wave","Body Slam","Exhume","Whirlwind","Corruption","Entrench+1","Feed"],"relics":["Burning Blood","Bag of Marbles","Mercury Hourglass","Centennial Puzzle"],"potions_floor_usage":[2,11],"damage_taken":[{"damage":6,"enemies":"Jaw Worm","floor":1,"turns":6},{"damage":0,"enemies":"Cultist","floor":2,"turns":3},{"damage":4,"enemies":"2 Louse","floor":3,"turns":2},{"damage":22,"enemies":"Exordium Wildlife","floor":4,"turns":6},{"damage":34,"enemies":"Exordium Thugs","floor":5,"turns":7},{"damage":16,"enemies":"Blue Slaver","floor":6,"turns":4},{"damage":7,"enemies":"Lots of Slimes","floor":11,"turns":3},{"damage":1,"enemies":"3 Louse","floor":14,"turns":3},{"damage":59,"enemies":"Slime Boss","floor":16,"turns":6}],"seed_played":"4130717776776442877","potions_obtained":[{"floor":1,"key":"AttackPotion"},{"floor":4,"key":"Dexterity Potion"},{"floor":6,"key":"Poison Potion"}],"is_trial":false,"path_per_floor":["M","M","M","M","M","M","$","R","T","?","M","$","R","M","R","B"],"character_chosen":"IRONCLAD","items_purchased":["Corruption","Entrench"],"campfire_rested":1,"item_purchase_floors":[7,7],"current_hp_per_floor":[68,74,75,59,31,21,21,21,21,21,20,20,20,25,47,0],"gold":62,"neow_bonus":"RANDOM_COMMON_RELIC","is_prod":false,"is_daily":false,"chose_seed":false,"campfire_upgraded":2,"win_rate":0,"timestamp":1552001757,"path_taken":["M","M","M","M","M","M","$","R","T","?","?","?","R","M","R","BOSS"],"build_version":"2019-01-23","purchased_purges":0,"victory":false,"max_hp_per_floor":[75,75,75,75,75,75,75,75,75,75,75,75,75,75,75,75],"card_choices":[{"not_picked":["Dual Wield","Clash"],"picked":"Feel No Pain","floor":1},{"not_picked":["Fire Breathing","Clothesline"],"picked":"Cleave","floor":2},{"not_picked":["Rupture","Armaments"],"picked":"Iron Wave","floor":3},{"not_picked":["Pummel","Heavy Blade"],"picked":"Body Slam","floor":4},{"not_picked":["Iron Wave","Warcry"],"picked":"Exhume","floor":5},{"not_picked":["Iron Wave","Body Slam"],"picked":"Whirlwind","floor":6},{"not_picked":["Anger","Clash","Pommel Strike"],"picked":"SKIP","floor":11},{"not_picked":["Iron Wave","Carnage"],"picked":"Feed","floor":14}],"player_experience":930477,"relics_obtained":[{"floor":9,"key":"Mercury Hourglass"}],"event_choices":[{"damage_healed":0,"gold_gain":0,"player_choice":"Gave Potion","damage_taken":0,"relics_obtained":["Centennial Puzzle"],"max_hp_gain":0,"max_hp_loss":0,"event_name":"WeMeetAgain","floor":10,"gold_loss":0}],"is_beta":false,"boss_relics":[],"items_purged_floors":[],"is_endless":false,"potions_floor_spawned":[1,4,6],"killed_by":"Slime Boss","ascension_level":18}