{"gold_per_floor":[113,124,124,19,31,31,106,106,132,142,142,157,118,145,145,217,217,233,233,233,243,44,44,60,70,70,70],"floor_reached":27,"playtime":470,"items_purged":[],"score":406,"play_id":"01689244-e4c5-48d8-a384-18c87f3ec2f5","local_time":"20190319193444","is_ascension_mode":true,"campfire_choices":[{"data":"Streamline","floor":6.0,"key":"SMITH"},{"data":"Zap","floor":8.0,"key":"SMITH"},{"floor":11.0,"key":"REST"},{"floor":15.0,"key":"REST"},{"floor":23.0,"key":"REST"}],"neow_cost":"NONE","seed_source_timestamp":285462122327782,"circlet_count":0,"master_deck":["AscendersBane","Strike_B","Strike_B+1","Strike_B","Strike_B","Defend_B","Defend_B","Defend_B","Defend_B","Zap+1","Dualcast","Melter+1","Ball Lightning","Capacitor","Streamline+1","BootSequence","Sunder","Chill","Biased Cognition","Loop","Leap","Static Discharge","Apotheosis","Cold Snap"],"special_seed":0,"relics":["Cracked Core","Whetstone","Oddly Smooth Stone","Nuclear Battery","Calipers"],"potions_floor_usage":[24],"damage_taken":[{"damage":2.0,"enemies":"Jaw Worm","floor":1.0,"turns":3.0},{"damage":7.0,"enemies":"Small Slimes","floor":2.0,"turns":3.0},{"damage":9.0,"enemies":"2 Louse","floor":5.0,"turns":2.0},{"damage":28.0,"enemies":"Exordium Thugs","floor":10.0,"turns":3.0},{"damage":0.0,"enemies":"2 Fungi Beasts","floor":12.0,"turns":2.0},{"damage":52.0,"enemies":"Hexaghost","floor":16.0,"turns":8.0},{"damage":0.0,"enemies":"Chosen","floor":18.0,"turns":3.0},{"damage":0.0,"enemies":"Spheric Guardian","floor":21.0,"turns":3.0},{"damage":34,"enemies":"Shelled Parasite and Fungi","floor":24,"turns":3},{"damage":23,"enemies":"Centurion and Healer","floor":25,"turns":11},{"damage":10,"enemies":"Snecko","floor":27,"turns":2}],"seed_played":"-8360529551326951828","potions_obtained":[{"floor":5.0,"key":"AttackPotion"},{"floor":10.0,"key":"Fire Potion"},{"floor":21.0,"key":"FearPotion"},{"floor":25,"key":"Strength Potion"}],"is_trial":false,"path_per_floor":["M","M","?","$","M","R","?","R","T","M","R","M","$","T","R","B",null,"M","?","?","M","$","R","M","M","T","M"],"character_chosen":"DEFECT","items_purchased":["Capacitor","Streamline","Chill","Apotheosis"],"campfire_rested":3,"item_purchase_floors":[4,4,13,22],"current_hp_per_floor":[69,62,62,62,53,53,42,42,42,14,37,37,37,37,60,8,61,61,39,39,39,39,63,29,6,6,0],"gold":70,"neow_bonus":"TEN_PERCENT_HP_BONUS","is_prod":false,"is_daily":false,"chose_seed":false,"campfire_upgraded":2,"win_rate":0,"timestamp":1553024084,"path_taken":["M","M","?","$","M","R","?","R","T","M","R","M","$","?","R","BOSS","M","?","?","M","$","R","M","M","T","M"],"build_version":"2019-01-23","purchased_purges":0,"victory":false,"max_hp_per_floor":[78,78,78,78,78,78,78,78,78,78,78,78,78,78,78,78,78,78,83,83,83,83,83,83,83,83,83],"card_choices":[{"not_picked":["Beam Cell","Lockon"],"picked":"Melter","floor":1.0},{"not_picked":["Conserve Battery","Auto Shields"],"picked":"Ball Lightning","floor":2.0},{"not_picked":["Genetic Algorithm","Beam Cell","Double Energy"],"picked":"SKIP","floor":5.0},{"not_picked":["Stack","Heatsinks"],"picked":"BootSequence","floor":10.0},{"not_picked":["FTL","Sweeping Beam"],"picked":"Sunder","floor":12.0},{"not_picked":["Creative AI","Core Surge"],"picked":"Biased Cognition","floor":16.0},{"not_picked":["Leap","Ball Lightning"],"picked":"Loop","floor":18.0},{"not_picked":["Redo+1","Turbo"],"picked":"Static Discharge","floor":21.0},{"not_picked":["Doom and Gloom+1","Turbo+1"],"picked":"Cold Snap","floor":24},{"not_picked":["Streamline+1","Hologram","Recycle"],"picked":"SKIP","floor":25}],"player_experience":558828,"relics_obtained":[{"floor":9.0,"key":"Whetstone"},{"floor":14.0,"key":"Oddly Smooth Stone"},{"floor":26,"key":"Calipers"}],"event_choices":[{"damage_healed":0.0,"max_hp_gain":0.0,"max_hp_loss":0.0,"gold_gain":0.0,"event_name":"Liars Game","player_choice":"Ignored","floor":3.0,"gold_loss":0.0,"damage_taken":0.0},{"damage_healed":0.0,"max_hp_gain":0.0,"max_hp_loss":0.0,"gold_gain":75.0,"event_name":"World of Goop","player_choice":"Gather Gold","floor":7.0,"gold_loss":0.0,"damage_taken":11.0},{"damage_healed":0.0,"max_hp_gain":5.0,"max_hp_loss":0.0,"gold_gain":0.0,"event_name":"Forgotten Altar","player_choice":"Shed Blood","floor":19.0,"gold_loss":0.0,"damage_taken":27.0},{"damage_healed":0.0,"max_hp_gain":0.0,"max_hp_loss":0.0,"gold_gain":0.0,"event_name":"The Library","player_choice":"Read","floor":20.0,"gold_loss":0.0,"damage_taken":0.0,"cards_obtained":["Leap"]}],"is_beta":false,"boss_relics":[{"not_picked":["Velvet Choker","White Beast Statue"],"picked":"Nuclear Battery"}],"items_purged_floors":[],"is_endless":false,"potions_floor_spawned":[5,10,12,21,25],"killed_by":"Snecko","ascension_level":20}