{"gold_per_floor":[117,134,1,11,27,59,8,8,35,35,45,63,63,75,75,75],"floor_reached":16,"playtime":582,"items_purged":[],"score":208,"play_id":"98c78d3b-9cba-4d29-8845-5048e91256f8","local_time":"20190314232555","is_ascension_mode":true,"campfire_choices":[{"data":"Footwork","floor":8,"key":"SMITH"},{"data":"Neutralize","floor":10,"key":"SMITH"},{"data":"Dash","floor":13,"key":"SMITH"},{"floor":15,"key":"REST"}],"neow_cost":"NONE","seed_source_timestamp":86904308896771,"circlet_count":0,"master_deck":["AscendersBane","Defend_G","Defend_G","Defend_G","Defend_G","Defend_G","Strike_G","Strike_G","Strike_G","Strike_G","Survivor","Neutralize+1","Caltrops","Backstab","PiercingWail","Riddle With Holes","Flash of Steel","Footwork+1","Dash+1","Cloak And Dagger","Deadly Poison","Caltrops"],"relics":["Ring of the Snake","Strawberry","Snake Skull"],"potions_floor_usage":[6,6,14,16,16],"damage_taken":[{"damage":4,"enemies":"Small Slimes","floor":1,"turns":5},{"damage":3,"enemies":"Cultist","floor":2,"turns":4},{"damage":3,"enemies":"2 Louse","floor":4,"turns":2},{"damage":0,"enemies":"2 Fungi Beasts","floor":5,"turns":4},{"damage":31,"enemies":"Lagavulin","floor":6,"turns":11},{"damage":11,"enemies":"Exordium Wildlife","floor":11,"turns":7},{"damage":0,"enemies":"3 Louse","floor":12,"turns":4},{"damage":5,"enemies":"2 Fungi Beasts","floor":14,"turns":3},{"damage":30,"enemies":"Slime Boss","floor":16,"turns":10}],"seed_played":"-8399138204758908611","potions_obtained":[{"floor":2,"key":"AttackPotion"},{"floor":4,"key":"Dexterity Potion"},{"floor":11,"key":"GamblersBrew"},{"floor":12,"key":"SteroidPotion"},{"floor":14,"key":"Strength Potion"}],"is_trial":false,"path_per_floor":["M","M","$","M","M","E","$","R","T","R","M","M","R","M","R","B"],"character_chosen":"THE_SILENT","items_purchased":["Riddle With Holes","Flash of Steel","Cloak And Dagger"],"campfire_rested":1,"item_purchase_floors":[3,3,7],"current_hp_per_floor":[55,52,52,49,49,25,25,25,25,25,14,14,14,9,30,0],"gold":75,"neow_bonus":"TRANSFORM_CARD","is_prod":false,"is_daily":false,"chose_seed":false,"campfire_upgraded":3,"win_rate":0,"timestamp":1552602355,"path_taken":["M","M","$","M","M","E","$","R","T","R","M","M","R","M","R","BOSS"],"build_version":"2019-01-23","purchased_purges":0,"victory":false,"max_hp_per_floor":[66,66,66,66,66,73,73,73,73,73,73,73,73,73,73,73],"card_choices":[{"not_picked":["Sucker Punch","Prepared"],"picked":"Backstab","floor":1},{"not_picked":["Slice","Dagger Throw"],"picked":"PiercingWail","floor":2},{"not_picked":["Expertise","Catalyst"],"picked":"Footwork","floor":4},{"not_picked":["Poisoned Stab","Reflex"],"picked":"Dash","floor":5},{"not_picked":["Dodge and Roll","Flying Knee","Poisoned Stab"],"picked":"SKIP","floor":6},{"not_picked":["PiercingWail","Dagger Throw"],"picked":"Deadly Poison","floor":11},{"not_picked":["Bane","Sucker Punch"],"picked":"Caltrops","floor":12},{"not_picked":["Flying Knee","Phantasmal Killer","Prepared"],"picked":"SKIP","floor":14}],"player_experience":1016860,"relics_obtained":[{"floor":6,"key":"Strawberry"},{"floor":9,"key":"Snake Skull"}],"event_choices":[],"is_beta":false,"boss_relics":[],"items_purged_floors":[],"is_endless":false,"potions_floor_spawned":[2,4,11,12,14],"killed_by":"Slime Boss","ascension_level":20}