{"gold_per_floor":[117,117,130,130,143,143,2,2,32,45,45,80,80,115,115,188,188,205,5,5,5,20,20,52,52,52,52,68,86,111,111,111,111],"floor_reached":33,"playtime":1314,"items_purged":[],"score":578,"play_id":"24b295ab-ec0d-407b-91e8-5ff0dc1f90c6","local_time":"20190321215954","is_ascension_mode":true,"campfire_choices":[{"data":"Hyperbeam","floor":6.0,"key":"SMITH"},{"data":"Self Repair","floor":8.0,"key":"SMITH"},{"data":"Doom and Gloom","floor":11.0,"key":"SMITH"},{"floor":15.0,"key":"REST"},{"data":"Fission","floor":23.0,"key":"SMITH"},{"floor":25.0,"key":"REST"},{"floor":32,"key":"REST"}],"neow_cost":"NONE","seed_source_timestamp":14538575227102,"circlet_count":0,"master_deck":["AscendersBane","Defend_B+1","Defend_B+1","Defend_B+1","Defend_B+1","Zap","Dualcast","Ball Lightning+1","Leap","Hyperbeam+1","Self Repair+1","Doom and Gloom+1","Leap","Fission+1","Sweeping Beam+1","Bite+1","Bite+1","Bite+1","Bite+1","Bite+1","BootSequence+1","Cold Snap+1","Coolheaded+1"],"special_seed":0,"relics":["Cracked Core","Tiny Chest","Anchor","The Courier","Molten Egg 2","Inserter","Oddly Smooth Stone","Bottled Flame","Gremlin Horn","Toxic Egg 2"],"potions_floor_usage":[30,30],"damage_taken":[{"damage":2.0,"enemies":"2 Louse","floor":1.0,"turns":3.0},{"damage":4.0,"enemies":"Small Slimes","floor":3.0,"turns":3.0},{"damage":4.0,"enemies":"Jaw Worm","floor":5.0,"turns":4.0},{"damage":0.0,"enemies":"2 Fungi Beasts","floor":10.0,"turns":2.0},{"damage":40.0,"enemies":"Lagavulin","floor":12.0,"turns":5.0},{"damage":39.0,"enemies":"Gremlin Nob","floor":14.0,"turns":4.0},{"damage":30.0,"enemies":"Slime Boss","floor":16.0,"turns":7.0},{"damage":9.0,"enemies":"Chosen","floor":18.0,"turns":5.0},{"damage":2.0,"enemies":"3 Byrds","floor":22.0,"turns":4.0},{"damage":61.0,"enemies":"Book of Stabbing","floor":24.0,"turns":7.0},{"damage":14.0,"enemies":"Shelled Parasite and Fungi","floor":28.0,"turns":6.0},{"damage":22,"enemies":"Snecko","floor":29,"turns":7},{"damage":21,"enemies":"Slavers","floor":30,"turns":6},{"damage":78,"enemies":"Automaton","floor":33,"turns":10}],"seed_played":"6418136209534995668","potions_obtained":[{"floor":3.0,"key":"FocusPotion"},{"floor":14.0,"key":"GamblersBrew"},{"floor":16.0,"key":"Strength Potion"},{"floor":18.0,"key":"SpeedPotion"},{"floor":24.0,"key":"FocusPotion"},{"floor":28.0,"key":"SteroidPotion"}],"is_trial":false,"path_per_floor":["M","?","M","?","M","R","$","R","T","M","R","E","T","E","R","B",null,"M","$","?","?","M","R","E","R","T","?","M","M","E","?","R","B"],"character_chosen":"DEFECT","items_purchased":["PowerPotion","Self Repair","Oddly Smooth Stone","FocusPotion"],"campfire_rested":3,"item_purchase_floors":[7,7,19,19],"current_hp_per_floor":[69,74,70,70,66,66,66,66,66,76,76,46,46,17,41,21,68,69,69,69,58,58,58,16,33,33,33,41,38,30,30,47,0],"gold":111,"neow_bonus":"TEN_PERCENT_HP_BONUS","is_prod":false,"is_daily":false,"chose_seed":false,"campfire_upgraded":4,"win_rate":0,"timestamp":1553219994,"path_taken":["M","?","M","?","M","R","$","R","T","M","R","E","?","E","R","BOSS","M","$","?","?","M","R","E","R","T","?","M","?","E","?","R","BOSS"],"build_version":"2019-01-23","purchased_purges":0,"victory":false,"max_hp_per_floor":[78,83,83,83,83,83,83,83,83,83,83,83,83,83,83,83,83,83,83,83,58,58,58,58,58,58,58,58,58,58,58,58,58],"card_choices":[{"not_picked":["Coolheaded","Stack"],"picked":"Ball Lightning","floor":1.0},{"not_picked":["Redo","Turbo"],"picked":"Leap","floor":3.0},{"not_picked":["Stack","Steam"],"picked":"Hyperbeam","floor":5.0},{"not_picked":["Conserve Battery","Storm"],"picked":"Doom and Gloom","floor":10.0},{"not_picked":["Hologram","Sweeping Beam"],"picked":"Leap","floor":12.0},{"not_picked":["Steam Power","Barrage","Loop"],"picked":"SKIP","floor":14.0},{"not_picked":["Amplify","Thunder Strike+1"],"picked":"Fission","floor":16.0},{"not_picked":["Reprogram","Steam Power+1"],"picked":"Sweeping Beam+1","floor":18.0},{"not_picked":["Recycle","Ball Lightning+1","Compile Driver+1"],"picked":"SKIP","floor":22.0},{"not_picked":["Streamline+1","Conserve Battery+1"],"picked":"BootSequence","floor":24.0},{"not_picked":["Recycle","Static Discharge"],"picked":"Cold Snap+1","floor":28.0},{"not_picked":["Capacitor","Rebound+1","Hologram"],"picked":"SKIP","floor":29},{"not_picked":["Undo","Skim"],"picked":"Coolheaded","floor":30}],"player_experience":585306,"relics_obtained":[{"floor":9.0,"key":"Tiny Chest"},{"floor":12.0,"key":"Anchor"},{"floor":13.0,"key":"The Courier"},{"floor":14.0,"key":"Molten Egg 2"},{"floor":24.0,"key":"Bottled Flame"},{"floor":26.0,"key":"Gremlin Horn"},{"floor":30,"key":"Toxic Egg 2"}],"event_choices":[{"damage_healed":0.0,"max_hp_gain":5.0,"max_hp_loss":0.0,"gold_gain":0.0,"event_name":"Big Fish","player_choice":"Donut","floor":2.0,"gold_loss":0.0,"damage_taken":0.0},{"damage_healed":0.0,"max_hp_gain":0.0,"max_hp_loss":0.0,"gold_gain":0.0,"event_name":"Living Wall","player_choice":"Grow","floor":4.0,"gold_loss":0.0,"damage_taken":0.0,"cards_upgraded":["Ball Lightning"]},{"damage_healed":0.0,"max_hp_gain":0.0,"max_hp_loss":0.0,"gold_gain":0.0,"event_name":"Back to Basics","player_choice":"Simplicity","floor":20.0,"gold_loss":0.0,"damage_taken":0.0,"cards_upgraded":["Strike_B","Strike_B","Strike_B","Strike_B","Defend_B","Defend_B","Defend_B","Defend_B"]},{"damage_healed":0.0,"max_hp_gain":0.0,"max_hp_loss":25.0,"gold_gain":0.0,"event_name":"Vampires","player_choice":"Became a vampire","floor":21.0,"gold_loss":0.0,"damage_taken":0.0,"cards_obtained":["Bite","Bite","Bite","Bite","Bite"]},{"damage_healed":0.0,"max_hp_gain":0.0,"max_hp_loss":0.0,"gold_gain":0.0,"event_name":"Accursed Blacksmith","player_choice":"Forge","floor":27.0,"gold_loss":0.0,"damage_taken":0.0,"cards_upgraded":["BootSequence"]},{"damage_healed":0,"gold_gain":0,"player_choice":"Ignored","damage_taken":0,"max_hp_gain":0,"max_hp_loss":0,"event_name":"The Mausoleum","floor":31,"gold_loss":0}],"is_beta":false,"boss_relics":[{"not_picked":["Nuclear Battery","Philosopher\u0027s Stone"],"picked":"Inserter"}],"items_purged_floors":[],"is_endless":false,"potions_floor_spawned":[3,10,14,16,18,24,28,29],"killed_by":"Automaton","ascension_level":18}