{"gold_per_floor":[113,113,133,153,153,153,72,85,166,166,131,151,186,196,196,272,272,286,306,231,231,231,231,261,261,288,305,325,340,340,351,351,351],"floor_reached":33,"playtime":855,"items_purged":["Strike_R"],"score":563,"play_id":"b5b76278-2e95-4199-b251-9c9ecc633888","local_time":"20190314192752","is_ascension_mode":true,"campfire_choices":[{"data":"Pommel Strike","floor":6.0,"key":"SMITH"},{"floor":10.0,"key":"REST"},{"data":"Carnage","floor":15.0,"key":"SMITH"},{"data":"Feed","floor":23.0,"key":"SMITH"},{"floor":25,"key":"REST"},{"floor":30,"key":"REST"},{"floor":32,"key":"REST"}],"neow_cost":"PERCENT_DAMAGE","seed_source_timestamp":87300476790438,"circlet_count":0,"master_deck":["AscendersBane","Strike_R+1","Strike_R+1","Strike_R+1","Strike_R+1","Defend_R+1","Defend_R+1","Defend_R+1","Defend_R+1","Bash","Armaments+1","Pommel Strike+1","Carnage+1","Blood for Blood","Thunderclap","Feed+1","Wild Strike","Reaper","Clothesline","True Grit+1","Inflame"],"special_seed":0,"relics":["Burning Blood","Darkstone Periapt","Red Skull","Velvet Choker","Toxic Egg 2","Boot"],"potions_floor_usage":[24,31,31,33],"damage_taken":[{"damage":21.0,"enemies":"Jaw Worm","floor":1.0,"turns":5.0},{"damage":14.0,"enemies":"Small Slimes","floor":3.0,"turns":4.0},{"damage":3.0,"enemies":"2 Louse","floor":4.0,"turns":3.0},{"damage":29.0,"enemies":"Large Slime","floor":8.0,"turns":8.0},{"damage":8.0,"enemies":"3 Louse","floor":12.0,"turns":3.0},{"damage":8.0,"enemies":"Gremlin Nob","floor":13.0,"turns":3.0},{"damage":11.0,"enemies":"Blue Slaver","floor":14.0,"turns":5.0},{"damage":56.0,"enemies":"The Guardian","floor":16.0,"turns":10.0},{"damage":17.0,"enemies":"Spheric Guardian","floor":18.0,"turns":4.0},{"damage":15.0,"enemies":"Chosen","floor":19.0,"turns":4.0},{"damage":50,"enemies":"Slavers","floor":24,"turns":5},{"damage":10,"enemies":"Centurion and Healer","floor":27,"turns":6},{"damage":19,"enemies":"Snake Plant","floor":28,"turns":3},{"damage":42,"enemies":"Chosen and Byrds","floor":29,"turns":5},{"damage":13,"enemies":"Cultist and Chosen","floor":31,"turns":5},{"damage":86,"enemies":"Automaton","floor":33,"turns":8}],"seed_played":"-2296926797085285698","potions_obtained":[{"floor":1.0,"key":"SpeedPotion"},{"floor":3.0,"key":"EssenceOfSteel"},{"floor":8.0,"key":"BloodPotion"},{"floor":24,"key":"Block Potion"},{"floor":29,"key":"LiquidBronze"},{"floor":31,"key":"SkillPotion"}],"is_trial":false,"path_per_floor":["M","?","M","M","?","R","$","M","T","R","?","M","E","M","R","B",null,"M","M","$","?","?","R","E","R","T","M","M","M","R","M","R","B"],"character_chosen":"IRONCLAD","items_purchased":["Carnage"],"campfire_rested":4,"item_purchase_floors":[7],"current_hp_per_floor":[49,49,41,44,44,44,44,21,21,47,69,67,65,60,60,18,71,60,51,51,51,51,51,7,33,33,47,41,24,53,56,85,0],"gold":351,"neow_bonus":"TWENTY_PERCENT_HP_BONUS","is_prod":false,"is_daily":false,"chose_seed":false,"campfire_upgraded":3,"win_rate":0,"timestamp":1552591672,"path_taken":["M","?","M","M","?","R","$","M","T","R","?","M","E","M","R","BOSS","M","M","$","?","?","R","E","R","T","M","M","M","R","M","R","BOSS"],"build_version":"2019-01-23","purchased_purges":1,"victory":false,"max_hp_per_floor":[89,89,89,89,89,89,89,89,89,89,89,89,89,89,89,89,89,89,89,89,89,89,89,89,89,89,93,93,97,97,97,97,97],"card_choices":[{"not_picked":["Shockwave","Corruption"],"picked":"Armaments","floor":1.0},{"not_picked":["Warcry","Dual Wield"],"picked":"Pommel Strike","floor":3.0},{"not_picked":["Rupture","Seeing Red","Intimidate"],"picked":"SKIP","floor":4.0},{"not_picked":["Pommel Strike","Iron Wave"],"picked":"Blood for Blood","floor":8.0},{"not_picked":["Warcry","Heavy Blade"],"picked":"Thunderclap","floor":12.0},{"not_picked":["Berserk","Armaments","True Grit"],"picked":"SKIP","floor":13.0},{"not_picked":["Rupture","Anger","Second Wind"],"picked":"SKIP","floor":14.0},{"not_picked":["Dark Embrace","Immolate"],"picked":"Feed","floor":16.0},{"not_picked":["Sword Boomerang","Perfected Strike","Armaments"],"picked":"SKIP","floor":18.0},{"not_picked":["Battle Trance","Cleave"],"picked":"Wild Strike","floor":19.0},{"not_picked":["Flex","Combust+1"],"picked":"Reaper","floor":24},{"not_picked":["Thunderclap+1","Dropkick","Heavy Blade"],"picked":"SKIP","floor":27},{"not_picked":["Thunderclap","Blood for Blood"],"picked":"Clothesline","floor":28},{"not_picked":["Heavy Blade","Twin Strike"],"picked":"True Grit+1","floor":29},{"not_picked":["Evolve","Sword Boomerang"],"picked":"Inflame","floor":31}],"player_experience":554980,"relics_obtained":[{"floor":9.0,"key":"Darkstone Periapt"},{"floor":13.0,"key":"Red Skull"},{"floor":24,"key":"Toxic Egg 2"},{"floor":26,"key":"Boot"}],"event_choices":[{"damage_healed":0.0,"max_hp_gain":0.0,"max_hp_loss":0.0,"gold_gain":0.0,"event_name":"Living Wall","player_choice":"Grow","floor":2.0,"gold_loss":0.0,"damage_taken":0.0,"cards_upgraded":["Armaments"]},{"damage_healed":0.0,"max_hp_gain":0.0,"max_hp_loss":0.0,"gold_gain":0.0,"event_name":"Liars Game","player_choice":"Ignored","floor":5.0,"gold_loss":0.0,"damage_taken":0.0},{"damage_healed":22.0,"max_hp_gain":0.0,"max_hp_loss":0.0,"gold_gain":0.0,"event_name":"The Cleric","player_choice":"Healed","floor":11.0,"gold_loss":35.0,"damage_taken":0.0},{"damage_healed":0.0,"max_hp_gain":0.0,"max_hp_loss":0.0,"gold_gain":0.0,"event_name":"Vampires","player_choice":"Ignored","floor":21.0,"gold_loss":0.0,"damage_taken":0.0},{"damage_healed":0.0,"max_hp_gain":0.0,"max_hp_loss":0.0,"gold_gain":0.0,"event_name":"Back to Basics","player_choice":"Simplicity","floor":22.0,"gold_loss":0.0,"damage_taken":0.0,"cards_upgraded":["Strike_R","Strike_R","Strike_R","Strike_R","Defend_R","Defend_R","Defend_R","Defend_R"]}],"is_beta":false,"boss_relics":[{"not_picked":["Lizard Tail","Sozu"],"picked":"Velvet Choker"}],"items_purged_floors":[20],"is_endless":false,"potions_floor_spawned":[1,3,4,8,14,24,29,31],"killed_by":"Automaton","ascension_level":20}