{"gold_per_floor":[117,129,62,75,92,92,122,132,132,132,149,149,160,174,174,277,277,277,277,277,98,98,98,98,98,98,98,98,98,98,98,98,98,98,98,44,44,44,44,44,44,44,44,44,44,44,44,44,44,44],"floor_reached":51,"playtime":2261,"items_purged":["Decay"],"score":832,"play_id":"ae0a9f6f-0883-4eb1-878a-2154f1802e94","local_time":"20190316120540","daily_mods":["SealedDeck","Heirloom","Uncertain Future"],"is_ascension_mode":false,"campfire_choices":[{"data":"Footwork","floor":6,"key":"SMITH"},{"data":"Finisher","floor":10,"key":"SMITH"},{"data":"Deadly Poison","floor":15,"key":"SMITH"},{"data":"Catalyst","floor":27,"key":"SMITH"},{"data":"Catalyst","floor":29,"key":"SMITH"},{"data":"Crippling Poison","floor":32,"key":"SMITH"},{"data":"A Thousand Cuts","floor":44,"key":"SMITH"},{"data":"Well Laid Plans","floor":49,"key":"SMITH"}],"neow_cost":"","seed_source_timestamp":0,"circlet_count":0,"master_deck":["Dodge and Roll","Deadly Poison+1","Dagger Spray","Skewer","Blur","Well Laid Plans+1","Blade Dance","PiercingWail","Escape Plan","Blade Dance","Escape Plan","Footwork+1","Finisher+1","Backflip","Footwork+1","Crippling Poison+1","Catalyst+1","Catalyst+1","Accuracy","Tools of the Trade","Deflect+1","Deadly Poison+1","A Thousand Cuts+1","Accuracy+1","Cloak And Dagger","Cloak And Dagger+1","Noxious Fumes+1","PiercingWail+1","Cloak And Dagger+1"],"relics":["Ring of the Snake","FossilizedHelix","Tingsha","Mercury Hourglass","Ectoplasm","Blood Vial","Art of War","Bronze Scales","Sozu","Incense Burner","Ninja Scroll","Torii"],"potions_floor_usage":[7,7,23,33,50],"damage_taken":[{"damage":0,"enemies":"Cultist","floor":1,"turns":3},{"damage":0,"enemies":"Small Slimes","floor":2,"turns":3},{"damage":0,"enemies":"Jaw Worm","floor":4,"turns":3},{"damage":0,"enemies":"Lots of Slimes","floor":5,"turns":3},{"damage":1,"enemies":"3 Sentries","floor":7,"turns":5},{"damage":0,"enemies":"Looter","floor":8,"turns":4},{"damage":0,"enemies":"Blue Slaver","floor":11,"turns":3},{"damage":0,"enemies":"Exordium Wildlife","floor":13,"turns":3},{"damage":0,"enemies":"Large Slime","floor":14,"turns":3},{"damage":0,"enemies":"The Guardian","floor":16,"turns":9},{"damage":0,"enemies":"3 Byrds","floor":18,"turns":3},{"damage":0,"enemies":"Chosen","floor":19,"turns":3},{"damage":6,"enemies":"Gremlin Leader","floor":23,"turns":5},{"damage":7,"enemies":"Snake Plant","floor":24,"turns":3},{"damage":0,"enemies":"Snecko","floor":25,"turns":4},{"damage":20,"enemies":"Centurion and Healer","floor":28,"turns":5},{"damage":0,"enemies":"3 Cultists","floor":31,"turns":3},{"damage":0,"enemies":"Collector","floor":33,"turns":4},{"damage":6,"enemies":"3 Shapes","floor":35,"turns":3},{"damage":0,"enemies":"Orb Walker","floor":37,"turns":3},{"damage":1,"enemies":"Spire Growth","floor":38,"turns":3},{"damage":5,"enemies":"Jaw Worm Horde","floor":39,"turns":4},{"damage":0,"enemies":"Writhing Mass","floor":40,"turns":4},{"damage":10,"enemies":"Reptomancer","floor":45,"turns":5},{"damage":0,"enemies":"Spire Growth","floor":46,"turns":4},{"damage":5,"enemies":"2 Orb Walkers","floor":47,"turns":3},{"damage":0,"enemies":"3 Darklings","floor":48,"turns":2},{"damage":4,"enemies":"Time Eater","floor":50,"turns":7}],"seed_played":"5362971576428629342","potions_obtained":[{"floor":1,"key":"AttackPotion"},{"floor":7,"key":"Fruit Juice"},{"floor":16,"key":"EssenceOfSteel"},{"floor":24,"key":"FairyPotion"},{"floor":31,"key":"Strength Potion"},{"floor":33,"key":"FearPotion"}],"is_trial":true,"path_per_floor":["M","M","$","M","M","R","E","M","T","R","M","?","M","M","R","B",null,"M","M","?","$","T","E","M","M","T","R","M","R","?","M","R","B",null,"M","$","M","M","M","M","$","?","T","R","E","M","?","M","R","B",null],"character_chosen":"THE_SILENT","items_purchased":["Finisher","Catalyst","Accuracy","Cloak And Dagger"],"campfire_rested":0,"item_purchase_floors":[3,21,21,36],"current_hp_per_floor":[70,70,70,70,70,70,74,74,74,74,74,74,74,74,74,74,75,75,75,75,75,75,69,64,66,66,66,48,48,41,43,43,45,75,69,69,71,72,69,71,71,71,71,71,63,65,62,64,64,62],"gold":44,"neow_bonus":"","is_prod":false,"is_daily":false,"chose_seed":false,"campfire_upgraded":8,"win_rate":0,"timestamp":1552734340,"path_taken":["M","M","$","?","M","R","E","M","T","R","M","?","M","?","R","BOSS","M","M","?","$","?","E","M","M","T","R","M","R","?","M","R","BOSS","M","$","M","M","M","M","?","?","T","R","E","M","?","M","R","BOSS"],"build_version":"2019-01-23","purchased_purges":1,"victory":true,"max_hp_per_floor":[70,70,70,70,70,70,75,75,75,75,75,75,75,75,75,75,75,75,75,75,75,75,75,75,75,75,75,75,75,75,75,75,75,75,75,75,75,75,75,75,75,75,75,75,75,75,75,75,75,75],"card_choices":[{"not_picked":["Outmaneuver","Sucker Punch"],"picked":"Escape Plan","floor":1},{"not_picked":["Quick Slash","Reflex"],"picked":"Footwork","floor":2},{"not_picked":["Expertise","Slice"],"picked":"Backflip","floor":4},{"not_picked":["All Out Attack","Riddle With Holes","Prepared"],"picked":"SKIP","floor":5},{"not_picked":["Dagger Spray","Dagger Throw","Sucker Punch"],"picked":"SKIP","floor":7},{"not_picked":["Distraction","Sucker Punch","Slice"],"picked":"SKIP","floor":8},{"not_picked":["Flying Knee","Dagger Throw"],"picked":"Footwork","floor":11},{"not_picked":["Dodge and Roll","Calculated Gamble","Skewer"],"picked":"SKIP","floor":13},{"not_picked":["Predator","Storm of Steel","Flying Knee"],"picked":"SKIP","floor":14},{"not_picked":["Unload","Grand Finale"],"picked":"Glass Knife","floor":16},{"not_picked":["Endless Agony","Well Laid Plans"],"picked":"Crippling Poison","floor":18},{"not_picked":["Bane","Cloak And Dagger"],"picked":"Catalyst","floor":19},{"not_picked":["Well Laid Plans","PiercingWail"],"picked":"Tools of the Trade","floor":23},{"not_picked":["Prepared","Flying Knee","Outmaneuver+1"],"picked":"SKIP","floor":24},{"not_picked":["Flying Knee","Dagger Throw","Dodge and Roll"],"picked":"SKIP","floor":25},{"not_picked":["PiercingWail","Blade Dance"],"picked":"Deflect+1","floor":28},{"not_picked":["Deflect","Infinite Blades"],"picked":"Deadly Poison+1","floor":31},{"not_picked":["Unload","Die Die Die"],"picked":"A Thousand Cuts","floor":33},{"not_picked":["Dagger Throw","Slice+1"],"picked":"Accuracy+1","floor":35},{"not_picked":["PiercingWail+1","Blade Dance+1"],"picked":"Cloak And Dagger+1","floor":37},{"not_picked":["Slice+1","Outmaneuver+1"],"picked":"Noxious Fumes+1","floor":38},{"not_picked":["Bouncing Flask","Well Laid Plans","PiercingWail"],"picked":"SKIP","floor":39},{"not_picked":["Reflex","Underhanded Strike+1"],"picked":"PiercingWail+1","floor":40},{"not_picked":["Accuracy","Caltrops"],"picked":"Cloak And Dagger+1","floor":45},{"not_picked":["Predator+1","Bane","Backflip"],"picked":"SKIP","floor":46},{"not_picked":["Heel Hook","Choke+1","Blade Dance"],"picked":"SKIP","floor":48}],"player_experience":1030158,"relics_obtained":[{"floor":7,"key":"Tingsha"},{"floor":9,"key":"Mercury Hourglass"},{"floor":22,"key":"Blood Vial"},{"floor":23,"key":"Art of War"},{"floor":26,"key":"Bronze Scales"},{"floor":43,"key":"Incense Burner"},{"floor":45,"key":"Ninja Scroll"},{"floor":47,"key":"Torii"}],"event_choices":[{"damage_healed":0,"gold_gain":0,"player_choice":"Forge","damage_taken":0,"max_hp_gain":0,"max_hp_loss":0,"event_name":"Accursed Blacksmith","floor":12,"gold_loss":0,"cards_upgraded":["Footwork"]},{"damage_healed":0,"gold_gain":0,"player_choice":"Cursed","damage_taken":0,"max_hp_gain":0,"max_hp_loss":0,"event_name":"Wheel of Change","floor":20,"gold_loss":0,"cards_obtained":["Decay"]},{"damage_healed":0,"gold_gain":0,"player_choice":"","damage_taken":7,"max_hp_gain":0,"max_hp_loss":0,"event_name":"Knowing Skull","floor":30,"potions_obtained":[],"gold_loss":0,"cards_obtained":[]},{"cards_removed":["Glass Knife"],"damage_healed":0,"gold_gain":0,"player_choice":"Removed Attack","damage_taken":0,"max_hp_gain":0,"max_hp_loss":0,"event_name":"Falling","floor":42,"gold_loss":0},{"damage_healed":0,"gold_gain":0,"player_choice":"Fight","damage_taken":0,"max_hp_gain":0,"max_hp_loss":0,"event_name":"Mysterious Sphere","floor":47,"gold_loss":0}],"is_beta":false,"boss_relics":[{"not_picked":["Snecko Eye","Empty Cage"],"picked":"Ectoplasm"},{"not_picked":["Philosopher\u0027s Stone","Busted Crown"],"picked":"Sozu"}],"items_purged_floors":[21],"is_endless":false,"potions_floor_spawned":[1,7,16,24,31,33,35,37,39,45],"ascension_level":0}