{"gold_per_floor":[112,126,201,217,53,53,86,6,6,36,86,86,121,138,138,214,214,224,124,150,161,76,76,95,115,161,161,180,180,22,72,72,72],"floor_reached":33,"playtime":829,"items_purged":["Strike_B","Strike_B"],"score":726,"play_id":"8b738233-9689-428d-9b27-a7a2a75f1efe","local_time":"20190321181448","is_ascension_mode":true,"campfire_choices":[{"data":"Loop","floor":6.0,"key":"SMITH"},{"floor":12.0,"key":"REST"},{"data":"Buffer","floor":15.0,"key":"SMITH"},{"floor":23,"key":"REST"},{"floor":27,"key":"REST"},{"floor":32,"key":"REST"}],"neow_cost":"NONE","seed_source_timestamp":4098779690604,"circlet_count":0,"master_deck":["AscendersBane","Strike_B","Strike_B","Defend_B","Defend_B","Defend_B","Defend_B","Zap","Dualcast","Streamline","Glacier","Conserve Battery","Loop+1","Buffer+1","Ball Lightning","Leap","Compile Driver","Ball Lightning","Electrodynamics","White Noise+1","Defragment","Ball Lightning","Coolheaded+1","Defragment","Glacier+1"],"special_seed":0,"relics":["Cracked Core","Orichalcum","Letter Opener","Toxic Egg 2","Art of War","Juzu Bracelet","Fusion Hammer","PreservedInsect","Turnip","Smiling Mask","Bag of Marbles"],"potions_floor_usage":[18,33],"damage_taken":[{"damage":4.0,"enemies":"Small Slimes","floor":1.0,"turns":3.0},{"damage":0.0,"enemies":"Cultist","floor":2.0,"turns":3.0},{"damage":6.0,"enemies":"Jaw Worm","floor":4.0,"turns":3.0},{"damage":13.0,"enemies":"3 Sentries","floor":7.0,"turns":13.0},{"damage":0.0,"enemies":"Gremlin Nob","floor":10.0,"turns":3.0},{"damage":0.0,"enemies":"Lagavulin","floor":13.0,"turns":6.0},{"damage":0.0,"enemies":"2 Fungi Beasts","floor":14.0,"turns":3.0},{"damage":0,"enemies":"Slime Boss","floor":16,"turns":8},{"damage":14,"enemies":"3 Byrds","floor":18,"turns":3},{"damage":25,"enemies":"Chosen","floor":21,"turns":6},{"damage":8,"enemies":"Centurion and Healer","floor":24,"turns":6},{"damage":16,"enemies":"Shelled Parasite and Fungi","floor":25,"turns":7},{"damage":7,"enemies":"Chosen and Byrds","floor":28,"turns":4},{"damage":72,"enemies":"Champ","floor":33,"turns":15}],"seed_played":"-5344133011824255352","potions_obtained":[{"floor":7.0,"key":"PowerPotion"},{"floor":10.0,"key":"LiquidBronze"},{"floor":16,"key":"Dexterity Potion"},{"floor":21,"key":"Fire Potion"}],"is_trial":false,"path_per_floor":["M","M","?","M","$","R","E","$","T","E","?","R","E","M","R","B",null,"M","$","T","M","?","R","M","M","T","R","M","?","$","?","R","B"],"character_chosen":"DEFECT","items_purchased":["Loop","Ball Lightning","Leap","Defragment","Glacier+1"],"campfire_rested":4,"item_purchase_floors":[5,8,8,30,30],"current_hp_per_floor":[60,60,49,43,43,43,30,30,30,30,23,44,44,44,44,44,64,50,50,50,25,25,46,38,22,22,43,36,36,36,36,57,0],"gold":72,"neow_bonus":"RANDOM_COMMON_RELIC","is_prod":false,"is_daily":false,"chose_seed":false,"campfire_upgraded":2,"win_rate":0,"timestamp":1553192088,"path_taken":["M","M","?","M","$","R","E","$","T","E","?","R","E","M","R","BOSS","M","$","?","M","?","R","M","M","T","R","M","?","$","?","R","BOSS"],"build_version":"2019-01-23","purchased_purges":2,"victory":false,"max_hp_per_floor":[71,71,71,71,71,71,71,71,71,71,71,71,71,71,71,71,71,71,71,71,71,71,71,71,71,71,71,71,71,71,71,71,71],"card_choices":[{"not_picked":["Coolheaded","Hologram"],"picked":"Streamline","floor":1.0},{"not_picked":["Loop","Rebound"],"picked":"Glacier","floor":2.0},{"not_picked":["Tempest","Steam"],"picked":"Conserve Battery","floor":4.0},{"not_picked":["Compile Driver","Steam"],"picked":"Buffer","floor":7.0},{"not_picked":["Sweeping Beam","Auto Shields+1"],"picked":"Compile Driver","floor":10.0},{"not_picked":["Gash","Skim+1"],"picked":"Ball Lightning","floor":13.0},{"not_picked":["Melter","Auto Shields+1","Cold Snap"],"picked":"SKIP","floor":14.0},{"not_picked":["Amplify+1","Meteor Strike"],"picked":"Electrodynamics","floor":16},{"not_picked":["Barrage","Go for the Eyes"],"picked":"White Noise+1","floor":18},{"not_picked":["Go for the Eyes+1","Lockon+1"],"picked":"Defragment","floor":21},{"not_picked":["Go for the Eyes","Tempest+1","Beam Cell"],"picked":"SKIP","floor":24},{"not_picked":["Steam Power+1","Turbo+1"],"picked":"Ball Lightning","floor":25},{"not_picked":["Scrape+1","Compile Driver"],"picked":"Coolheaded+1","floor":28}],"player_experience":561210,"relics_obtained":[{"floor":7.0,"key":"Letter Opener"},{"floor":9.0,"key":"Toxic Egg 2"},{"floor":10.0,"key":"Art of War"},{"floor":13.0,"key":"Juzu Bracelet"},{"floor":20,"key":"PreservedInsect"},{"floor":26,"key":"Smiling Mask"},{"floor":29,"key":"Bag of Marbles"}],"event_choices":[{"damage_healed":0.0,"max_hp_gain":0.0,"max_hp_loss":0.0,"gold_gain":75.0,"event_name":"World of Goop","player_choice":"Gather Gold","floor":3.0,"gold_loss":0.0,"damage_taken":11.0},{"damage_healed":0.0,"max_hp_gain":0.0,"max_hp_loss":0.0,"gold_gain":50.0,"event_name":"FaceTrader","player_choice":"Touch","floor":11.0,"gold_loss":0.0,"damage_taken":7.0},{"damage_healed":0,"gold_gain":0,"player_choice":"Obtained Relic","damage_taken":0,"relics_obtained":["Turnip"],"max_hp_gain":0,"max_hp_loss":0,"event_name":"Addict","floor":22,"gold_loss":85},{"damage_healed":0,"gold_gain":0,"player_choice":"Relic","damage_taken":0,"max_hp_gain":0,"max_hp_loss":0,"event_name":"Wheel of Change","floor":29,"gold_loss":0},{"damage_healed":0,"gold_gain":50,"player_choice":"Stole From Cult","damage_taken":0,"max_hp_gain":0,"max_hp_loss":0,"event_name":"Nest","floor":31,"gold_loss":0}],"is_beta":false,"boss_relics":[{"not_picked":["White Beast Statue","Lizard Tail"],"picked":"Fusion Hammer"}],"items_purged_floors":[5,19],"is_endless":false,"potions_floor_spawned":[7,10,16,21,25],"killed_by":"Champ","ascension_level":20}