{"gold_per_floor":[119,134,151,1,21,21,41,41,41,53,53,83,63,63,63,165,165,182,200,218,228,0,0,31,31,85,85,85,10,30,43,43,148,148,159,171,182,202,202,202,219,269,269,309,321,353,365,0,0,0],"floor_reached":50,"playtime":1923,"items_purged":["All Out Attack"],"score":521,"play_id":"c1627607-5a86-44d0-a8ea-26ebf62fafcc","local_time":"20190317003746","daily_mods":["Draft","Heirloom","Uncertain Future"],"is_ascension_mode":false,"campfire_choices":[{"data":"1","floor":6.0,"key":"LIFT"},{"data":"2","floor":11.0,"key":"LIFT"},{"floor":15.0,"key":"REST"},{"data":"3","floor":23.0,"key":"LIFT"},{"data":"Noxious Fumes","floor":25.0,"key":"SMITH"},{"floor":32.0,"key":"REST"},{"data":"Footwork","floor":45,"key":"SMITH"},{"data":"A Thousand Cuts","floor":47,"key":"SMITH"},{"floor":49,"key":"REST"}],"neow_cost":"","seed_source_timestamp":0,"circlet_count":0,"master_deck":["Backflip","Crippling Poison","Backflip+1","Blade Dance","Footwork+1","Blade Dance","Blur","Dash","Dagger Spray","Sucker Punch","Dagger Throw","Leg Sweep","Deadly Poison","Deadly Poison","Finisher","Accuracy","Catalyst","PiercingWail","Terror+1","Cloak And Dagger","PiercingWail+1","Leg Sweep","Well Laid Plans+1","Noxious Fumes+1","Cloak And Dagger","Crippling Poison","A Thousand Cuts+1","Noxious Fumes","Burst","Cloak And Dagger"],"special_seed":0,"relics":["Ring of the Snake","Girya","Art of War","Juzu Bracelet","WristBlade","Vajra","Ornamental Fan","Lantern","Enchiridion","Busted Crown","SsserpentHead","MawBank","Regal Pillow"],"potions_floor_usage":[37,46,50,50],"damage_taken":[{"damage":0.0,"enemies":"Cultist","floor":1.0,"turns":3.0},{"damage":0.0,"enemies":"Small Slimes","floor":2.0,"turns":3.0},{"damage":0.0,"enemies":"Jaw Worm","floor":3.0,"turns":4.0},{"damage":11.0,"enemies":"Gremlin Gang","floor":5.0,"turns":3.0},{"damage":10.0,"enemies":"2 Fungi Beasts","floor":7.0,"turns":3.0},{"damage":10.0,"enemies":"3 Louse","floor":10.0,"turns":3.0},{"damage":6.0,"enemies":"3 Sentries","floor":12.0,"turns":5.0},{"damage":12.0,"enemies":"Slime Boss","floor":16.0,"turns":4.0},{"damage":5.0,"enemies":"Chosen","floor":18.0,"turns":3.0},{"damage":2.0,"enemies":"Spheric Guardian","floor":19.0,"turns":3.0},{"damage":0.0,"enemies":"Snecko","floor":20.0,"turns":3.0},{"damage":7.0,"enemies":"Chosen and Byrds","floor":21.0,"turns":5.0},{"damage":8.0,"enemies":"Book of Stabbing","floor":24.0,"turns":5.0},{"damage":2.0,"enemies":"Shelled Parasite and Fungi","floor":30.0,"turns":4.0},{"damage":0.0,"enemies":"Centurion and Healer","floor":31.0,"turns":4.0},{"damage":49.0,"enemies":"Automaton","floor":33.0,"turns":10.0},{"damage":3.0,"enemies":"3 Shapes","floor":35.0,"turns":5.0},{"damage":5.0,"enemies":"3 Darklings","floor":36.0,"turns":3.0},{"damage":16,"enemies":"Spire Growth","floor":37,"turns":3},{"damage":5,"enemies":"Jaw Worm Horde","floor":38,"turns":3},{"damage":6,"enemies":"3 Darklings","floor":41,"turns":4},{"damage":20,"enemies":"Nemesis","floor":44,"turns":7},{"damage":0,"enemies":"Writhing Mass","floor":46,"turns":7},{"damage":63,"enemies":"Time Eater","floor":50,"turns":11}],"seed_played":"8502932211673002301","potions_obtained":[{"floor":3.0,"key":"FearPotion"},{"floor":7.0,"key":"Fire Potion"},{"floor":13.0,"key":"EssenceOfSteel"},{"floor":16.0,"key":"SpeedPotion"},{"floor":19.0,"key":"Strength Potion"},{"floor":20.0,"key":"Block Potion"},{"floor":30.0,"key":"Ancient Potion"},{"floor":33.0,"key":"Swift Potion"},{"floor":38,"key":"SteroidPotion"}],"is_trial":true,"path_per_floor":["M","M","M","$","M","R","M","?","T","M","R","E","?","?","R","B",null,"M","M","M","M","$","R","E","R","T","?","?","?","M","M","R","B",null,"M","M","M","M","?","?","M","?","T","E","R","M","R","$","R","B"],"character_chosen":"THE_SILENT","items_purchased":["Finisher","Accuracy","Noxious Fumes","Vajra","Noxious Fumes","Burst","Cloak And Dagger","Fire Potion"],"campfire_rested":3,"item_purchase_floors":[4,4,22,22,48,48,48,48],"current_hp_per_floor":[70,70,70,70,59,59,49,42,42,32,32,26,26,12,33,21,70,65,63,63,56,56,56,48,48,48,32,32,32,30,30,51,2,70,67,62,46,41,41,41,35,35,35,15,15,15,15,15,51,0],"gold":0,"neow_bonus":"","is_prod":false,"is_daily":false,"chose_seed":false,"campfire_upgraded":3,"win_rate":0,"timestamp":1552779466,"path_taken":["M","M","M","$","M","R","M","?","T","M","R","E","?","?","R","BOSS","M","M","M","M","$","R","E","R","T","?","?","?","M","M","R","BOSS","M","M","M","M","?","?","M","?","T","E","R","M","R","$","R","BOSS"],"build_version":"2019-01-23","purchased_purges":1,"victory":false,"max_hp_per_floor":[70,70,70,70,70,70,70,70,70,70,70,70,70,70,70,70,70,70,70,70,70,70,70,70,70,70,70,70,70,70,70,70,70,70,70,70,70,70,70,70,70,70,70,70,70,70,70,70,70,70],"card_choices":[{"not_picked":["Blade Dance","Tactician"],"picked":"Backflip","floor":0.0},{"not_picked":["Backflip","Flechettes"],"picked":"Crippling Poison","floor":0.0},{"not_picked":["Distraction","Dodge and Roll"],"picked":"Backflip","floor":0.0},{"not_picked":["Concentrate","Underhanded Strike"],"picked":"Sucker Punch","floor":0.0},{"not_picked":["Slice","Dagger Throw"],"picked":"Blade Dance","floor":0.0},{"not_picked":["Eviscerate","Dagger Spray"],"picked":"Footwork","floor":0.0},{"not_picked":["Poisoned Stab","Distraction"],"picked":"All Out Attack","floor":0.0},{"not_picked":["All Out Attack","Flying Knee"],"picked":"Blade Dance","floor":0.0},{"not_picked":["Blade Dance","Quick Slash"],"picked":"Blur","floor":0.0},{"not_picked":["Masterful Stab","Tactician"],"picked":"Dash","floor":0.0},{"not_picked":["Sucker Punch","Blade Dance"],"picked":"Dagger Spray","floor":0.0},{"not_picked":["Quick Slash","Slice"],"picked":"Sucker Punch","floor":0.0},{"not_picked":["Flying Knee","Prepared"],"picked":"Dagger Throw","floor":0.0},{"not_picked":["Deflect","Distraction"],"picked":"Leg Sweep","floor":0.0},{"not_picked":["Slice","Dodge and Roll"],"picked":"Deadly Poison","floor":0.0},{"not_picked":["Outmaneuver","Dagger Throw","Dodge and Roll"],"picked":"SKIP","floor":1.0},{"not_picked":["Concentrate","Bane","Poisoned Stab"],"picked":"SKIP","floor":2.0},{"not_picked":["Blade Dance","PiercingWail"],"picked":"Deadly Poison","floor":3.0},{"not_picked":["Riddle With Holes","Expertise","Tactician"],"picked":"SKIP","floor":5.0},{"not_picked":["Dash","Reflex"],"picked":"Catalyst","floor":7.0},{"not_picked":["Flechettes","Dagger Throw"],"picked":"PiercingWail","floor":10.0},{"not_picked":["Flying Knee","Die Die Die"],"picked":"Terror","floor":12.0},{"not_picked":["Grand Finale","Tools of the Trade"],"picked":"Glass Knife","floor":16.0},{"not_picked":["Outmaneuver","Reflex+1"],"picked":"Cloak And Dagger","floor":18.0},{"not_picked":["Tactician+1","Dagger Spray+1"],"picked":"PiercingWail+1","floor":19.0},{"not_picked":["Reflex","Quick Slash"],"picked":"Leg Sweep","floor":20.0},{"not_picked":["Outmaneuver+1","Escape Plan"],"picked":"Well Laid Plans+1","floor":21.0},{"not_picked":["Outmaneuver","Dagger Spray","Underhanded Strike"],"picked":"SKIP","floor":24.0},{"not_picked":["Noxious Fumes","Bane"],"picked":"Crippling Poison","floor":30.0},{"not_picked":["Backstab","Flying Knee+1","Bane"],"picked":"SKIP","floor":31.0},{"not_picked":["Phantasmal Killer","Doppelganger"],"picked":"A Thousand Cuts","floor":33.0},{"not_picked":["Terror+1"],"picked":"SKIP","floor":35.0},{"not_picked":["Sucker Punch+1"],"picked":"SKIP","floor":36.0},{"not_picked":["Backflip"],"picked":"SKIP","floor":37},{"not_picked":["Bane+1"],"picked":"SKIP","floor":38},{"not_picked":["Predator+1"],"picked":"SKIP","floor":41},{"not_picked":["Quick Slash"],"picked":"SKIP","floor":44},{"not_picked":["Concentrate"],"picked":"SKIP","floor":46}],"player_experience":1036699,"relics_obtained":[{"floor":9.0,"key":"Art of War"},{"floor":12.0,"key":"Juzu Bracelet"},{"floor":24.0,"key":"Ornamental Fan"},{"floor":26.0,"key":"Lantern"},{"floor":27.0,"key":"Enchiridion"},{"floor":43,"key":"MawBank"},{"floor":44,"key":"Regal Pillow"}],"event_choices":[{"damage_healed":0.0,"max_hp_gain":0.0,"max_hp_loss":0.0,"gold_gain":0.0,"event_name":"Wheel of Change","player_choice":"Damaged","floor":8.0,"gold_loss":0.0,"damage_taken":7.0},{"damage_healed":0.0,"max_hp_gain":0.0,"max_hp_loss":0.0,"gold_gain":0.0,"event_name":"The Woman in Blue","player_choice":"Bought 1 Potion","floor":13.0,"gold_loss":0.0,"damage_taken":0.0},{"damage_healed":0.0,"max_hp_gain":0.0,"max_hp_loss":0.0,"gold_gain":0.0,"event_name":"Shining Light","player_choice":"Entered Light","floor":14.0,"gold_loss":0.0,"damage_taken":14.0,"cards_upgraded":["Backflip","Terror"]},{"damage_healed":0.0,"max_hp_gain":0.0,"max_hp_loss":0.0,"gold_gain":0.0,"event_name":"Cursed Tome","player_choice":"Obtained Book","floor":27.0,"gold_loss":0.0,"damage_taken":16.0},{"damage_healed":0.0,"max_hp_gain":0.0,"max_hp_loss":0.0,"gold_gain":0.0,"event_name":"The Library","player_choice":"Read","floor":28.0,"gold_loss":0.0,"damage_taken":0.0,"cards_obtained":["Cloak And Dagger"]},{"cards_removed":["Sucker Punch"],"damage_healed":0.0,"max_hp_gain":0.0,"max_hp_loss":0.0,"gold_gain":0.0,"event_name":"Beggar","player_choice":"Gave Gold","floor":29.0,"gold_loss":75.0,"damage_taken":0.0},{"damage_healed":0,"gold_gain":0,"player_choice":"Ignored","damage_taken":0,"max_hp_gain":0,"max_hp_loss":0,"event_name":"Tomb of Lord Red Mask","floor":39,"gold_loss":0},{"damage_healed":0,"gold_gain":0,"player_choice":"Trade","damage_taken":0,"relics_obtained":["SsserpentHead"],"max_hp_gain":0,"max_hp_loss":0,"event_name":"FaceTrader","floor":40,"gold_loss":0},{"cards_removed":["Glass Knife"],"damage_healed":0,"gold_gain":0,"player_choice":"Removed Attack","damage_taken":0,"max_hp_gain":0,"max_hp_loss":0,"event_name":"Falling","floor":42,"gold_loss":0}],"is_beta":false,"boss_relics":[{"not_picked":["Ring of the Serpent","Orrery"],"picked":"WristBlade"},{"not_picked":["Tiny House","White Beast Statue"],"picked":"Busted Crown"}],"items_purged_floors":[48],"is_endless":false,"potions_floor_spawned":[3,7,16,19,20,30,33,38],"killed_by":"Time Eater","ascension_level":0}