{"gold_per_floor":[114,128,146,146,157,157,189,201,213,235,261,303,315,340,352,442,454,481,510,522,534,564,576,600,612,676,718,730,742,754,169,169,246,246,259,274,50,50,62,62,91,91,91,105,116,38,51,51],"floor_reached":48,"playtime":2315,"items_purged":["Streamline+1"],"score":964,"play_id":"109091bb-59d4-454a-94c2-ed9c1ef6bc70","local_time":"20190318223754","is_ascension_mode":true,"campfire_choices":[{"data":"Streamline","floor":6,"key":"SMITH"},{"data":"Electrodynamics","floor":8,"key":"SMITH"},{"floor":13,"key":"REST"},{"data":"Glacier","floor":15,"key":"SMITH"},{"floor":23,"key":"REST"},{"floor":25,"key":"REST"},{"floor":28,"key":"REST"},{"data":"Coolheaded","floor":30,"key":"SMITH"},{"floor":32,"key":"REST"},{"data":"Storm","floor":40,"key":"SMITH"},{"floor":42,"key":"REST"}],"neow_cost":"NONE","seed_source_timestamp":24592542921941,"circlet_count":0,"master_deck":["AscendersBane","Defend_B","Defend_B","Defend_B","Defend_B","Zap","Dualcast","Cold Snap","Ball Lightning","Electrodynamics+1","Sweeping Beam","Leap","Rainbow+1","Glacier+1","Creative AI","Electrodynamics+1","Gash+1","BootSequence","Defragment+1","Coolheaded+1","Leap+1","Seek","Master of Strategy","Thunder Strike","Glacier","Storm+1","Conserve Battery","Amplify","Defragment"],"relics":["Cracked Core","NeowsBlessing","MawBank","Centennial Puzzle","Mercury Hourglass","Astrolabe","Strawberry","Shuriken","Bag of Preparation","War Paint","Sozu","Lee\u0027s Waffle","Juzu Bracelet","Gambling Chip"],"potions_floor_usage":[7,12,12,27,27,33],"damage_taken":[{"damage":0,"enemies":"Cultist","floor":1,"turns":1},{"damage":0,"enemies":"Jaw Worm","floor":2,"turns":1},{"damage":0,"enemies":"2 Louse","floor":3,"turns":1},{"damage":2,"enemies":"Looter","floor":5,"turns":3},{"damage":6,"enemies":"3 Sentries","floor":7,"turns":6},{"damage":8,"enemies":"Lots of Slimes","floor":10,"turns":2},{"damage":12,"enemies":"Exordium Wildlife","floor":11,"turns":4},{"damage":3,"enemies":"Lagavulin","floor":12,"turns":5},{"damage":2,"enemies":"Red Slaver","floor":14,"turns":3},{"damage":18,"enemies":"Slime Boss","floor":16,"turns":6},{"damage":12,"enemies":"Shell Parasite","floor":18,"turns":7},{"damage":0,"enemies":"Chosen","floor":19,"turns":3},{"damage":3,"enemies":"Colosseum Slavers","floor":21,"turns":2},{"damage":18,"enemies":"Centurion and Healer","floor":22,"turns":4},{"damage":3,"enemies":"3 Cultists","floor":24,"turns":3},{"damage":38,"enemies":"Book of Stabbing","floor":27,"turns":6},{"damage":18,"enemies":"Champ","floor":33,"turns":13},{"damage":7,"enemies":"Orb Walker","floor":35,"turns":3},{"damage":10,"enemies":"3 Darklings","floor":36,"turns":4},{"damage":30,"enemies":"Maw","floor":39,"turns":8},{"damage":20,"enemies":"Reptomancer","floor":41,"turns":4},{"damage":3,"enemies":"Writhing Mass","floor":44,"turns":7},{"damage":0,"enemies":"Sphere and 2 Shapes","floor":45,"turns":4},{"damage":25,"enemies":"Maw","floor":47,"turns":6},{"damage":39,"enemies":"3 Darklings","floor":48,"turns":2}],"seed_played":"-1295148410618552872","potions_obtained":[{"floor":2,"key":"FocusPotion"},{"floor":5,"key":"Block Potion"},{"floor":10,"key":"Weak Potion"},{"floor":16,"key":"EssenceOfSteel"},{"floor":22,"key":"SteroidPotion"},{"floor":27,"key":"AttackPotion"}],"is_trial":false,"path_per_floor":["M","M","M","?","M","R","E","R","T","M","M","E","R","M","R","B",null,"M","M","?","?","M","R","M","R","T","E","R","T","R","$","R","B",null,"M","M","$","?","M","R","E","R","T","M","M","$","M","M"],"character_chosen":"DEFECT","items_purchased":["Seek","Master of Strategy","War Paint","Lee\u0027s Waffle","Defragment"],"campfire_rested":6,"item_purchase_floors":[31,31,31,37,46],"current_hp_per_floor":[64,64,64,57,55,55,49,49,49,41,29,26,47,45,45,27,60,48,48,28,25,7,29,26,48,55,17,41,41,41,41,65,47,74,67,57,90,90,60,60,40,67,67,64,64,64,39,0],"gold":51,"neow_bonus":"THREE_ENEMY_KILL","is_prod":false,"is_daily":false,"chose_seed":false,"campfire_upgraded":5,"win_rate":0,"timestamp":1552963074,"path_taken":["M","M","?","?","M","R","E","R","T","M","M","E","R","M","R","BOSS","M","M","?","?","M","R","M","R","T","E","R","?","R","$","R","BOSS","M","?","$","?","M","R","E","R","T","M","M","$","M","M"],"build_version":"2019-01-23","purchased_purges":1,"victory":false,"max_hp_per_floor":[71,71,71,71,71,71,71,71,71,71,71,71,71,71,71,71,71,71,71,76,76,76,76,76,76,83,83,83,83,83,83,83,83,83,83,83,90,90,90,90,90,90,90,90,90,90,90,90],"card_choices":[{"not_picked":["Conserve Battery","Redo","Reprogram"],"picked":"SKIP","floor":1},{"not_picked":["Steam Power","Redo"],"picked":"Cold Snap","floor":2},{"not_picked":["Coolheaded","Barrage"],"picked":"Ball Lightning","floor":3},{"not_picked":["Blizzard","Conserve Battery"],"picked":"Streamline","floor":5},{"not_picked":["Barrage","Melter"],"picked":"Electrodynamics","floor":7},{"not_picked":["Beam Cell","Redo"],"picked":"Sweeping Beam","floor":10},{"not_picked":["Turbo","Conserve Battery"],"picked":"Leap","floor":11},{"not_picked":["Static Discharge","Gash"],"picked":"Rainbow","floor":12},{"not_picked":["Barrage","Streamline"],"picked":"Glacier","floor":14},{"not_picked":["Meteor Strike","All For One"],"picked":"Creative AI","floor":16},{"not_picked":["Aggregate","Rebound"],"picked":"BootSequence","floor":18},{"not_picked":["White Noise","Coolheaded"],"picked":"Defragment+1","floor":19},{"not_picked":["Steam","Stack"],"picked":"Coolheaded","floor":22},{"not_picked":["Reboot","Cold Snap"],"picked":"Leap","floor":24},{"not_picked":["Redo","Barrage","Hello World"],"picked":"SKIP","floor":27},{"not_picked":["Biased Cognition","Reboot"],"picked":"Thunder Strike","floor":33},{"not_picked":["Auto Shields","Rebound"],"picked":"Glacier","floor":35},{"not_picked":["Redo","Double Energy"],"picked":"Storm","floor":36},{"not_picked":["Turbo","Sweeping Beam","Cold Snap"],"picked":"SKIP","floor":39},{"not_picked":["Leap","Reinforced Body"],"picked":"Conserve Battery","floor":41},{"not_picked":["Coolheaded","Double Energy","Barrage"],"picked":"SKIP","floor":44},{"not_picked":["Hello World","Darkness"],"picked":"Amplify","floor":45},{"not_picked":["Conserve Battery","Barrage","Gash"],"picked":"SKIP","floor":47}],"player_experience":582991,"relics_obtained":[{"floor":7,"key":"MawBank"},{"floor":9,"key":"Centennial Puzzle"},{"floor":12,"key":"Mercury Hourglass"},{"floor":26,"key":"Strawberry"},{"floor":27,"key":"Shuriken"},{"floor":29,"key":"Bag of Preparation"},{"floor":41,"key":"Juzu Bracelet"},{"floor":43,"key":"Gambling Chip"}],"event_choices":[{"cards_removed":["Strike_B"],"damage_healed":0,"gold_gain":0,"player_choice":"Card Removal","damage_taken":7,"max_hp_gain":0,"max_hp_loss":0,"event_name":"Golden Wing","floor":4,"gold_loss":0},{"damage_healed":0,"gold_gain":0,"player_choice":"Shed Blood","damage_taken":25,"max_hp_gain":5,"max_hp_loss":0,"event_name":"Forgotten Altar","floor":20,"gold_loss":0},{"damage_healed":0,"gold_gain":0,"player_choice":"Fight","damage_taken":0,"max_hp_gain":0,"max_hp_loss":0,"event_name":"Colosseum","floor":21,"gold_loss":0},{"damage_healed":0,"gold_gain":0,"player_choice":"Fled From Nobs","damage_taken":0,"max_hp_gain":0,"max_hp_loss":0,"event_name":"Colosseum","floor":21,"gold_loss":0},{"cards_removed":["Hyperbeam"],"damage_healed":0,"gold_gain":0,"player_choice":"Removed Attack","damage_taken":0,"max_hp_gain":0,"max_hp_loss":0,"event_name":"Falling","floor":38,"gold_loss":0}],"is_beta":false,"boss_relics":[{"not_picked":["Empty Cage","Eternal Feather"],"picked":"Astrolabe"},{"not_picked":["Pandora\u0027s Box","Tiny House"],"picked":"Sozu"}],"items_purged_floors":[31],"is_endless":false,"potions_floor_spawned":[2,5,10,16,22,27,36,41,45],"killed_by":"3 Darklings","ascension_level":18}