{"gold_per_floor":[364,382,307,317,317,317,303,303,303,315,139,139,156,169,169,274,274,274,149,149,149,149,149,149,149,149,149,149,149,149,149,149,149,149,149,149,149,149,149,149,149,149,149,149,149,149,0,0,0,0],"floor_reached":51,"playtime":4734,"items_purged":["Strike_G","Strike_G","Strike_G"],"score":631,"play_id":"3fb5139d-728a-4733-992c-7992da63dc32","local_time":"20190201181039","is_ascension_mode":false,"campfire_choices":[{"data":"Dagger Spray","floor":6,"key":"SMITH"},{"data":"Footwork","floor":15,"key":"SMITH"},{"data":"Dagger Spray","floor":23,"key":"SMITH"},{"data":"Neutralize","floor":28,"key":"SMITH"},{"data":"Sucker Punch","floor":30,"key":"SMITH"},{"data":"Bullet Time","floor":32,"key":"SMITH"},{"data":"Footwork","floor":40,"key":"SMITH"},{"data":"After Image","floor":49,"key":"SMITH"}],"neow_cost":"TEN_PERCENT_HP_LOSS","seed_source_timestamp":18840417679658,"circlet_count":0,"master_deck":["Defend_G","Defend_G","Defend_G","Defend_G","Defend_G","Survivor","Neutralize+1","Flying Knee","Dagger Spray+1","Backflip","Footwork+1","Sucker Punch+1","Terror","Bullet Time+1","Dagger Spray+1","Backflip+1","Dash","Footwork+1","Dash","Backflip","Backstab","Skewer+1","After Image+1","Expertise+1","Footwork+1","Caltrops+1"],"relics":["Ring of the Snake","Torii","Ectoplasm","Mercury Hourglass","Happy Flower","Gambling Chip","MawBank","Tiny House","Bird Faced Urn","Strawberry","Red Mask"],"potions_floor_usage":[50,50],"damage_taken":[{"damage":0,"enemies":"2 Louse","floor":1,"turns":3},{"damage":0,"enemies":"Cultist","floor":2,"turns":3},{"damage":0,"enemies":"Jaw Worm","floor":4,"turns":5},{"damage":5,"enemies":"Exordium Thugs","floor":7,"turns":5},{"damage":1,"enemies":"Exordium Wildlife","floor":10,"turns":6},{"damage":11,"enemies":"Gremlin Gang","floor":13,"turns":5},{"damage":0,"enemies":"Exordium Thugs","floor":14,"turns":4},{"damage":1,"enemies":"The Guardian","floor":16,"turns":15},{"damage":0,"enemies":"3 Byrds","floor":18,"turns":3},{"damage":0,"enemies":"Shell Parasite","floor":22,"turns":6},{"damage":1,"enemies":"Book of Stabbing","floor":27,"turns":7},{"damage":0,"enemies":"Shelled Parasite and Fungi","floor":29,"turns":5},{"damage":6,"enemies":"Gremlin Leader","floor":31,"turns":6},{"damage":2,"enemies":"Automaton","floor":33,"turns":9},{"damage":0,"enemies":"Orb Walker","floor":35,"turns":3},{"damage":0,"enemies":"3 Darklings","floor":36,"turns":4},{"damage":0,"enemies":"Writhing Mass","floor":37,"turns":7},{"damage":1,"enemies":"4 Shapes","floor":38,"turns":4},{"damage":18,"enemies":"Sphere and 2 Shapes","floor":39,"turns":6},{"damage":1,"enemies":"Transient","floor":41,"turns":5},{"damage":0,"enemies":"Mind Bloom Boss Battle","floor":42,"turns":6},{"damage":0,"enemies":"Jaw Worm Horde","floor":45,"turns":4},{"damage":0,"enemies":"Maw","floor":48,"turns":8},{"damage":25,"enemies":"Donu and Deca","floor":50,"turns":18}],"seed_played":"2391900591615890992","potions_obtained":[{"floor":4,"key":"Ancient Potion"},{"floor":13,"key":"SpeedPotion"},{"floor":14,"key":"SpeedPotion"},{"floor":41,"key":"SpeedPotion"}],"is_trial":false,"path_per_floor":["?","?","?","M","?","$","T","M","M","M","?","?","?","M"],"character_chosen":"THE_SILENT","items_purchased":["Terror"],"campfire_rested":0,"item_purchase_floors":[11],"current_hp_per_floor":[63,63,63,63,63,63,58,58,58,57,57,57,46,46,46,45,63,63,63,63,63,63,63,63,63,63,62,62,62,62,56,56,54,68,68,68,68,67,49,49,48,48,55,55,63,63,63,73,73,51],"gold":0,"neow_bonus":"TWO_FIFTY_GOLD","is_prod":false,"is_daily":false,"chose_seed":false,"campfire_upgraded":8,"win_rate":1,"timestamp":1549062639,"path_taken":["M","M","$","M","?","R","M","?","T","M","$","?","?","M","R","BOSS","M","$","?","?","M","R","$","?","T","E","R","?","R","E","R","BOSS","M","M","?","?","M","R","M","?","T","$","M","?","?","?","R","BOSS"],"build_version":"2019-01-23","purchased_purges":3,"victory":true,"max_hp_per_floor":[63,63,63,63,63,63,63,63,63,63,63,63,63,63,63,63,63,63,63,63,63,63,63,63,63,63,63,63,63,63,63,63,63,68,68,68,68,68,68,68,68,68,75,75,75,75,75,75,75,75],"card_choices":[{"not_picked":["Slice","Acrobatics"],"picked":"Flying Knee","floor":1},{"not_picked":["Calculated Gamble","Prepared"],"picked":"Dagger Spray","floor":2},{"not_picked":["Prepared","Flying Knee"],"picked":"Backflip","floor":4},{"not_picked":["Blade Dance","Riddle With Holes"],"picked":"Footwork","floor":7},{"not_picked":["Die Die Die","Choke"],"picked":"Sucker Punch","floor":10},{"not_picked":["Acrobatics","Reflex"],"picked":"Dagger Spray","floor":13},{"not_picked":["Dagger Spray","Deadly Poison"],"picked":"Backflip","floor":14},{"not_picked":["PiercingWail+1","Blade Dance"],"picked":"Dash","floor":18},{"not_picked":["Infinite Blades","Prepared+1"],"picked":"Dash","floor":22},{"not_picked":["Prepared","Deflect"],"picked":"Backflip","floor":27},{"not_picked":["Flying Knee","Heel Hook+1"],"picked":"Backstab","floor":29},{"not_picked":["Slice+1","Heel Hook+1"],"picked":"Skewer+1","floor":31},{"not_picked":["Night Terror","A Thousand Cuts"],"picked":"After Image","floor":33},{"not_picked":["Heel Hook","Endless Agony"],"picked":"Expertise+1","floor":35},{"not_picked":["Bane","Outmaneuver+1","Slice+1"],"picked":"SKIP","floor":36},{"not_picked":["Riddle With Holes+1","Bane+1","Slice"],"picked":"SKIP","floor":37},{"not_picked":["Dodge and Roll","Finisher+1","Dash"],"picked":"SKIP","floor":38},{"not_picked":["Sucker Punch+1","Tactician"],"picked":"Footwork","floor":39},{"not_picked":["Underhanded Strike","Heel Hook+1","Prepared+1"],"picked":"SKIP","floor":41},{"not_picked":["Dodge and Roll+1","Tactician"],"picked":"Caltrops+1","floor":45},{"not_picked":["Underhanded Strike+1","Skewer+1","Eviscerate"],"picked":"SKIP","floor":48}],"player_experience":60015,"relics_obtained":[{"floor":9,"key":"Torii"},{"floor":25,"key":"Mercury Hourglass"},{"floor":26,"key":"Happy Flower"},{"floor":27,"key":"Gambling Chip"},{"floor":31,"key":"MawBank"},{"floor":42,"key":"Bird Faced Urn"},{"floor":43,"key":"Strawberry"}],"event_choices":[{"cards_removed":["Strike_G"],"damage_healed":0,"gold_gain":0,"player_choice":"Forget","damage_taken":0,"max_hp_gain":0,"max_hp_loss":0,"event_name":"Living Wall","floor":5,"gold_loss":0},{"damage_healed":0,"gold_gain":0,"player_choice":"Ignored","damage_taken":0,"max_hp_gain":0,"max_hp_loss":0,"event_name":"Liars Game","floor":8,"gold_loss":0},{"damage_healed":0,"gold_gain":0,"cards_transformed":["Strike_G"],"player_choice":"Transformed","damage_taken":0,"max_hp_gain":0,"max_hp_loss":0,"event_name":"Transmorgrifier","floor":12,"gold_loss":0,"cards_obtained":["Bullet Time"]},{"damage_healed":0,"gold_gain":0,"player_choice":"Copied","damage_taken":0,"max_hp_gain":0,"max_hp_loss":0,"event_name":"Duplicator","floor":20,"gold_loss":0,"cards_obtained":["Footwork"]},{"damage_healed":0,"gold_gain":0,"player_choice":"Fight","damage_taken":0,"max_hp_gain":0,"max_hp_loss":0,"event_name":"MindBloom","floor":42,"gold_loss":0},{"damage_healed":0,"gold_gain":0,"player_choice":"Memory 1","damage_taken":0,"max_hp_gain":0,"max_hp_loss":0,"event_name":"SensoryStone","floor":46,"gold_loss":0},{"damage_healed":0,"gold_gain":0,"player_choice":"Paid","damage_taken":0,"relics_obtained":["Red Mask"],"max_hp_gain":0,"max_hp_loss":0,"event_name":"Tomb of Lord Red Mask","floor":47,"gold_loss":149}],"is_beta":false,"boss_relics":[{"not_picked":["White Beast Statue","Coffee Dripper"],"picked":"Ectoplasm"},{"not_picked":["HoveringKite","Runic Dome"],"picked":"Tiny House"}],"items_purged_floors":[3,11,19],"is_endless":false,"potions_floor_spawned":[4,13,14,16,18,29,31,33,37,39,41,45],"ascension_level":0}