{"gold_per_floor":[115,126,137,412,0,0,35,53,53,69,69,83,101,46,46,119,119,132,146,146,162,162,162,181,181,251,251,23,23,23,74,74,149,149,167,117,137,52,72,72,0,0,0,12,23,23,23],"floor_reached":47,"playtime":1813,"items_purged":["Regret"],"score":811,"play_id":"7f7ec29e-a4bf-499a-9af2-e881ab78f0a1","local_time":"20190308002725","is_ascension_mode":true,"campfire_choices":[{"data":"Armaments","floor":6.0,"key":"SMITH"},{"data":"Inflame","floor":11.0,"key":"SMITH"},{"floor":15.0,"key":"REST"},{"data":"Perfected Strike","floor":23,"key":"SMITH"},{"data":"Perfected Strike","floor":25,"key":"SMITH"},{"data":"Shockwave","floor":29,"key":"SMITH"},{"floor":32,"key":"REST"},{"data":"Demon Form","floor":40,"key":"SMITH"},{"data":"Reaper","floor":42,"key":"SMITH"}],"neow_cost":"NONE","seed_source_timestamp":110001849069641,"circlet_count":0,"master_deck":["AscendersBane","Strike_R","Strike_R","Strike_R","Strike_R+1","Defend_R","Defend_R","Defend_R","Bash","Offering","Perfected Strike+1","Armaments+1","Perfected Strike+1","Shrug It Off","Inflame+1","Warcry","Immolate","Twin Strike","Shockwave+1","Pommel Strike","Demon Form+1","Pommel Strike+1","True Grit","Warcry+1","Inflame+1","Reaper+1","Panacea"],"special_seed":0,"relics":["Burning Blood","Bag of Marbles","PreservedInsect","Blood Vial","Velvet Choker","Gremlin Horn","DollysMirror","Juzu Bracelet","Busted Crown","Red Mask","Pear"],"potions_floor_usage":[33,33,45,45],"damage_taken":[{"damage":4.0,"enemies":"2 Louse","floor":1.0,"turns":3.0},{"damage":1.0,"enemies":"Cultist","floor":2.0,"turns":3.0},{"damage":4.0,"enemies":"Jaw Worm","floor":3.0,"turns":6.0},{"damage":38.0,"enemies":"3 Sentries","floor":7.0,"turns":10.0},{"damage":10.0,"enemies":"Lots of Slimes","floor":8.0,"turns":5.0},{"damage":12.0,"enemies":"3 Louse","floor":10.0,"turns":4.0},{"damage":16.0,"enemies":"Exordium Thugs","floor":12.0,"turns":3.0},{"damage":15.0,"enemies":"Red Slaver","floor":13.0,"turns":4.0},{"damage":29.0,"enemies":"Slime Boss","floor":16.0,"turns":7.0},{"damage":18.0,"enemies":"2 Thieves","floor":18.0,"turns":4.0},{"damage":4.0,"enemies":"Chosen","floor":19.0,"turns":3.0},{"damage":19,"enemies":"Snecko","floor":21,"turns":4},{"damage":20,"enemies":"Chosen and Byrds","floor":24,"turns":5},{"damage":41,"enemies":"Collector","floor":33,"turns":7},{"damage":15,"enemies":"3 Shapes","floor":35,"turns":7},{"damage":27,"enemies":"3 Darklings","floor":37,"turns":3},{"damage":18,"enemies":"Transient","floor":39,"turns":6},{"damage":19,"enemies":"Sphere and 2 Shapes","floor":44,"turns":4},{"damage":43,"enemies":"Writhing Mass","floor":45,"turns":4},{"damage":50,"enemies":"Spire Growth","floor":47,"turns":3}],"seed_played":"-3010000425605989809","potions_obtained":[{"floor":1.0,"key":"Weak Potion"},{"floor":8.0,"key":"Strength Potion"},{"floor":10.0,"key":"Weak Potion"},{"floor":13.0,"key":"Fire Potion"},{"floor":18.0,"key":"AttackPotion"},{"floor":19.0,"key":"AttackPotion"},{"floor":35,"key":"Weak Potion"}],"is_trial":false,"path_per_floor":["M","M","M","?","$","R","E","M","T","M","R","M","M","$","R","B",null,"M","M","?","M","$","R","M","R","T","?","$","R","$","T","R","B",null,"M","?","M","$","M","R","?","R","T","M","M","?","M"],"character_chosen":"IRONCLAD","items_purchased":["Perfected Strike","Shrug It Off","Inflame","Bag of Marbles","Pommel Strike","DollysMirror","BloodPotion"],"campfire_rested":2,"item_purchase_floors":[5,5,5,5,14,28,38],"current_hp_per_floor":[70,75,75,75,75,75,43,39,39,35,35,27,20,20,42,21,62,52,56,56,45,45,45,33,33,33,33,33,33,33,33,55,22,62,66,66,47,47,55,55,55,55,65,72,45,45,0],"gold":23,"neow_bonus":"TRANSFORM_CARD","is_prod":false,"is_daily":false,"chose_seed":false,"campfire_upgraded":7,"win_rate":0,"timestamp":1552001245,"path_taken":["M","M","M","?","$","R","E","M","T","M","R","M","M","?","R","BOSS","M","M","?","?","$","R","M","R","T","?","$","R","$","?","R","BOSS","M","?","M","$","M","R","?","R","T","M","M","?","M"],"build_version":"2019-01-23","purchased_purges":1,"victory":false,"max_hp_per_floor":[75,75,75,75,75,75,75,75,75,75,75,75,75,75,75,75,75,75,75,75,75,75,75,75,75,75,75,75,75,75,75,75,75,75,75,75,75,75,75,75,75,75,85,85,85,85,85],"card_choices":[{"not_picked":["Shrug It Off","Armaments"],"picked":"Perfected Strike","floor":1.0},{"not_picked":["Body Slam","Infernal Blade"],"picked":"Armaments","floor":2.0},{"not_picked":["Second Wind","Thunderclap","Combust"],"picked":"SKIP","floor":3.0},{"not_picked":["Second Wind","Sentinel"],"picked":"Warcry","floor":7.0},{"not_picked":["Heavy Blade","Armaments","Rampage"],"picked":"SKIP","floor":8.0},{"not_picked":["Sever Soul","Body Slam"],"picked":"Immolate","floor":10.0},{"not_picked":["Iron Wave","Sentinel"],"picked":"Twin Strike","floor":12.0},{"not_picked":["Carnage","Searing Blow"],"picked":"Shockwave","floor":13.0},{"not_picked":["Juggernaut","Bludgeon"],"picked":"Demon Form","floor":16.0},{"not_picked":["Bloodletting","Headbutt"],"picked":"Pommel Strike","floor":18.0},{"not_picked":["Pommel Strike","Sword Boomerang"],"picked":"True Grit","floor":19.0},{"not_picked":["Sword Boomerang","Second Wind","Armaments"],"picked":"SKIP","floor":21},{"not_picked":["Cleave","Twin Strike"],"picked":"Warcry+1","floor":24},{"not_picked":["Exhume","Juggernaut"],"picked":"Reaper","floor":33},{"not_picked":["Entrench+1"],"picked":"SKIP","floor":35},{"not_picked":["Flex"],"picked":"SKIP","floor":37},{"not_picked":["Headbutt"],"picked":"SKIP","floor":39},{"not_picked":["Heavy Blade"],"picked":"SKIP","floor":44},{"not_picked":["Blood for Blood"],"picked":"SKIP","floor":45},{"not_picked":[],"picked":"Panacea","floor":46}],"player_experience":928664,"relics_obtained":[{"floor":7.0,"key":"PreservedInsect"},{"floor":9.0,"key":"Blood Vial"},{"floor":26,"key":"Gremlin Horn"},{"floor":31,"key":"Juzu Bracelet"},{"floor":43,"key":"Pear"}],"event_choices":[{"damage_healed":0.0,"max_hp_gain":0.0,"max_hp_loss":0.0,"gold_gain":275.0,"event_name":"Golden Shrine","player_choice":"Desecrate","floor":4.0,"gold_loss":0.0,"damage_taken":0.0,"cards_obtained":["Regret"]},{"cards_removed":["Defend_R"],"damage_healed":0.0,"max_hp_gain":0.0,"max_hp_loss":0.0,"gold_gain":0.0,"event_name":"Purifier","player_choice":"Purged","floor":20.0,"gold_loss":0.0,"damage_taken":0.0},{"damage_healed":0,"gold_gain":0,"player_choice":"Ignored","damage_taken":0,"max_hp_gain":0,"max_hp_loss":0,"event_name":"Beggar","floor":27,"gold_loss":0},{"damage_healed":0,"gold_gain":0,"player_choice":"Upgraded Two","damage_taken":0,"max_hp_gain":0,"max_hp_loss":0,"event_name":"Designer","floor":36,"gold_loss":50,"cards_upgraded":["Strike_R","Pommel Strike"]},{"damage_healed":0,"gold_gain":0,"player_choice":"Paid","damage_taken":0,"relics_obtained":["Red Mask"],"max_hp_gain":0,"max_hp_loss":0,"event_name":"Tomb of Lord Red Mask","floor":41,"gold_loss":72},{"damage_healed":0,"gold_gain":0,"player_choice":"Memory 1","damage_taken":0,"max_hp_gain":0,"max_hp_loss":0,"event_name":"SensoryStone","floor":46,"gold_loss":0}],"is_beta":false,"boss_relics":[{"not_picked":["Black Blood","Runic Cube"],"picked":"Velvet Choker"},{"not_picked":["Pandora\u0027s Box","Cursed Key"],"picked":"Busted Crown"}],"items_purged_floors":[5],"is_endless":false,"potions_floor_spawned":[1,8,10,12,13,18,19,35,44],"killed_by":"Spire Growth","ascension_level":18}