{"gold_per_floor":[109,109,109,123,123,123,148,148,148,175,209,43,43,74,74,151,151,171,181,194,194,194,194,225,235,260,291,302,302,302,335,335,335],"floor_reached":33,"playtime":1575,"items_purged":[],"score":671,"play_id":"660aa85b-2eaf-46e1-90d0-f0c4c91a7797","local_time":"20190112161610","is_ascension_mode":true,"campfire_choices":[{"data":"Skewer","floor":6.0,"key":"SMITH"},{"floor":8.0,"key":"REST"},{"floor":13.0,"key":"REST"},{"data":"Malaise","floor":15.0,"key":"SMITH"},{"data":"Malaise","floor":23.0,"key":"SMITH"},{"data":"Dodge and Roll","floor":30,"key":"SMITH"},{"floor":32,"key":"REST"}],"neow_cost":"NONE","seed_source_timestamp":16568761483662,"circlet_count":0,"master_deck":["AscendersBane","Defend_G","Defend_G","Defend_G","Defend_G","Defend_G","Strike_G","Strike_G+1","Strike_G","Strike_G","Survivor+1","Neutralize","Die Die Die","Skewer+1","Dagger Throw","Sucker Punch","Cloak And Dagger","Malaise+1","Corpse Explosion","Cloak And Dagger","Crippling Poison","Doppelganger","Backflip","Well Laid Plans+1","Dodge and Roll+1","Malaise+1","Leg Sweep","Sucker Punch+1","Tools of the Trade+1","Blur"],"special_seed":0,"relics":["Ring of the Snake","Paper Crane","Anchor","StoneCalendar","Sundial","Odd Mushroom","Mummified Hand","Meat on the Bone","Orrery","Du-Vu Doll","Frozen Egg 2","Art of War","Centennial Puzzle","Pear"],"potions_floor_usage":[33],"damage_taken":[{"damage":3.0,"enemies":"Cultist","floor":1.0,"turns":5.0},{"damage":0.0,"enemies":"2 Louse","floor":4.0,"turns":2.0},{"damage":19.0,"enemies":"Lagavulin","floor":7.0,"turns":6.0},{"damage":1.0,"enemies":"The Mushroom Lair","floor":10.0,"turns":4.0},{"damage":16.0,"enemies":"Gremlin Nob","floor":11.0,"turns":4.0},{"damage":10.0,"enemies":"Lagavulin","floor":14.0,"turns":7.0},{"damage":11.0,"enemies":"The Guardian","floor":16.0,"turns":16.0},{"damage":10.0,"enemies":"Chosen","floor":18.0,"turns":7.0},{"damage":27.0,"enemies":"3 Byrds","floor":19.0,"turns":3.0},{"damage":11.0,"enemies":"Snake Plant","floor":20.0,"turns":7.0},{"damage":0.0,"enemies":"Book of Stabbing","floor":24.0,"turns":7.0},{"damage":14.0,"enemies":"Centurion and Healer","floor":25.0,"turns":9.0},{"damage":30.0,"enemies":"Slavers","floor":27.0,"turns":4.0},{"damage":2,"enemies":"Chosen and Byrds","floor":28,"turns":7},{"damage":25,"enemies":"Gremlin Leader","floor":31,"turns":7},{"damage":63,"enemies":"Automaton","floor":33,"turns":12}],"seed_played":"6620485171406238061","potions_obtained":[{"floor":1.0,"key":"SteroidPotion"},{"floor":4.0,"key":"Weak Potion"},{"floor":19.0,"key":"LiquidBronze"},{"floor":24.0,"key":"Ancient Potion"},{"floor":25.0,"key":"Strength Potion"}],"is_trial":false,"path_per_floor":["M","T","?","M","?","R","E","R","T","?","E","$","R","E","R","B",null,"M","M","M","?","T","R","E","M","T","E","M","?","R","E","R","B"],"character_chosen":"THE_SILENT","items_purchased":["Malaise"],"campfire_rested":3,"item_purchase_floors":[12],"current_hp_per_floor":[56,56,56,56,36,36,17,36,36,35,19,19,38,28,28,29,57,47,32,33,33,33,33,45,43,43,25,35,35,35,32,54,0],"gold":335,"neow_bonus":"ONE_RANDOM_RARE_CARD","is_prod":false,"is_daily":false,"chose_seed":false,"campfire_upgraded":4,"win_rate":0,"timestamp":1547306170,"path_taken":["M","?","?","?","?","R","E","R","T","?","E","$","R","E","R","BOSS","M","M","M","?","?","R","E","M","T","E","?","?","R","E","R","BOSS"],"build_version":"2019-01-10","purchased_purges":0,"victory":false,"max_hp_per_floor":[66,66,66,66,66,66,66,66,66,66,66,66,66,66,66,66,66,66,66,66,66,66,66,66,66,66,66,66,66,66,76,76,76],"card_choices":[{"not_picked":["PiercingWail","Acrobatics"],"picked":"Skewer","floor":1.0},{"not_picked":["PiercingWail","Underhanded Strike"],"picked":"Dagger Throw","floor":4.0},{"not_picked":["Heel Hook","Prepared"],"picked":"Sucker Punch","floor":7.0},{"not_picked":["All Out Attack","Underhanded Strike"],"picked":"Cloak And Dagger","floor":10.0},{"not_picked":["Bane","Dagger Spray","Accuracy"],"picked":"SKIP","floor":11.0},{"not_picked":["Tactician","Unload","Bane"],"picked":"SKIP","floor":14.0},{"not_picked":["Burst","Wraith Form v2"],"picked":"Corpse Explosion","floor":16.0},{"not_picked":["Sucker Punch","Heel Hook"],"picked":"Cloak And Dagger","floor":17.0},{"not_picked":["Bouncing Flask","Dagger Throw"],"picked":"Crippling Poison","floor":17.0},{"not_picked":["Sucker Punch","Caltrops"],"picked":"Doppelganger","floor":17.0},{"not_picked":["Expertise","Blade Dance"],"picked":"Backflip","floor":18.0},{"not_picked":["Dagger Spray","After Image"],"picked":"Well Laid Plans+1","floor":19.0},{"not_picked":["Dagger Throw","Underhanded Strike"],"picked":"Dodge and Roll","floor":20.0},{"not_picked":["Deadly Poison","Dagger Spray"],"picked":"Leg Sweep","floor":24.0},{"not_picked":["Skewer","Dodge and Roll"],"picked":"Sucker Punch+1","floor":25.0},{"not_picked":["Sucker Punch","All Out Attack"],"picked":"Tools of the Trade+1","floor":27.0},{"not_picked":["Deflect","Quick Slash","Bane"],"picked":"SKIP","floor":28},{"not_picked":["Acrobatics","Dagger Spray"],"picked":"Blur","floor":31}],"player_experience":505951,"relics_obtained":[{"floor":2.0,"key":"Paper Crane"},{"floor":7.0,"key":"StoneCalendar"},{"floor":9.0,"key":"Sundial"},{"floor":10.0,"key":"Odd Mushroom"},{"floor":11.0,"key":"Mummified Hand"},{"floor":14.0,"key":"Meat on the Bone"},{"floor":22.0,"key":"Du-Vu Doll"},{"floor":24.0,"key":"Frozen Egg 2"},{"floor":26.0,"key":"Art of War"},{"floor":27.0,"key":"Centennial Puzzle"},{"floor":31,"key":"Pear"}],"event_choices":[{"damage_healed":0.0,"max_hp_gain":0.0,"max_hp_loss":0.0,"gold_gain":0.0,"event_name":"WeMeetAgain","player_choice":"Gave Potion","floor":3.0,"gold_loss":0.0,"damage_taken":0.0,"relics_obtained":["Anchor"]},{"damage_healed":0.0,"max_hp_gain":0.0,"max_hp_loss":0.0,"gold_gain":0.0,"event_name":"Shining Light","player_choice":"Entered Light","floor":5.0,"gold_loss":0.0,"damage_taken":20.0,"cards_upgraded":["Survivor","Strike_G"]},{"damage_healed":0.0,"max_hp_gain":0.0,"max_hp_loss":0.0,"gold_gain":0.0,"event_name":"Mushrooms","player_choice":"Fought Mushrooms","floor":10.0,"gold_loss":0.0,"damage_taken":0.0},{"damage_healed":0.0,"max_hp_gain":0.0,"max_hp_loss":0.0,"gold_gain":0.0,"event_name":"The Library","player_choice":"Read","floor":21.0,"gold_loss":0.0,"damage_taken":0.0,"cards_obtained":["Malaise"]},{"cards_removed":["Strike_G"],"damage_healed":0,"gold_gain":0,"player_choice":"Offered Basic","damage_taken":0,"max_hp_gain":0,"max_hp_loss":0,"event_name":"Bonfire Elementals","floor":29,"gold_loss":0}],"is_beta":false,"boss_relics":[{"not_picked":["Tiny House","Calling Bell"],"picked":"Orrery"}],"items_purged_floors":[],"is_endless":false,"potions_floor_spawned":[1,4,19,24,25],"killed_by":"Automaton","ascension_level":19}