{"gold_per_floor":[115,133,133,152,172,203,57,90,90,90,90,150,47,81,81,180,180,200,250,269,279,341,341,316,316,316,351,366,11,23,36,36,139,139,139,240,252,1301,1351,1351,561,561,561,572,632,645,22,92,92,92],"floor_reached":50,"playtime":1885,"items_purged":["Strike_B","Strike_B","Normality","Normality"],"score":686,"play_id":"90ba6a18-5b7e-48a3-8a8b-66fad4de96a7","local_time":"20190307130514","is_ascension_mode":false,"campfire_choices":[{"data":"Defragment","floor":11,"key":"SMITH"},{"floor":15,"key":"REST"},{"data":"Hologram","floor":23,"key":"SMITH"},{"data":"Zap","floor":25,"key":"SMITH"},{"floor":32,"key":"REST"},{"floor":40,"key":"REST"},{"data":"Defragment","floor":42,"key":"SMITH"},{"floor":49,"key":"REST"}],"neow_cost":"NONE","seed_source_timestamp":69063522585434,"circlet_count":0,"master_deck":["Strike_B","Defend_B","Defend_B","Defend_B","Defend_B","Zap+1","Dualcast","Cold Snap","Hologram+1","BootSequence","Defragment+1","Gash","Scrape","Gash","Gash","Core Surge","Go for the Eyes","Defragment+1","Gash","FTL+1","Steam+1","Conserve Battery+1","Go for the Eyes","Recycle","Go for the Eyes+1","Machine Learning","Reinforced Body+1","Reinforced Body+1","Defragment+1","Gash+1","Defragment+1","BootSequence"],"relics":["Cracked Core","NeowsBlessing","Lantern","Bag of Marbles","Cables","SsserpentHead","Blood Vial","Dead Branch","Runic Dome","Mummified Hand","Vajra","Anchor","Sozu","Gambling Chip","Sundial","Strawberry","Sling","Pear","Mercury Hourglass","DollysMirror"],"potions_floor_usage":[6,8,16,33,35,45,45],"damage_taken":[{"damage":0,"enemies":"Cultist","floor":1,"turns":1},{"damage":0,"enemies":"2 Louse","floor":2,"turns":1},{"damage":0,"enemies":"Small Slimes","floor":4,"turns":1},{"damage":0,"enemies":"3 Louse","floor":5,"turns":3},{"damage":17,"enemies":"Gremlin Nob","floor":6,"turns":5},{"damage":26,"enemies":"Lagavulin","floor":8,"turns":7},{"damage":8,"enemies":"Gremlin Gang","floor":12,"turns":4},{"damage":12,"enemies":"Gremlin Nob","floor":14,"turns":3},{"damage":0,"enemies":"Slime Boss","floor":16,"turns":7},{"damage":6,"enemies":"2 Thieves","floor":18,"turns":3},{"damage":8,"enemies":"Spheric Guardian","floor":20,"turns":4},{"damage":25,"enemies":"Snake Plant","floor":21,"turns":4},{"damage":8,"enemies":"Sentry and Sphere","floor":22,"turns":5},{"damage":0,"enemies":"Book of Stabbing","floor":27,"turns":4},{"damage":5,"enemies":"Cultist and Chosen","floor":28,"turns":4},{"damage":0,"enemies":"Centurion and Healer","floor":30,"turns":4},{"damage":0,"enemies":"Snake Plant","floor":31,"turns":2},{"damage":1,"enemies":"Automaton","floor":33,"turns":7},{"damage":0,"enemies":"3 Darklings","floor":35,"turns":2},{"damage":68,"enemies":"2 Orb Walkers","floor":36,"turns":6},{"damage":0,"enemies":"Orb Walker","floor":37,"turns":2},{"damage":0,"enemies":"Sphere and 2 Shapes","floor":44,"turns":7},{"damage":31,"enemies":"3 Darklings","floor":45,"turns":6},{"damage":0,"enemies":"4 Shapes","floor":46,"turns":4},{"damage":0,"enemies":"Sphere and 2 Shapes","floor":48,"turns":6},{"damage":58,"enemies":"Donu and Deca","floor":50,"turns":9}],"seed_played":"2075797531339493741","potions_obtained":[{"floor":2,"key":"Regen Potion"},{"floor":5,"key":"Block Potion"},{"floor":14,"key":"SkillPotion"},{"floor":16,"key":"FearPotion"},{"floor":18,"key":"Fire Potion"},{"floor":20,"key":"SmokeBomb"},{"floor":33,"key":"Explosive Potion"}],"is_trial":false,"path_per_floor":["M","M","$","M","M","E","$","E","T","?","R","M","$","E","R","B",null,"M","?","M","M","M","R","?","R","T","E","M","$","M","M","R","B",null,"M","?","M","?","?","R","$","R","T","M","M","M","$","M","R","B"],"character_chosen":"DEFECT","items_purchased":["Scrape","Blood Vial","Anchor","Go for the Eyes","AttackPotion","Sundial","Strawberry","Sling","Defragment","Mercury Hourglass","DollysMirror","BootSequence"],"campfire_rested":4,"item_purchase_floors":[7,13,29,29,29,41,41,41,41,47,47,47],"current_hp_per_floor":[75,75,75,75,75,58,58,47,47,47,47,39,39,29,51,53,75,69,69,63,40,34,34,34,34,34,36,33,33,35,37,59,60,75,75,7,9,9,9,31,38,38,48,50,21,23,23,25,52,0],"gold":92,"neow_bonus":"THREE_ENEMY_KILL","is_prod":false,"is_daily":false,"chose_seed":false,"campfire_upgraded":4,"win_rate":0,"timestamp":1551960314,"path_taken":["M","?","$","M","M","E","$","E","T","?","R","?","?","E","R","BOSS","M","?","M","M","?","R","?","R","T","E","M","$","M","M","R","BOSS","M","?","M","?","?","R","$","R","T","M","?","M","$","?","R","BOSS"],"build_version":"2019-01-23","purchased_purges":4,"victory":false,"max_hp_per_floor":[75,75,75,75,75,75,75,75,75,75,75,75,75,75,75,75,75,75,75,75,75,75,75,75,75,75,75,75,75,75,75,75,75,75,75,75,75,75,75,75,82,82,92,92,92,92,92,92,92,92],"card_choices":[{"not_picked":["Barrage","Doom and Gloom"],"picked":"Cold Snap","floor":1},{"not_picked":["Cold Snap","Skim"],"picked":"Hologram","floor":2},{"not_picked":["Rebound","Turbo"],"picked":"BootSequence","floor":4},{"not_picked":["White Noise","Hologram"],"picked":"Defragment","floor":5},{"not_picked":["Leap","Redo"],"picked":"Gash","floor":6},{"not_picked":["Lockon","Aggregate"],"picked":"Gash","floor":8},{"not_picked":["Meteor Strike","Steam Power","Cold Snap"],"picked":"SKIP","floor":12},{"not_picked":["Sunder","Stack"],"picked":"Gash","floor":14},{"not_picked":["Thunder Strike","Hyperbeam"],"picked":"Core Surge","floor":16},{"not_picked":["Consume","Hologram"],"picked":"Go for the Eyes","floor":18},{"not_picked":["Sunder","Auto Shields"],"picked":"Gash","floor":20},{"not_picked":["BootSequence","Self Repair"],"picked":"FTL+1","floor":21},{"not_picked":["Biased Cognition","Tempest+1"],"picked":"Steam+1","floor":22},{"not_picked":["Steam Power","Rebound"],"picked":"Conserve Battery+1","floor":27},{"not_picked":["Hologram","Doom and Gloom","Ball Lightning"],"picked":"SKIP","floor":28},{"not_picked":["Streamline","Go for the Eyes"],"picked":"Recycle","floor":30},{"not_picked":["Streamline","Leap"],"picked":"Go for the Eyes+1","floor":31},{"not_picked":["Meteor Strike","Rainbow"],"picked":"Machine Learning","floor":33},{"not_picked":["Skim+1","Barrage+1"],"picked":"Reinforced Body+1","floor":36},{"not_picked":["Leap","Reprogram"],"picked":"Reinforced Body+1","floor":37},{"not_picked":["Auto Shields+1","Barrage"],"picked":"Gash+1","floor":44},{"not_picked":["Blizzard","Streamline+1","Fusion"],"picked":"SKIP","floor":45},{"not_picked":["Hello World+1","Ball Lightning+1","Reprogram+1"],"picked":"SKIP","floor":46},{"not_picked":["Cold Snap+1","Compile Driver+1","Recycle"],"picked":"SKIP","floor":48}],"player_experience":918915,"relics_obtained":[{"floor":6,"key":"Lantern"},{"floor":8,"key":"Bag of Marbles"},{"floor":9,"key":"Cables"},{"floor":14,"key":"Dead Branch"},{"floor":26,"key":"Mummified Hand"},{"floor":27,"key":"Vajra"},{"floor":36,"key":"Gambling Chip"},{"floor":43,"key":"Pear"}],"event_choices":[{"damage_healed":0,"gold_gain":0,"player_choice":"Trade","damage_taken":0,"relics_obtained":["SsserpentHead"],"max_hp_gain":0,"max_hp_loss":0,"event_name":"FaceTrader","floor":10,"gold_loss":0},{"damage_healed":0,"gold_gain":0,"player_choice":"Copied","damage_taken":0,"max_hp_gain":0,"max_hp_loss":0,"event_name":"Duplicator","floor":19,"gold_loss":0,"cards_obtained":["Defragment"]},{"cards_removed":["Strike_B"],"damage_healed":0,"gold_gain":0,"player_choice":"Gave Gold","damage_taken":0,"max_hp_gain":0,"max_hp_loss":0,"event_name":"Beggar","floor":24,"gold_loss":75},{"damage_healed":0,"gold_gain":0,"player_choice":"Fight","damage_taken":0,"max_hp_gain":0,"max_hp_loss":0,"event_name":"Mysterious Sphere","floor":36,"gold_loss":0},{"damage_healed":0,"gold_gain":999,"player_choice":"Gold","damage_taken":0,"max_hp_gain":0,"max_hp_loss":0,"event_name":"MindBloom","floor":38,"gold_loss":0,"cards_obtained":["Normality","Normality"]},{"damage_healed":0,"gold_gain":0,"player_choice":"Bought 0 Potions","damage_taken":0,"max_hp_gain":0,"max_hp_loss":0,"event_name":"The Woman in Blue","floor":39,"gold_loss":0}],"is_beta":false,"boss_relics":[{"not_picked":["Runic Pyramid","Velvet Choker"],"picked":"Runic Dome"},{"not_picked":["Empty Cage","Black Star"],"picked":"Sozu"}],"items_purged_floors":[7,29,41,47],"is_endless":false,"potions_floor_spawned":[2,5,14,16,18,20,22,33,36,37,46],"killed_by":"Donu and Deca","ascension_level":0}