{"gold_per_floor":[115,129,155,174,47,47,47,79,159,185,185,205,205,220,220,294,294,294,88,88,88,88,88,88,88,88,88,88,88,47,47,47,47,47,47,47,47,47,47],"floor_reached":39,"playtime":1344,"items_purged":["Strike_R"],"score":858,"play_id":"e1213486-61c1-4aaf-9ec6-21e55675d2c2","local_time":"20190218153058","is_ascension_mode":true,"campfire_choices":[{"data":"Carnage","floor":6.0,"key":"SMITH"},{"data":"Flame Barrier","floor":11.0,"key":"SMITH"},{"data":"True Grit","floor":13.0,"key":"SMITH"},{"data":"Bash","floor":15.0,"key":"SMITH"},{"floor":23.0,"key":"REST"},{"floor":25.0,"key":"REST"},{"data":"Power Through","floor":32,"key":"SMITH"}],"neow_cost":"NONE","seed_source_timestamp":425841692789038,"circlet_count":0,"master_deck":["AscendersBane","Strike_R","Strike_R","Defend_R","Defend_R","Bash+1","Metallicize","Twin Strike","Shrug It Off","Carnage+1","Flame Barrier+1","True Grit+1","Barricade","Shockwave","Inflame","Disarm","Whirlwind+1","Feel No Pain+1","Spot Weakness","Body Slam","Reckless Charge","Power Through+1","Juggernaut+1","Iron Wave+1","Body Slam+1"],"special_seed":0,"relics":["Burning Blood","PreservedInsect","Ancient Tea Set","Self Forming Clay","Letter Opener","Ectoplasm","Ice Cream","Frozen Egg 2","Art of War","Empty Cage"],"potions_floor_usage":[31,35,38,39],"damage_taken":[{"damage":7.0,"enemies":"Cultist","floor":1.0,"turns":4.0},{"damage":8.0,"enemies":"Small Slimes","floor":2.0,"turns":3.0},{"damage":4.0,"enemies":"Jaw Worm","floor":4.0,"turns":5.0},{"damage":4.0,"enemies":"3 Sentries","floor":8.0,"turns":6.0},{"damage":15.0,"enemies":"Lagavulin","floor":10.0,"turns":5.0},{"damage":8.0,"enemies":"Large Slime","floor":12.0,"turns":5.0},{"damage":5.0,"enemies":"Gremlin Gang","floor":14.0,"turns":7.0},{"damage":9.0,"enemies":"The Guardian","floor":16.0,"turns":16.0},{"damage":15.0,"enemies":"3 Byrds","floor":18.0,"turns":6.0},{"damage":50.0,"enemies":"Colosseum Slavers","floor":20.0,"turns":6.0},{"damage":5.0,"enemies":"Shell Parasite","floor":22.0,"turns":6.0},{"damage":16.0,"enemies":"Book of Stabbing","floor":24.0,"turns":5.0},{"damage":5.0,"enemies":"Snake Plant","floor":28.0,"turns":4.0},{"damage":14.0,"enemies":"Centurion and Healer","floor":29.0,"turns":10.0},{"damage":6,"enemies":"Gremlin Leader","floor":31,"turns":3},{"damage":42,"enemies":"Automaton","floor":33,"turns":14},{"damage":12,"enemies":"Orb Walker","floor":35,"turns":4},{"damage":37,"enemies":"3 Darklings","floor":37,"turns":5},{"damage":38,"enemies":"Transient","floor":38,"turns":6},{"damage":17,"enemies":"Jaw Worm Horde","floor":39,"turns":1}],"seed_played":"-2836111901183828249","potions_obtained":[{"floor":1.0,"key":"Regen Potion"},{"floor":8.0,"key":"EssenceOfSteel"},{"floor":16.0,"key":"Block Potion"},{"floor":24.0,"key":"SteroidPotion"},{"floor":29.0,"key":"Block Potion"},{"floor":37,"key":"Regen Potion"},{"floor":38,"key":"BloodPotion"}],"is_trial":false,"path_per_floor":["M","M","T","M","$","R","?","E","T","E","R","M","R","M","R","B",null,"M","$","?","?","M","R","E","R","T","?","M","M","$","E","R","B",null,"M","?","M","M","M"],"character_chosen":"IRONCLAD","items_purchased":["Shrug It Off","Carnage","Inflame","Disarm","Power Through"],"campfire_rested":2,"item_purchase_floors":[5,5,19,19,30],"current_hp_per_floor":[67,65,65,67,67,67,67,69,69,60,60,58,58,59,59,56,70,61,61,17,17,18,40,30,52,52,52,53,59,59,59,59,23,62,56,56,25,8,0],"gold":47,"neow_bonus":"REMOVE_CARD","is_prod":false,"is_daily":false,"chose_seed":false,"campfire_upgraded":5,"win_rate":0,"timestamp":1550503858,"path_taken":["M","M","?","M","$","R","?","E","T","E","R","?","R","M","R","BOSS","M","$","?","?","?","R","E","R","T","?","M","M","$","E","R","BOSS","M","?","?","M","M"],"build_version":"2019-01-23","purchased_purges":1,"victory":false,"max_hp_per_floor":[75,75,75,75,75,75,75,75,75,75,75,75,75,75,75,75,75,75,75,75,75,75,75,75,75,75,75,75,75,75,75,75,75,75,75,75,75,75,75],"card_choices":[{"not_picked":["Body Slam","Combust"],"picked":"Clothesline","floor":1.0},{"not_picked":["Anger","Blood for Blood"],"picked":"Metallicize","floor":2.0},{"not_picked":["Pummel","Heavy Blade"],"picked":"Twin Strike","floor":4.0},{"not_picked":["Whirlwind","Cleave","Hemokinesis"],"picked":"SKIP","floor":8.0},{"not_picked":["Pummel","Wild Strike"],"picked":"Flame Barrier","floor":10.0},{"not_picked":["Combust","Sword Boomerang"],"picked":"True Grit","floor":12.0},{"not_picked":["Sentinel","Heavy Blade","Cleave"],"picked":"SKIP","floor":14.0},{"not_picked":["Demon Form","Exhume"],"picked":"Barricade","floor":16.0},{"not_picked":["Dual Wield","Corruption"],"picked":"Shockwave","floor":18.0},{"not_picked":["Flex","Iron Wave"],"picked":"Whirlwind+1","floor":22.0},{"not_picked":["Feed","Carnage"],"picked":"Feel No Pain+1","floor":24.0},{"not_picked":["Warcry","Twin Strike"],"picked":"Body Slam","floor":28.0},{"not_picked":["Armaments","Iron Wave"],"picked":"Reckless Charge","floor":29.0},{"not_picked":["Combust+1","Intimidate","Berserk+1"],"picked":"SKIP","floor":31},{"not_picked":["Brutality+1","Exhume"],"picked":"Juggernaut+1","floor":33},{"not_picked":["Hemokinesis+1","Sword Boomerang"],"picked":"Iron Wave+1","floor":35},{"not_picked":["Sever Soul+1","Rampage","Twin Strike+1"],"picked":"SKIP","floor":37},{"not_picked":["Wild Strike","Sword Boomerang"],"picked":"Body Slam+1","floor":38}],"player_experience":532937,"relics_obtained":[{"floor":3.0,"key":"PreservedInsect"},{"floor":8.0,"key":"Ancient Tea Set"},{"floor":9.0,"key":"Self Forming Clay"},{"floor":10.0,"key":"Letter Opener"},{"floor":24.0,"key":"Ice Cream"},{"floor":26.0,"key":"Frozen Egg 2"},{"floor":31,"key":"Art of War"}],"event_choices":[{"cards_removed":["Strike_R"],"damage_healed":0.0,"max_hp_gain":0.0,"max_hp_loss":0.0,"gold_gain":0.0,"event_name":"Purifier","player_choice":"Purged","floor":7.0,"gold_loss":0.0,"damage_taken":0.0},{"damage_healed":0.0,"max_hp_gain":0.0,"max_hp_loss":0.0,"gold_gain":0.0,"event_name":"Colosseum","player_choice":"Fight","floor":20.0,"gold_loss":0.0,"damage_taken":0.0},{"damage_healed":0.0,"max_hp_gain":0.0,"max_hp_loss":0.0,"gold_gain":0.0,"event_name":"Colosseum","player_choice":"Fled From Nobs","floor":20.0,"gold_loss":0.0,"damage_taken":0.0},{"cards_removed":["Defend_R"],"damage_healed":0.0,"max_hp_gain":0.0,"max_hp_loss":0.0,"gold_gain":0.0,"event_name":"Wheel of Change","player_choice":"Card Removal","floor":21.0,"gold_loss":0.0,"damage_taken":0.0},{"damage_healed":0.0,"max_hp_gain":0.0,"max_hp_loss":0.0,"gold_gain":0.0,"event_name":"The Library","player_choice":"Read","floor":27.0,"gold_loss":0.0,"damage_taken":0.0,"cards_obtained":["Spot Weakness"]},{"damage_healed":0,"gold_gain":0,"player_choice":"Ignored","damage_taken":0,"max_hp_gain":0,"max_hp_loss":0,"event_name":"SecretPortal","floor":36,"gold_loss":0}],"is_beta":false,"boss_relics":[{"not_picked":["Astrolabe","Lizard Tail"],"picked":"Ectoplasm"},{"not_picked":["Velvet Choker","Coffee Dripper"],"picked":"Empty Cage"}],"items_purged_floors":[19],"is_endless":false,"potions_floor_spawned":[1,8,12,16,20,24,28,29,37,38],"killed_by":"Jaw Worm Horde","ascension_level":20}