{"gold_per_floor":[119,129,4,21,21,54,54,54,54,54,70,70,70,70,70,172,172,184,65,65,65,65,100,130,130,157,191,106,106,165,165,165,262,262,274,133,146,146,246,246,101,134,134,134,162,196,196,49,49,49],"floor_reached":51,"playtime":1997,"items_purged":[],"score":974,"play_id":"8168b159-6a0e-44ec-9cda-1d5671023645","local_time":"20190316123923","daily_mods":["SealedDeck","Flight","Binary"],"is_ascension_mode":false,"campfire_choices":[{"data":"Footwork","floor":7,"key":"SMITH"},{"data":"Cloak And Dagger","floor":10,"key":"SMITH"},{"data":"Dash","floor":12,"key":"SMITH"},{"data":"Leg Sweep","floor":13,"key":"SMITH"},{"floor":15,"key":"REST"},{"data":"Infinite Blades","floor":25,"key":"SMITH"},{"data":"Blade Dance","floor":29,"key":"SMITH"},{"data":"PiercingWail","floor":32,"key":"SMITH"},{"data":"Infinite Blades","floor":40,"key":"SMITH"},{"data":"Leg Sweep","floor":44,"key":"SMITH"},{"data":"Bane","floor":47,"key":"SMITH"},{"data":"Tools of the Trade","floor":49,"key":"SMITH"}],"neow_cost":"","seed_source_timestamp":0,"circlet_count":0,"master_deck":["Acrobatics+1","Bane+1","Blade Dance+1","Bane+1","Dagger Spray","PiercingWail+1","Infinite Blades+1","Leg Sweep+1","Footwork+1","Crippling Poison+1","Leg Sweep+1","Cloak And Dagger+1","Dash+1","Tools of the Trade+1","Footwork+1","Cloak And Dagger+1","Bouncing Flask+1","Cloak And Dagger+1","Burst+1","Escape Plan+1","Infinite Blades+1","Adrenaline+1","Cloak And Dagger+1","Cloak And Dagger+1","Noxious Fumes+1"],"relics":["Ring of the Snake","Bird Faced Urn","Toxic Egg 2","Philosopher\u0027s Stone","Shuriken","Oddly Smooth Stone","Blood Vial","Bottled Flame","Mango","Tiny Chest","Strawberry","Sozu","Tingsha","Lantern","Vajra","Ginger","Turnip","Orichalcum","Bag of Marbles"],"potions_floor_usage":[16,18,27,39],"damage_taken":[{"damage":0,"enemies":"Small Slimes","floor":1,"turns":4},{"damage":8,"enemies":"Jaw Worm","floor":2,"turns":3},{"damage":0,"enemies":"Cultist","floor":4,"turns":4},{"damage":27,"enemies":"3 Sentries","floor":6,"turns":8},{"damage":5,"enemies":"Blue Slaver","floor":11,"turns":3},{"damage":16,"enemies":"The Guardian","floor":16,"turns":13},{"damage":0,"enemies":"3 Byrds","floor":18,"turns":3},{"damage":15,"enemies":"Book of Stabbing","floor":23,"turns":6},{"damage":8,"enemies":"Slavers","floor":24,"turns":6},{"damage":3,"enemies":"Gremlin Leader","floor":27,"turns":5},{"damage":0,"enemies":"Book of Stabbing","floor":30,"turns":6},{"damage":13,"enemies":"Collector","floor":33,"turns":8},{"damage":0,"enemies":"3 Shapes","floor":35,"turns":2},{"damage":2,"enemies":"Orb Walker","floor":37,"turns":2},{"damage":15,"enemies":"Mind Bloom Boss Battle","floor":39,"turns":4},{"damage":0,"enemies":"Nemesis","floor":42,"turns":5},{"damage":0,"enemies":"Reptomancer","floor":45,"turns":5},{"damage":0,"enemies":"Nemesis","floor":46,"turns":5},{"damage":9,"enemies":"Awakened One","floor":50,"turns":8}],"seed_played":"-6706376639207803515","potions_obtained":[{"floor":1,"key":"SpeedPotion"},{"floor":6,"key":"Block Potion"},{"floor":27,"key":"Weak Potion"},{"floor":33,"key":"SkillPotion"}],"is_trial":true,"path_per_floor":["M","M","$","M","?","E","R","?","T","R","M","R","R","?","R","B",null,"M","$","?","$","?","E","E","R","T","E","?","R","E","T","R","B",null,"M","$","M","?","?","R","$","E","T","R","E","E","R","$","R","B",null],"character_chosen":"THE_SILENT","items_purchased":["Cloak And Dagger","Dash","Cloak And Dagger+1","GhostInAJar","Infinite Blades","Adrenaline+1","Lantern","Bag of Marbles"],"campfire_rested":1,"item_purchase_floors":[3,3,19,19,36,36,41,48],"current_hp_per_floor":[70,62,62,62,48,21,21,21,21,21,16,16,16,16,37,25,70,70,70,70,70,70,57,57,57,57,60,74,74,84,91,91,78,91,91,91,89,89,78,78,78,90,90,90,91,91,91,91,91,82],"gold":49,"neow_bonus":"","is_prod":false,"is_daily":false,"chose_seed":false,"campfire_upgraded":11,"win_rate":0,"timestamp":1552736363,"path_taken":["M","M","$","M","?","E","R","?","T","R","M","R","R","?","R","BOSS","M","$","?","$","?","E","E","R","T","E","?","R","E","?","R","BOSS","M","$","M","?","?","R","?","E","T","R","E","E","R","$","R","BOSS"],"build_version":"2019-01-23","purchased_purges":0,"victory":true,"max_hp_per_floor":[70,70,70,70,70,70,70,70,70,70,70,70,70,70,70,70,70,70,70,70,70,70,70,70,70,70,70,84,84,84,91,91,91,91,91,91,91,91,91,91,91,91,91,91,91,91,91,91,91,91],"card_choices":[{"not_picked":["Choke","Quick Slash"],"picked":"SKIP","floor":1},{"not_picked":["Outmaneuver"],"picked":"Leg Sweep","floor":2},{"not_picked":["Setup","Choke"],"picked":"SKIP","floor":4},{"not_picked":["Setup","Deflect"],"picked":"SKIP","floor":6},{"not_picked":["Heel Hook","Quick Slash"],"picked":"SKIP","floor":11},{"not_picked":["Grand Finale"],"picked":"Tools of the Trade","floor":16},{"not_picked":["Blade Dance+1"],"picked":"Footwork+1","floor":18},{"not_picked":["Deflect+1","Acrobatics+1"],"picked":"SKIP","floor":23},{"not_picked":["Deflect+1","Acrobatics+1"],"picked":"SKIP","floor":23},{"not_picked":["Deflect+1","Calculated Gamble+1"],"picked":"SKIP","floor":24},{"not_picked":["Acrobatics+1"],"picked":"Cloak And Dagger+1","floor":27},{"not_picked":["Underhanded Strike","Glass Knife"],"picked":"SKIP","floor":30},{"not_picked":["Wraith Form v2"],"picked":"Burst+1","floor":33},{"not_picked":["Prepared+1"],"picked":"Escape Plan+1","floor":35},{"not_picked":["Prepared+1"],"picked":"Cloak And Dagger+1","floor":37},{"not_picked":["Flying Knee"],"picked":"Cloak And Dagger+1","floor":39},{"not_picked":["Dodge and Roll+1","Quick Slash"],"picked":"SKIP","floor":42},{"not_picked":["Outmaneuver+1"],"picked":"Noxious Fumes+1","floor":45},{"not_picked":["Underhanded Strike","Slice"],"picked":"SKIP","floor":46}],"player_experience":1032419,"relics_obtained":[{"floor":6,"key":"Bird Faced Urn"},{"floor":9,"key":"Toxic Egg 2"},{"floor":23,"key":"Shuriken"},{"floor":24,"key":"Oddly Smooth Stone"},{"floor":26,"key":"Blood Vial"},{"floor":27,"key":"Bottled Flame"},{"floor":30,"key":"Tiny Chest"},{"floor":31,"key":"Strawberry"},{"floor":39,"key":"Tingsha"},{"floor":42,"key":"Vajra"},{"floor":43,"key":"Ginger"},{"floor":45,"key":"Turnip"},{"floor":46,"key":"Orichalcum"}],"event_choices":[{"damage_healed":0,"gold_gain":0,"player_choice":"Entered Light","damage_taken":14,"max_hp_gain":0,"max_hp_loss":0,"event_name":"Shining Light","floor":5,"gold_loss":0,"cards_upgraded":["Acrobatics","Bane"]},{"damage_healed":0,"gold_gain":0,"player_choice":"Grow","damage_taken":0,"max_hp_gain":0,"max_hp_loss":0,"event_name":"Living Wall","floor":8,"gold_loss":0,"cards_upgraded":["Crippling Poison"]},{"damage_healed":0,"gold_gain":0,"player_choice":"Ignored","damage_taken":0,"max_hp_gain":0,"max_hp_loss":0,"event_name":"Liars Game","floor":14,"gold_loss":0},{"damage_healed":0,"gold_gain":0,"player_choice":"Read","damage_taken":0,"max_hp_gain":0,"max_hp_loss":0,"event_name":"The Library","floor":20,"gold_loss":0,"cards_obtained":["Bouncing Flask"]},{"damage_healed":0,"gold_gain":0,"player_choice":"Ignored","damage_taken":0,"max_hp_gain":0,"max_hp_loss":0,"event_name":"Beggar","floor":22,"gold_loss":0},{"damage_healed":0,"gold_gain":0,"player_choice":"Obtained Relic","damage_taken":0,"relics_obtained":["Mango"],"max_hp_gain":0,"max_hp_loss":0,"event_name":"Addict","floor":28,"gold_loss":85},{"damage_healed":0,"gold_gain":0,"player_choice":"Ignored","damage_taken":0,"max_hp_gain":0,"max_hp_loss":0,"event_name":"Tomb of Lord Red Mask","floor":38,"gold_loss":0},{"damage_healed":0,"gold_gain":0,"player_choice":"Fight","damage_taken":0,"max_hp_gain":0,"max_hp_loss":0,"event_name":"MindBloom","floor":39,"gold_loss":0}],"is_beta":false,"boss_relics":[{"not_picked":["Tiny House","Orrery"],"picked":"Philosopher\u0027s Stone"},{"not_picked":["Cursed Key","Ring of the Serpent"],"picked":"Sozu"}],"items_purged_floors":[],"is_endless":false,"potions_floor_spawned":[1,6,27,33,42,46],"ascension_level":0}