{"gold_per_floor":[112,132,151,168,181,181,22,22,22,57,67,67,98,115,115,186,186,197,213,225,225,59,59,109,109,159,171,197,209,221],"floor_reached":30,"playtime":1593,"items_purged":[],"score":472,"play_id":"cafbc156-204b-4823-956d-444959be25c3","local_time":"20190304203212","is_ascension_mode":true,"campfire_choices":[{"floor":6,"key":"REST"},{"data":"Flex","floor":8,"key":"SMITH"},{"floor":12,"key":"REST"},{"data":"Limit Break","floor":15,"key":"SMITH"},{"floor":23,"key":"REST"},{"data":"Uppercut","floor":25,"key":"SMITH"},{"data":"Iron Wave","floor":27,"key":"SMITH"},{"floor":29,"key":"REST"}],"neow_cost":"NONE","seed_source_timestamp":32089528862364,"circlet_count":0,"master_deck":["AscendersBane","Strike_R","Strike_R","Strike_R","Strike_R","Strike_R","Defend_R","Defend_R","Defend_R","Defend_R","Bash","Dark Embrace","Uppercut+1","True Grit","Limit Break+1","Perfected Strike","Shrug It Off","Flex+1","Iron Wave+1","Pummel","Twin Strike","Sword Boomerang","Headbutt","Impervious","Cleave","Flex"],"relics":["Burning Blood","Pantograph","Happy Flower","Incense Burner","Sozu","Orichalcum","MawBank"],"potions_floor_usage":[7,10,13,16,18],"damage_taken":[{"damage":2,"enemies":"Cultist","floor":1,"turns":4},{"damage":6,"enemies":"2 Louse","floor":2,"turns":3},{"damage":9,"enemies":"Jaw Worm","floor":3,"turns":4},{"damage":12,"enemies":"Looter","floor":4,"turns":3},{"damage":36,"enemies":"Exordium Wildlife","floor":5,"turns":7},{"damage":17,"enemies":"Lagavulin","floor":10,"turns":6},{"damage":26,"enemies":"Large Slime","floor":11,"turns":7},{"damage":17,"enemies":"3 Sentries","floor":13,"turns":8},{"damage":12,"enemies":"3 Louse","floor":14,"turns":3},{"damage":43,"enemies":"The Guardian","floor":16,"turns":9},{"damage":41,"enemies":"3 Byrds","floor":18,"turns":7},{"damage":0,"enemies":"Chosen","floor":19,"turns":3},{"damage":6,"enemies":"Snecko","floor":20,"turns":5},{"damage":22,"enemies":"Colosseum Slavers","floor":21,"turns":5},{"damage":36,"enemies":"Sentry and Sphere","floor":28,"turns":6},{"damage":39,"enemies":"Shelled Parasite and Fungi","floor":30,"turns":5}],"seed_played":"8521753658409855755","potions_obtained":[{"floor":3,"key":"Fruit Juice"},{"floor":5,"key":"Poison Potion"},{"floor":10,"key":"PowerPotion"},{"floor":13,"key":"Strength Potion"},{"floor":16,"key":"Block Potion"}],"is_trial":false,"path_per_floor":["M","M","M","M","M","R","$","R","T","E","M","R","E","M","R","B",null,"M","M","M","?","$","R","?","R","T","R","M","R","M"],"character_chosen":"IRONCLAD","items_purchased":["Flex","Ancient Potion","Iron Wave","Orichalcum"],"campfire_rested":4,"item_purchase_floors":[7,7,7,22],"current_hp_per_floor":[72,72,69,63,33,55,60,60,60,49,29,53,42,36,36,24,66,31,37,37,21,21,45,45,45,45,45,15,39,0],"gold":221,"neow_bonus":"ONE_RANDOM_RARE_CARD","is_prod":false,"is_daily":false,"chose_seed":false,"campfire_upgraded":4,"win_rate":0,"timestamp":1551749532,"path_taken":["M","M","M","?","M","R","?","R","T","E","M","R","E","M","R","BOSS","M","M","M","?","$","R","?","R","T","R","M","R","M"],"build_version":"2019-01-23","purchased_purges":0,"victory":false,"max_hp_per_floor":[75,75,75,75,75,75,80,80,80,80,80,80,80,80,80,80,80,80,80,80,80,80,80,80,80,80,80,80,80,80],"card_choices":[{"not_picked":["Iron Wave","Havoc"],"picked":"Uppercut","floor":1},{"not_picked":["Iron Wave","Headbutt"],"picked":"True Grit","floor":2},{"not_picked":["Warcry","Flex"],"picked":"Limit Break","floor":3},{"not_picked":["Iron Wave","Intimidate"],"picked":"Perfected Strike","floor":4},{"not_picked":["Cleave","Twin Strike"],"picked":"Shrug It Off","floor":5},{"not_picked":["Second Wind","Anger"],"picked":"Pummel","floor":10},{"not_picked":["Evolve","Brutality"],"picked":"Twin Strike","floor":11},{"not_picked":["Body Slam","Iron Wave"],"picked":"Sword Boomerang","floor":13},{"not_picked":["Sentinel","Searing Blow"],"picked":"Headbutt","floor":14},{"not_picked":["Bludgeon","Juggernaut"],"picked":"Impervious","floor":16},{"not_picked":["Body Slam+1","Shrug It Off"],"picked":"Cleave","floor":18},{"not_picked":["Heavy Blade","Sentinel","Headbutt"],"picked":"SKIP","floor":19},{"not_picked":["Second Wind","Clothesline+1","Blood for Blood"],"picked":"SKIP","floor":20},{"not_picked":["Clothesline","Thunderclap"],"picked":"Flex","floor":28}],"player_experience":565745,"relics_obtained":[{"floor":9,"key":"Pantograph"},{"floor":10,"key":"Happy Flower"},{"floor":13,"key":"Incense Burner"},{"floor":26,"key":"MawBank"}],"event_choices":[{"damage_healed":0,"gold_gain":0,"player_choice":"Fight","damage_taken":0,"max_hp_gain":0,"max_hp_loss":0,"event_name":"Colosseum","floor":21,"gold_loss":0},{"damage_healed":0,"gold_gain":0,"player_choice":"Fled From Nobs","damage_taken":0,"max_hp_gain":0,"max_hp_loss":0,"event_name":"Colosseum","floor":21,"gold_loss":0},{"damage_healed":0,"gold_gain":50,"player_choice":"Stole From Cult","damage_taken":0,"max_hp_gain":0,"max_hp_loss":0,"event_name":"Nest","floor":24,"gold_loss":0}],"is_beta":false,"boss_relics":[{"not_picked":["Lizard Tail","Pandora\u0027s Box"],"picked":"Sozu"}],"items_purged_floors":[],"is_endless":false,"potions_floor_spawned":[3,5,10,13,16,19,21],"killed_by":"Shelled Parasite and Fungi","ascension_level":19}