{"gold_per_floor":[113,113,113,113,131,161,177,177,201,216,233,6,33,53,53,152,152,152,8,0,0,0,0,0,0,0,0,0,0,0,0,0,0,0,0,0,0,0,0,0,0,0,0,0,0,0,0,0,0,0],"floor_reached":51,"playtime":3354,"items_purged":[],"score":819,"play_id":"1e680efd-c97e-4819-8b9e-41d421ca14d2","local_time":"20190324193645","is_ascension_mode":true,"campfire_choices":[{"data":"Cleave","floor":8.0,"key":"SMITH"},{"data":"Heavy Blade","floor":15.0,"key":"SMITH"},{"data":"Rampage","floor":23.0,"key":"SMITH"},{"data":"Double Tap","floor":27.0,"key":"SMITH"},{"floor":32.0,"key":"REST"},{"floor":45.0,"key":"REST"},{"floor":49.0,"key":"REST"}],"neow_cost":"NONE","seed_source_timestamp":0,"circlet_count":0,"master_deck":["Strike_R+1","Strike_R+1","Strike_R+1","Strike_R+1","Strike_R+1","Defend_R+1","Defend_R+1","Defend_R+1","Defend_R+1","Bash+1","Battle Trance","Cleave+1","Rampage+1","Inflame","Flash of Steel","Heavy Blade+1","Double Tap+1","Anger+1","Infernal Blade","Combust+1","Headbutt+1","Double Tap+1","Headbutt+1","Searing Blow+2","Heavy Blade","Ghostly Armor+1","Thunderclap+1","Madness+1","Rampage+1"],"special_seed":0,"relics":["Burning Blood","Happy Flower","Bottled Flame","Blood Vial","Orichalcum","PreservedInsect","Ectoplasm","Ancient Tea Set","Gremlin Horn","Toxic Egg 2","Strawberry","Juzu Bracelet","Frozen Egg 2","White Beast Statue","Nunchaku","Whetstone","Anchor","Paper Frog"],"potions_floor_usage":[50],"damage_taken":[{"damage":10.0,"enemies":"Small Slimes","floor":1.0,"turns":4.0},{"damage":7.0,"enemies":"Jaw Worm","floor":5.0,"turns":3.0},{"damage":29.0,"enemies":"3 Sentries","floor":6.0,"turns":6.0},{"damage":0.0,"enemies":"Cultist","floor":7.0,"turns":3.0},{"damage":17.0,"enemies":"Gremlin Gang","floor":10.0,"turns":4.0},{"damage":1.0,"enemies":"Red Slaver","floor":11.0,"turns":4.0},{"damage":11.0,"enemies":"Gremlin Nob","floor":13.0,"turns":3.0},{"damage":10.0,"enemies":"Exordium Thugs","floor":14.0,"turns":4.0},{"damage":63.0,"enemies":"The Guardian","floor":16.0,"turns":9.0},{"damage":6.0,"enemies":"Chosen","floor":18.0,"turns":3.0},{"damage":0.0,"enemies":"3 Byrds","floor":21.0,"turns":4.0},{"damage":17.0,"enemies":"Gremlin Leader","floor":24.0,"turns":3.0},{"damage":12.0,"enemies":"Snecko","floor":29.0,"turns":3.0},{"damage":13.0,"enemies":"Book of Stabbing","floor":31.0,"turns":3.0},{"damage":24.0,"enemies":"Champ","floor":33.0,"turns":5.0},{"damage":13.0,"enemies":"Orb Walker","floor":35.0,"turns":3.0},{"damage":30.0,"enemies":"3 Shapes","floor":36.0,"turns":3.0},{"damage":0.0,"enemies":"Mind Bloom Boss Battle","floor":39.0,"turns":3.0},{"damage":11.0,"enemies":"Nemesis","floor":40.0,"turns":3.0},{"damage":22.0,"enemies":"Jaw Worm Horde","floor":41.0,"turns":3.0},{"damage":29.0,"enemies":"Giant Head","floor":42.0,"turns":6.0},{"damage":79,"enemies":"Donu and Deca","floor":50,"turns":8}],"seed_played":"-5107820404946365954","potions_obtained":[{"floor":1.0,"key":"PowerPotion"},{"floor":5.0,"key":"LiquidBronze"},{"floor":6.0,"key":"Block Potion"},{"floor":7.0,"key":"Energy Potion"},{"floor":18.0,"key":"Explosive Potion"},{"floor":21.0,"key":"Block Potion"},{"floor":31.0,"key":"SkillPotion"},{"floor":35.0,"key":"GamblersBrew"},{"floor":36.0,"key":"Ancient Potion"},{"floor":39.0,"key":"Swift Potion"},{"floor":40.0,"key":"Swift Potion"},{"floor":41.0,"key":"EssenceOfSteel"},{"floor":42.0,"key":"Ancient Potion"}],"is_trial":false,"path_per_floor":["M","?","?","?","M","E","M","R","T","M","M","$","E","M","R","B",null,"M","$","?","M","$","R","E","T","T","R","?","M","?","E","R","B",null,"M","M","$","?","?","E","M","E","T","$","R","?","?","?","R","B",null],"character_chosen":"IRONCLAD","items_purchased":["Orichalcum","Flash of Steel","Ancient Tea Set"],"campfire_rested":3,"item_purchase_floors":[12,12,19],"current_hp_per_floor":[84,66,59,88,87,64,70,70,70,61,68,68,65,63,63,8,88,88,88,88,88,88,88,77,77,84,84,84,80,80,75,95,77,95,88,66,66,66,74,71,57,36,36,36,64,64,64,64,92,21],"gold":0,"neow_bonus":"TEN_PERCENT_HP_BONUS","is_prod":false,"is_daily":false,"chose_seed":false,"campfire_upgraded":4,"win_rate":0,"timestamp":1553467005,"path_taken":["M","?","?","?","?","E","?","R","T","M","M","$","E","M","R","BOSS","M","$","?","M","$","R","E","?","T","R","?","M","?","E","R","BOSS","M","M","$","?","?","E","M","E","T","$","R","?","?","?","R","BOSS"],"build_version":"2019-01-17","purchased_purges":0,"victory":true,"max_hp_per_floor":[88,88,88,88,88,88,88,88,88,88,88,88,88,88,88,88,88,88,88,88,88,88,88,88,88,95,95,95,95,95,95,95,95,95,95,95,95,95,95,95,95,95,95,95,95,95,95,95,95,95],"card_choices":[{"not_picked":["Flex","Rampage"],"picked":"Carnage","floor":1.0},{"not_picked":["Shockwave","Sever Soul"],"picked":"Battle Trance","floor":5.0},{"not_picked":["Metallicize","Clothesline","Havoc"],"picked":"SKIP","floor":6.0},{"not_picked":["Ghostly Armor","Perfected Strike"],"picked":"Cleave","floor":7.0},{"not_picked":["Fire Breathing","Clash"],"picked":"Rampage","floor":10.0},{"not_picked":["Seeing Red","Second Wind"],"picked":"Inflame","floor":11.0},{"not_picked":["Searing Blow","Perfected Strike","Body Slam"],"picked":"SKIP","floor":13.0},{"not_picked":["Flex","Thunderclap"],"picked":"Heavy Blade","floor":14.0},{"not_picked":["Feed","Reaper"],"picked":"Double Tap","floor":16.0},{"not_picked":["Havoc","Headbutt"],"picked":"Anger+1","floor":18.0},{"not_picked":["Clash","Power Through","Fire Breathing"],"picked":"SKIP","floor":21.0},{"not_picked":["Bloodletting","Warcry"],"picked":"Infernal Blade","floor":24.0},{"not_picked":["Cleave","Pommel Strike"],"picked":"Combust+1","floor":29.0},{"not_picked":["Warcry+1","Iron Wave"],"picked":"Headbutt","floor":31.0},{"not_picked":["Fiend Fire","Offering+1"],"picked":"Double Tap+1","floor":33.0},{"not_picked":["Rampage","Havoc+1"],"picked":"Headbutt+1","floor":35.0},{"not_picked":["Twin Strike","Headbutt+1"],"picked":"Searing Blow+1","floor":36.0},{"not_picked":["Perfected Strike","Body Slam"],"picked":"Heavy Blade","floor":39.0},{"not_picked":["Cleave","Armaments+1","Clash+1"],"picked":"SKIP","floor":40.0},{"not_picked":["Twin Strike","Entrench+1"],"picked":"Ghostly Armor+1","floor":41.0},{"not_picked":["Clothesline","Berserk+1"],"picked":"Thunderclap+1","floor":42.0},{"not_picked":["Enlightenment+1","HandOfGreed"],"picked":"Madness+1","floor":46.0}],"player_experience":29777,"relics_obtained":[{"floor":6.0,"key":"Bottled Flame"},{"floor":9.0,"key":"Blood Vial"},{"floor":13.0,"key":"PreservedInsect"},{"floor":24.0,"key":"Gremlin Horn"},{"floor":25.0,"key":"Toxic Egg 2"},{"floor":26.0,"key":"Strawberry"},{"floor":31.0,"key":"Frozen Egg 2"},{"floor":39.0,"key":"Nunchaku"},{"floor":40.0,"key":"Whetstone"},{"floor":42.0,"key":"Anchor"},{"floor":43.0,"key":"Paper Frog"}],"event_choices":[{"damage_healed":0.0,"max_hp_gain":0.0,"max_hp_loss":0.0,"gold_gain":0.0,"event_name":"Shining Light","player_choice":"Entered Light","floor":2.0,"gold_loss":0.0,"damage_taken":18.0,"cards_upgraded":["Defend_R","Bash"]},{"damage_healed":0.0,"max_hp_gain":0.0,"max_hp_loss":0.0,"gold_gain":0.0,"event_name":"Scrap Ooze","player_choice":"Success","floor":3.0,"gold_loss":0.0,"damage_taken":7.0,"relics_obtained":["Happy Flower"]},{"cards_removed":["Carnage"],"damage_healed":29.0,"max_hp_gain":0.0,"max_hp_loss":0.0,"gold_gain":0.0,"event_name":"Bonfire Elementals","player_choice":"Offered Uncommon","floor":4.0,"gold_loss":0.0,"damage_taken":0.0},{"damage_healed":0.0,"max_hp_gain":0.0,"max_hp_loss":0.0,"gold_gain":0.0,"event_name":"Masked Bandits","player_choice":"Paid Fearfully","floor":20.0,"gold_loss":8.0,"damage_taken":0.0},{"damage_healed":0.0,"max_hp_gain":0.0,"max_hp_loss":0.0,"gold_gain":0.0,"event_name":"WeMeetAgain","player_choice":"Gave Potion","floor":28.0,"gold_loss":0.0,"damage_taken":0.0,"relics_obtained":["Juzu Bracelet"]},{"damage_healed":0.0,"max_hp_gain":0.0,"max_hp_loss":0.0,"gold_gain":0.0,"event_name":"Back to Basics","player_choice":"Simplicity","floor":30.0,"gold_loss":0.0,"damage_taken":0.0,"cards_upgraded":["Strike_R","Strike_R","Strike_R","Strike_R","Strike_R","Defend_R","Defend_R","Defend_R"]},{"damage_healed":0.0,"max_hp_gain":0.0,"max_hp_loss":0.0,"gold_gain":0.0,"event_name":"Transmorgrifier","player_choice":"Ignored","floor":38.0,"gold_loss":0.0,"damage_taken":0.0},{"damage_healed":0.0,"max_hp_gain":0.0,"max_hp_loss":0.0,"gold_gain":0.0,"event_name":"MindBloom","player_choice":"Fight","floor":39.0,"gold_loss":0.0,"damage_taken":0.0},{"damage_healed":0.0,"max_hp_gain":0.0,"max_hp_loss":0.0,"gold_gain":0.0,"event_name":"SensoryStone","player_choice":"Memory 1","floor":46.0,"gold_loss":0.0,"damage_taken":0.0},{"damage_healed":0.0,"max_hp_gain":0.0,"max_hp_loss":0.0,"gold_gain":0.0,"event_name":"Duplicator","player_choice":"Copied","floor":47.0,"gold_loss":0.0,"damage_taken":0.0,"cards_obtained":["Rampage"]},{"damage_healed":0.0,"max_hp_gain":0.0,"max_hp_loss":0.0,"gold_gain":0.0,"event_name":"Mysterious Sphere","player_choice":"Ignored","floor":48.0,"gold_loss":0.0,"damage_taken":0.0}],"is_beta":false,"boss_relics":[{"not_picked":["Empty Cage","Runic Dome"],"picked":"Ectoplasm"},{"not_picked":["Black Blood","Runic Pyramid"],"picked":"White Beast Statue"}],"items_purged_floors":[],"is_endless":false,"potions_floor_spawned":[1,5,6,7,18,21,31,35,36,39,40,41,42],"ascension_level":2}