{"gold_per_floor":[111,186,186,186,36,36,46,46,92,104,128,140,23,23],"floor_reached":14,"playtime":226,"items_purged":["Strike_G"],"score":148,"play_id":"7b70ac70-97ab-47b0-8baf-7f7b46599f02","local_time":"20190119185054","is_ascension_mode":true,"campfire_choices":[{"floor":6.0,"key":"REST"},{"data":"Dodge and Roll","floor":10.0,"key":"SMITH"}],"neow_cost":"NONE","seed_source_timestamp":29774502122951,"circlet_count":0,"master_deck":["AscendersBane","Defend_G","Defend_G","Defend_G","Defend_G","Defend_G","Strike_G","Strike_G","Strike_G","Strike_G","Survivor","Neutralize","Cloak And Dagger+1","Dodge and Roll+1","Infinite Blades","Backflip","Bouncing Flask","Noxious Fumes","Blur"],"special_seed":0,"relics":["Ring of the Snake","MawBank","CultistMask"],"potions_floor_usage":[14],"damage_taken":[{"damage":24.0,"enemies":"Jaw Worm","floor":1.0,"turns":8.0},{"damage":2.0,"enemies":"2 Louse","floor":7.0,"turns":3.0},{"damage":0.0,"enemies":"Cultist","floor":11.0,"turns":4.0},{"damage":52,"enemies":"Gremlin Nob","floor":14,"turns":4}],"seed_played":"3788263128755001369","potions_obtained":[{"floor":11.0,"key":"Explosive Potion"}],"is_trial":false,"path_per_floor":["M","?","?","?","$","R","M","?","T","R","M","?","$","E"],"character_chosen":"THE_SILENT","items_purchased":["Infinite Blades","Noxious Fumes","Blur"],"campfire_rested":1,"item_purchase_floors":[5,13,13],"current_hp_per_floor":[35,24,24,24,24,43,41,41,41,41,41,41,41,0],"gold":23,"neow_bonus":"THREE_CARDS","is_prod":false,"is_daily":false,"chose_seed":false,"campfire_upgraded":1,"win_rate":0,"timestamp":1547923854,"path_taken":["M","?","?","?","?","R","?","?","T","R","?","?","$","E"],"build_version":"2019-01-17v2","purchased_purges":1,"victory":false,"max_hp_per_floor":[66,66,66,66,66,66,66,66,66,66,66,66,66,66],"card_choices":[{"not_picked":["Deadly Poison","Acrobatics"],"picked":"Cloak And Dagger","floor":0.0},{"not_picked":["Acrobatics","Poisoned Stab"],"picked":"Dodge and Roll","floor":1.0},{"not_picked":["Sucker Punch","Outmaneuver"],"picked":"Backflip","floor":7.0},{"not_picked":["Terror","Dagger Throw"],"picked":"Bouncing Flask","floor":11.0}],"player_experience":508408,"relics_obtained":[{"floor":9.0,"key":"MawBank"}],"event_choices":[{"damage_healed":0.0,"max_hp_gain":0.0,"max_hp_loss":0.0,"gold_gain":75.0,"event_name":"World of Goop","player_choice":"Gather Gold","floor":2.0,"gold_loss":0.0,"damage_taken":11.0},{"damage_healed":0.0,"max_hp_gain":0.0,"max_hp_loss":0.0,"gold_gain":0.0,"event_name":"Shining Light","player_choice":"Ignored","floor":3.0,"gold_loss":0.0,"damage_taken":0.0},{"damage_healed":0.0,"max_hp_gain":0.0,"max_hp_loss":0.0,"gold_gain":0.0,"event_name":"Golden Wing","player_choice":"Ignored","floor":4.0,"gold_loss":0.0,"damage_taken":0.0},{"damage_healed":0.0,"max_hp_gain":0.0,"max_hp_loss":0.0,"gold_gain":0.0,"event_name":"Accursed Blacksmith","player_choice":"Forge","floor":8.0,"gold_loss":0.0,"damage_taken":0.0,"cards_upgraded":["Cloak And Dagger"]},{"damage_healed":0,"gold_gain":0,"player_choice":"Trade","damage_taken":0,"relics_obtained":["CultistMask"],"max_hp_gain":0,"max_hp_loss":0,"event_name":"FaceTrader","floor":12,"gold_loss":0}],"is_beta":false,"boss_relics":[],"items_purged_floors":[5],"is_endless":false,"potions_floor_spawned":[11],"killed_by":"Gremlin Nob","ascension_level":19}