{"gold_per_floor":[116,22,22,22,40,74,74,109,159,193,193,209,209,228,228,327,327,344,355,32,52,52,84,84,104,151,183,183,183,100,119,119,220,220,230,230,244,258,258,258,84,97,124,124,144,144,172,172,172,172],"floor_reached":51,"playtime":2076,"items_purged":["Strike_G"],"score":829,"play_id":"a4d185a5-63d6-431f-aa04-7be8d51741d1","local_time":"20190120193100","is_ascension_mode":true,"campfire_choices":[{"data":"Skewer","floor":11.0,"key":"SMITH"},{"data":"Deadly Poison","floor":13.0,"key":"SMITH"},{"floor":15.0,"key":"REST"},{"data":"Footwork","floor":24.0,"key":"SMITH"},{"data":"Malaise","floor":28.0,"key":"SMITH"},{"data":"Footwork","floor":32.0,"key":"SMITH"},{"data":"Burst","floor":40,"key":"SMITH"},{"data":"Dodge and Roll","floor":44,"key":"SMITH"},{"floor":46,"key":"REST"},{"data":"Panache","floor":49,"key":"SMITH"}],"neow_cost":"NONE","seed_source_timestamp":0,"circlet_count":0,"master_deck":["Defend_G+1","Defend_G+1","Defend_G+1","Defend_G+1","Defend_G+1","Strike_G+1","Strike_G+1","Strike_G+1","Survivor","Neutralize","PiercingWail","Cloak And Dagger+1","Dodge and Roll+1","Escape Plan","Backflip","Skewer+1","Footwork+1","Malaise+1","Poisoned Stab","Footwork+1","Blur","Leg Sweep","Finesse","Burst+1","Quick Slash+1","Poisoned Stab+1","Backflip+1","Swift Strike","Panache+1","Predator+1","Backstab+1","Adrenaline"],"special_seed":0,"relics":["Ring of the Serpent","NeowsBlessing","Darkstone Periapt","Smiling Mask","Singing Bowl","PreservedInsect","Centennial Puzzle","Chemical X","MutagenicStrength","Gremlin Horn","Anchor","Regal Pillow","Sozu","Happy Flower","Oddly Smooth Stone"],"potions_floor_usage":[45],"damage_taken":[{"damage":0.0,"enemies":"Small Slimes","floor":1.0,"turns":1.0},{"damage":0.0,"enemies":"Jaw Worm","floor":5.0,"turns":1.0},{"damage":0.0,"enemies":"Gremlin Nob","floor":6.0,"turns":1.0},{"damage":10.0,"enemies":"Lagavulin","floor":8.0,"turns":8.0},{"damage":18.0,"enemies":"3 Sentries","floor":10.0,"turns":9.0},{"damage":0.0,"enemies":"Cultist","floor":12.0,"turns":3.0},{"damage":7.0,"enemies":"Looter","floor":14.0,"turns":2.0},{"damage":48.0,"enemies":"Slime Boss","floor":16.0,"turns":18.0},{"damage":1.0,"enemies":"Chosen","floor":18.0,"turns":4.0},{"damage":6.0,"enemies":"Shell Parasite","floor":19.0,"turns":7.0},{"damage":6.0,"enemies":"Snake Plant","floor":21.0,"turns":7.0},{"damage":2.0,"enemies":"Book of Stabbing","floor":23.0,"turns":6.0},{"damage":10.0,"enemies":"3 Cultists","floor":25.0,"turns":5.0},{"damage":4.0,"enemies":"Gremlin Leader","floor":27.0,"turns":6.0},{"damage":10.0,"enemies":"Cultist and Chosen","floor":31.0,"turns":8.0},{"damage":22.0,"enemies":"Collector","floor":33.0,"turns":18.0},{"damage":0.0,"enemies":"Orb Walker","floor":35.0,"turns":6.0},{"damage":3,"enemies":"3 Darklings","floor":37,"turns":10},{"damage":8,"enemies":"Maw","floor":38,"turns":8},{"damage":32,"enemies":"Sphere and 2 Shapes","floor":42,"turns":6},{"damage":14,"enemies":"Spire Growth","floor":45,"turns":5},{"damage":6,"enemies":"Giant Head","floor":47,"turns":7},{"damage":5,"enemies":"Donu and Deca","floor":50,"turns":14}],"seed_played":"4540236833044929013","potions_obtained":[{"floor":6.0,"key":"EssenceOfSteel"},{"floor":8.0,"key":"Regen Potion"},{"floor":16.0,"key":"AttackPotion"},{"floor":19.0,"key":"FairyPotion"},{"floor":21.0,"key":"Block Potion"},{"floor":23.0,"key":"Poison Potion"},{"floor":33.0,"key":"SkillPotion"}],"is_trial":false,"path_per_floor":["M","$","?","T","M","E","?","E","T","E","R","M","R","M","R","B",null,"M","M","$","M","?","E","R","M","T","E","R","?","$","M","R","B",null,"M","?","M","M","?","R","$","M","T","R","M","R","E","?","R","B",null],"character_chosen":"THE_SILENT","items_purchased":["Cloak And Dagger","Deadly Poison","Footwork","Chemical X","Finesse","Panache"],"campfire_rested":2,"item_purchase_floors":[2,2,20,20,30,41],"current_hp_per_floor":[70,70,56,56,56,56,56,46,46,28,28,30,30,23,44,11,72,73,67,67,61,61,61,61,53,53,49,49,49,49,41,41,19,80,80,80,77,69,69,69,69,37,37,37,23,62,56,56,56,51],"gold":172,"neow_bonus":"THREE_ENEMY_KILL","is_prod":false,"is_daily":false,"chose_seed":true,"campfire_upgraded":8,"win_rate":0,"timestamp":1548012660,"path_taken":["M","$","?","?","M","E","?","E","T","E","R","M","R","M","R","BOSS","M","?","$","M","?","E","R","M","T","E","R","?","$","M","R","BOSS","M","?","M","M","?","R","$","M","T","R","M","R","E","?","R","BOSS"],"build_version":"2019-01-17v2","purchased_purges":1,"victory":true,"max_hp_per_floor":[70,70,70,70,70,70,70,70,70,70,70,72,72,72,72,72,72,74,74,74,74,74,76,76,78,78,78,78,78,78,80,80,80,80,80,80,80,80,80,80,80,80,80,80,80,80,80,80,80,80],"card_choices":[{"not_picked":["Bane","Blade Dance"],"picked":"PiercingWail","floor":1.0},{"not_picked":["Dagger Spray","Finisher"],"picked":"Dodge and Roll","floor":5.0},{"not_picked":["Unload","Slice"],"picked":"Escape Plan","floor":6.0},{"not_picked":["Acrobatics","Quick Slash"],"picked":"Backflip","floor":8.0},{"not_picked":["Masterful Stab","Backflip"],"picked":"Skewer","floor":10.0},{"not_picked":["Acrobatics","Dodge and Roll","Setup"],"picked":"Singing Bowl","floor":12.0},{"not_picked":["Reflex","Blur"],"picked":"Footwork","floor":14.0},{"not_picked":["Tools of the Trade","A Thousand Cuts"],"picked":"Malaise","floor":16.0},{"not_picked":["Prepared","Calculated Gamble+1","Acrobatics"],"picked":"Singing Bowl","floor":18.0},{"not_picked":["Calculated Gamble+1","Outmaneuver+1"],"picked":"Poisoned Stab","floor":19.0},{"not_picked":["Leg Sweep","Bouncing Flask"],"picked":"Blur","floor":21.0},{"not_picked":["Poisoned Stab","PiercingWail","Skewer"],"picked":"Singing Bowl","floor":23.0},{"not_picked":["Choke+1","Bullet Time","Underhanded Strike"],"picked":"Singing Bowl","floor":25.0},{"not_picked":["Backstab","Dagger Spray"],"picked":"Leg Sweep","floor":27.0},{"not_picked":["PiercingWail+1","Distraction+1","All Out Attack"],"picked":"Singing Bowl","floor":31.0},{"not_picked":["Unload","Envenom"],"picked":"Burst","floor":33.0},{"not_picked":["Deadly Poison","Sucker Punch+1"],"picked":"Quick Slash+1","floor":35.0},{"not_picked":["Calculated Gamble","Choke+1"],"picked":"Poisoned Stab+1","floor":37},{"not_picked":["Riddle With Holes+1","Reflex"],"picked":"Backflip+1","floor":38},{"not_picked":["Dark Shackles","Blind"],"picked":"Swift Strike","floor":39},{"not_picked":["Sucker Punch","Dodge and Roll+1"],"picked":"Predator+1","floor":42},{"not_picked":["Quick Slash+1","Dash"],"picked":"Backstab+1","floor":45},{"not_picked":["Prepared+1","Backflip"],"picked":"Adrenaline","floor":47}],"player_experience":511749,"relics_obtained":[{"floor":4.0,"key":"Darkstone Periapt"},{"floor":6.0,"key":"Smiling Mask"},{"floor":8.0,"key":"Singing Bowl"},{"floor":9.0,"key":"PreservedInsect"},{"floor":10.0,"key":"Centennial Puzzle"},{"floor":23.0,"key":"Gremlin Horn"},{"floor":26.0,"key":"Anchor"},{"floor":27.0,"key":"Regal Pillow"},{"floor":43,"key":"Happy Flower"},{"floor":47,"key":"Oddly Smooth Stone"}],"event_choices":[{"damage_healed":0.0,"max_hp_gain":0.0,"max_hp_loss":0.0,"gold_gain":0.0,"event_name":"Shining Light","player_choice":"Entered Light","floor":3.0,"gold_loss":0.0,"damage_taken":14.0,"cards_upgraded":["Strike_G","Cloak And Dagger"]},{"cards_removed":["Strike_G"],"damage_healed":0.0,"max_hp_gain":0.0,"max_hp_loss":0.0,"gold_gain":0.0,"event_name":"Wheel of Change","player_choice":"Card Removal","floor":7.0,"gold_loss":0.0,"damage_taken":0.0},{"damage_healed":0.0,"max_hp_gain":0.0,"max_hp_loss":0.0,"gold_gain":0.0,"event_name":"Drug Dealer","player_choice":"Inject Mutagens","floor":22.0,"gold_loss":0.0,"damage_taken":0.0,"relics_obtained":["MutagenicStrength"]},{"damage_healed":0.0,"max_hp_gain":0.0,"max_hp_loss":0.0,"gold_gain":0.0,"event_name":"Back to Basics","player_choice":"Simplicity","floor":29.0,"gold_loss":0.0,"damage_taken":0.0,"cards_upgraded":["Defend_G","Defend_G","Defend_G","Defend_G","Defend_G","Strike_G","Strike_G"]},{"damage_healed":0,"gold_gain":0,"player_choice":"Ignored","damage_taken":0,"max_hp_gain":0,"max_hp_loss":0,"event_name":"Mysterious Sphere","floor":36,"gold_loss":0},{"damage_healed":0,"gold_gain":0,"player_choice":"Memory 1","damage_taken":0,"max_hp_gain":0,"max_hp_loss":0,"event_name":"SensoryStone","floor":39,"gold_loss":0},{"cards_removed":["Deadly Poison"],"damage_healed":0,"gold_gain":0,"player_choice":"Removed Skill","damage_taken":0,"max_hp_gain":0,"max_hp_loss":0,"event_name":"Falling","floor":48,"gold_loss":0}],"is_beta":false,"boss_relics":[{"not_picked":["Coffee Dripper","White Beast Statue"],"picked":"Ring of the Serpent"},{"not_picked":["Fusion Hammer","Astrolabe"],"picked":"Sozu"}],"items_purged_floors":[20],"is_endless":false,"potions_floor_spawned":[6,8,16,19,21,23,25,33,37,45],"ascension_level":2}