{"gold_per_floor":[118,138,118,133,145,145,155,155,210,224,240,240,265,279,279,354,354,369,369,381,381],"floor_reached":21,"playtime":423,"items_purged":[],"score":370,"play_id":"dba24888-84b6-4300-8e71-4dd41e3572ed","local_time":"20190313194937","is_ascension_mode":true,"campfire_choices":[{"floor":6.0,"key":"REST"},{"floor":8.0,"key":"REST"},{"floor":12.0,"key":"REST"},{"floor":15.0,"key":"REST"}],"neow_cost":"PERCENT_DAMAGE","seed_source_timestamp":2701162668889,"circlet_count":0,"master_deck":["AscendersBane","Strike_B","Strike_B","Strike_B","Strike_B","Defend_B","Defend_B","Defend_B","Defend_B","Zap","Dualcast","Barrage","Ball Lightning","Defragment+1","Defragment","Rip and Tear","Conserve Battery","Cold Snap","Self Repair","Compile Driver","Hologram"],"special_seed":0,"relics":["Cracked Core","Torii","Strawberry","Letter Opener","Cursed Key"],"potions_floor_usage":[16,18,20],"damage_taken":[{"damage":0.0,"enemies":"2 Louse","floor":1.0,"turns":2.0},{"damage":1.0,"enemies":"Cultist","floor":2.0,"turns":3.0},{"damage":13.0,"enemies":"Small Slimes","floor":4.0,"turns":3.0},{"damage":9.0,"enemies":"Red Slaver","floor":5.0,"turns":3.0},{"damage":28.0,"enemies":"3 Louse","floor":7.0,"turns":3.0},{"damage":14.0,"enemies":"Blue Slaver","floor":10.0,"turns":3.0},{"damage":12.0,"enemies":"Looter","floor":11.0,"turns":3.0},{"damage":31.0,"enemies":"Gremlin Nob","floor":13.0,"turns":4.0},{"damage":0.0,"enemies":"2 Fungi Beasts","floor":14.0,"turns":3.0},{"damage":23,"enemies":"Slime Boss","floor":16,"turns":8},{"damage":38,"enemies":"Chosen","floor":18,"turns":6},{"damage":24,"enemies":"2 Thieves","floor":20,"turns":4},{"damage":20,"enemies":"Chosen and Byrds","floor":21,"turns":3}],"seed_played":"-5336263785655712238","potions_obtained":[{"floor":2.0,"key":"Ancient Potion"},{"floor":3.0,"key":"Fire Potion"},{"floor":13.0,"key":"Block Potion"},{"floor":18,"key":"SteroidPotion"}],"is_trial":false,"path_per_floor":["M","M","?","M","M","R","M","R","T","M","M","R","E","M","R","B",null,"M","?","M","M"],"character_chosen":"DEFECT","items_purchased":[],"campfire_rested":4,"item_purchase_floors":[],"current_hp_per_floor":[46,45,45,32,23,44,16,37,44,30,18,41,10,10,33,17,63,32,32,15,0],"gold":381,"neow_bonus":"ONE_RARE_RELIC","is_prod":false,"is_daily":false,"chose_seed":false,"campfire_upgraded":0,"win_rate":0,"timestamp":1552506577,"path_taken":["M","M","?","?","M","R","M","R","T","M","M","R","E","M","R","BOSS","M","?","M","?"],"build_version":"2019-01-23","purchased_purges":0,"victory":false,"max_hp_per_floor":[71,71,71,71,71,71,71,71,78,78,78,78,78,78,78,78,78,78,78,78,78],"card_choices":[{"not_picked":["Coolheaded","Rebound"],"picked":"Barrage","floor":1.0},{"not_picked":["Sunder","Coolheaded"],"picked":"Ball Lightning","floor":2.0},{"not_picked":["Consume","Ball Lightning"],"picked":"Defragment","floor":4.0},{"not_picked":["Cold Snap","Redo"],"picked":"Defragment","floor":5.0},{"not_picked":["Rebound","Stack"],"picked":"Rip and Tear","floor":7.0},{"not_picked":["Capacitor","Coolheaded"],"picked":"Conserve Battery","floor":10.0},{"not_picked":["Fission","Beam Cell"],"picked":"Cold Snap","floor":11.0},{"not_picked":["Aggregate","Blizzard","Rip and Tear"],"picked":"SKIP","floor":13.0},{"not_picked":["Compile Driver","Reprogram"],"picked":"Self Repair","floor":14.0},{"not_picked":["Double Energy+1","Melter"],"picked":"Compile Driver","floor":18},{"not_picked":["Redo","Steam"],"picked":"Hologram","floor":20}],"player_experience":553301,"relics_obtained":[{"floor":9.0,"key":"Strawberry"},{"floor":13.0,"key":"Letter Opener"}],"event_choices":[{"damage_healed":0.0,"max_hp_gain":0.0,"max_hp_loss":0.0,"gold_gain":0.0,"event_name":"The Woman in Blue","player_choice":"Bought 1 Potion","floor":3.0,"gold_loss":0.0,"damage_taken":0.0},{"damage_healed":0,"gold_gain":0,"player_choice":"Forge","damage_taken":0,"max_hp_gain":0,"max_hp_loss":0,"event_name":"Accursed Blacksmith","floor":19,"gold_loss":0,"cards_upgraded":["Defragment"]}],"is_beta":false,"boss_relics":[{"not_picked":["Lizard Tail","Astrolabe"],"picked":"Cursed Key"}],"items_purged_floors":[],"is_endless":false,"potions_floor_spawned":[2,7,10,13,14,18],"killed_by":"Chosen and Byrds","ascension_level":20}