{"gold_per_floor":[109,125,125,125,11,11,36,36,60,60,60,60,60,80,80,153,153,173,88,13,28,28,28,28,28,28,40,59,84,5,20,20,20],"floor_reached":33,"playtime":1592,"items_purged":["Pain"],"score":509,"play_id":"f13f1a04-fdc5-4856-b7a0-d863d14371f5","local_time":"20190324214908","is_ascension_mode":true,"campfire_choices":[{"data":"Consume","floor":6,"key":"SMITH"},{"data":"Loop","floor":8,"key":"SMITH"},{"data":"Defend_B","floor":10,"key":"SMITH"},{"data":"Defend_B","floor":13,"key":"SMITH"},{"data":"Defend_B","floor":15,"key":"SMITH"},{"floor":23,"key":"REST"},{"data":"Buffer","floor":25,"key":"SMITH"},{"floor":32,"key":"REST"}],"neow_cost":"TEN_PERCENT_HP_LOSS","seed_source_timestamp":163742313983509,"circlet_count":0,"master_deck":["AscendersBane","Strike_B","Strike_B","Strike_B","Defend_B","Defend_B+1","Defend_B+1","Defend_B+1","Zap","Dualcast","Multi-Cast+1","Tempest","Cold Snap","Consume+1","Turbo","Loop+1","Undo","Buffer+1","Conserve Battery","Skim","Echo Form+1","Storm+1"],"relics":["Cracked Core","Thread and Needle","Regal Pillow","Lantern","WarpedTongs","Busted Crown","Orichalcum","Frozen Egg 2","Bottled Flame"],"potions_floor_usage":[29],"damage_taken":[{"damage":9,"enemies":"Jaw Worm","floor":1,"turns":3},{"damage":10,"enemies":"Small Slimes","floor":2,"turns":3},{"damage":3,"enemies":"Gremlin Nob","floor":7,"turns":3},{"damage":0,"enemies":"2 Louse","floor":14,"turns":1},{"damage":15,"enemies":"The Guardian","floor":16,"turns":13},{"damage":1,"enemies":"Spheric Guardian","floor":18,"turns":3},{"damage":17,"enemies":"2 Thieves","floor":21,"turns":4},{"damage":0,"enemies":"Snecko","floor":27,"turns":5},{"damage":0,"enemies":"Centurion and Healer","floor":28,"turns":13},{"damage":47,"enemies":"Gremlin Leader","floor":29,"turns":7},{"damage":16,"enemies":"Cultist and Chosen","floor":31,"turns":6},{"damage":54,"enemies":"Champ","floor":33,"turns":16}],"seed_played":"-2499537694207612236","potions_obtained":[{"floor":1,"key":"SteroidPotion"},{"floor":2,"key":"SteroidPotion"},{"floor":18,"key":"Poison Potion"},{"floor":31,"key":"Swift Potion"}],"is_trial":false,"path_per_floor":["M","M","?","?","$","R","E","R","T","R","?","?","R","M","R","B",null,"M","?","$","M","?","R","?","R","T","M","M","E","$","M","R","B"],"character_chosen":"DEFECT","items_purchased":["Consume","Turbo","Echo Form+1"],"campfire_rested":2,"item_purchase_floors":[5,5,30],"current_hp_per_floor":[55,45,45,45,45,45,42,42,42,42,42,42,42,42,42,27,55,54,54,54,37,37,64,64,64,64,64,64,17,17,1,35,0],"gold":20,"neow_bonus":"THREE_RARE_CARDS","is_prod":false,"is_daily":false,"chose_seed":false,"campfire_upgraded":6,"win_rate":0,"timestamp":1553456948,"path_taken":["M","M","?","?","$","R","E","R","T","R","?","?","R","?","R","BOSS","M","?","$","M","?","R","?","R","T","M","M","E","$","?","R","BOSS"],"build_version":"2019-01-23","purchased_purges":1,"victory":false,"max_hp_per_floor":[64,64,64,64,64,64,64,64,64,64,64,64,64,64,64,64,64,64,64,64,64,64,64,64,64,64,64,64,64,64,64,64,64],"card_choices":[{"not_picked":["Rainbow","Meteor Strike"],"picked":"Multi-Cast","floor":0},{"not_picked":["Aggregate","Beam Cell"],"picked":"Tempest","floor":1},{"not_picked":["Heatsinks","Coolheaded"],"picked":"Cold Snap","floor":2},{"not_picked":["Hyperbeam","Barrage"],"picked":"Loop","floor":7},{"not_picked":["Barrage","Gash"],"picked":"Undo","floor":14},{"not_picked":["Meteor Strike","Amplify"],"picked":"Buffer","floor":16},{"not_picked":[],"picked":"Conserve Battery","floor":18},{"not_picked":["Sweeping Beam"],"picked":"SKIP","floor":21},{"not_picked":["Genetic Algorithm"],"picked":"SKIP","floor":27},{"not_picked":["Streamline+1"],"picked":"SKIP","floor":28},{"not_picked":[],"picked":"Skim","floor":29},{"not_picked":[],"picked":"Storm+1","floor":31}],"player_experience":822688,"relics_obtained":[{"floor":7,"key":"Thread and Needle"},{"floor":9,"key":"Regal Pillow"},{"floor":26,"key":"Frozen Egg 2"},{"floor":29,"key":"Bottled Flame"}],"event_choices":[{"damage_healed":0,"gold_gain":0,"player_choice":"Ignored","damage_taken":0,"max_hp_gain":0,"max_hp_loss":0,"event_name":"Shining Light","floor":3,"gold_loss":0},{"damage_healed":0,"gold_gain":0,"player_choice":"Grow","damage_taken":0,"max_hp_gain":0,"max_hp_loss":0,"event_name":"Living Wall","floor":4,"gold_loss":0,"cards_upgraded":["Multi-Cast"]},{"damage_healed":0,"gold_gain":0,"player_choice":"Searched \u00271\u0027 times","damage_taken":0,"relics_obtained":["Lantern"],"max_hp_gain":0,"max_hp_loss":0,"event_name":"Dead Adventurer","floor":11,"gold_loss":0},{"damage_healed":0,"gold_gain":0,"player_choice":"Rummage","damage_taken":0,"relics_obtained":["WarpedTongs"],"max_hp_gain":0,"max_hp_loss":0,"event_name":"Accursed Blacksmith","floor":12,"gold_loss":0,"cards_obtained":["Pain"]},{"damage_healed":0,"gold_gain":0,"player_choice":"Obtained Relic","damage_taken":0,"relics_obtained":["Orichalcum"],"max_hp_gain":0,"max_hp_loss":0,"event_name":"Addict","floor":19,"gold_loss":85},{"damage_healed":0,"gold_gain":0,"player_choice":"Ignored","damage_taken":0,"max_hp_gain":0,"max_hp_loss":0,"event_name":"Beggar","floor":22,"gold_loss":0},{"cards_removed":["Strike_B"],"damage_healed":0,"gold_gain":0,"player_choice":"Purged","damage_taken":0,"max_hp_gain":0,"max_hp_loss":0,"event_name":"Purifier","floor":24,"gold_loss":0}],"is_beta":false,"boss_relics":[{"not_picked":["Eternal Feather","Black Star"],"picked":"Busted Crown"}],"items_purged_floors":[20],"is_endless":false,"potions_floor_spawned":[1,2,18,27,31],"killed_by":"Champ","ascension_level":19}