{"gold_per_floor":[119,119,17,29,29,29,58,77,77,91,91,107,107,107,107,185,185,196,246,128,146,146,181,181],"floor_reached":24,"playtime":662,"items_purged":["Strike_B"],"score":428,"play_id":"c93c8971-efde-4bc2-9636-84f268d4b17c","local_time":"20190308193214","is_ascension_mode":true,"campfire_choices":[{"data":"Barrage","floor":6.0,"key":"SMITH"},{"data":"Blizzard","floor":11.0,"key":"SMITH"},{"data":"Chill","floor":15.0,"key":"SMITH"}],"neow_cost":"NONE","seed_source_timestamp":713683056399295,"circlet_count":0,"master_deck":["AscendersBane","Strike_B","Strike_B","Defend_B","Defend_B","Defend_B","Defend_B","Zap+1","Dualcast","Thunder Strike","Chill+1","Glacier","Barrage+1","Doom and Gloom","Blizzard+1","BootSequence","Self Repair","Ball Lightning","Seek","Leap+1","Static Discharge","Cold Snap+1","Loop"],"special_seed":0,"relics":["Cracked Core","Gremlin Horn","Vajra","Juzu Bracelet","Sozu","Blood Vial"],"potions_floor_usage":[23],"damage_taken":[{"damage":1.0,"enemies":"Cultist","floor":1.0,"turns":3.0},{"damage":1.0,"enemies":"Small Slimes","floor":4.0,"turns":4.0},{"damage":8.0,"enemies":"3 Sentries","floor":7.0,"turns":5.0},{"damage":12.0,"enemies":"Jaw Worm","floor":8.0,"turns":3.0},{"damage":0.0,"enemies":"Exordium Wildlife","floor":10.0,"turns":2.0},{"damage":0.0,"enemies":"2 Fungi Beasts","floor":12.0,"turns":2.0},{"damage":35.0,"enemies":"The Guardian","floor":16.0,"turns":11.0},{"damage":13.0,"enemies":"Shell Parasite","floor":18.0,"turns":6.0},{"damage":7.0,"enemies":"Spheric Guardian","floor":21.0,"turns":6.0},{"damage":40,"enemies":"Book of Stabbing","floor":23,"turns":5},{"damage":28,"enemies":"Snecko","floor":24,"turns":6}],"seed_played":"-8318399671392088519","potions_obtained":[{"floor":1.0,"key":"SkillPotion"},{"floor":10.0,"key":"Block Potion"},{"floor":12.0,"key":"SteroidPotion"}],"is_trial":false,"path_per_floor":["M","?","$","M","$","R","E","M","T","M","R","M","T","?","R","B",null,"M","?","$","M","?","E","M"],"character_chosen":"DEFECT","items_purchased":["Glacier","Barrage","Static Discharge"],"campfire_rested":0,"item_purchase_floors":[3,3,20],"current_hp_per_floor":[63,63,63,62,62,62,54,42,42,42,42,42,42,71,71,43,64,58,58,58,58,58,25,0],"gold":181,"neow_bonus":"TRANSFORM_CARD","is_prod":false,"is_daily":false,"chose_seed":false,"campfire_upgraded":3,"win_rate":0,"timestamp":1552073534,"path_taken":["M","?","$","?","?","R","E","M","T","M","R","M","?","?","R","BOSS","M","?","$","M","?","E","M"],"build_version":"2019-01-23","purchased_purges":1,"victory":false,"max_hp_per_floor":[71,71,71,71,71,71,71,71,71,71,71,71,71,71,71,71,71,71,71,71,71,71,71,71],"card_choices":[{"not_picked":["Steam Power","Barrage"],"picked":"Chill","floor":1.0},{"not_picked":["Sweeping Beam","Conserve Battery"],"picked":"Doom and Gloom","floor":4.0},{"not_picked":["Cold Snap","Reprogram"],"picked":"Blizzard","floor":7.0},{"not_picked":["Storm","Steam Power"],"picked":"BootSequence","floor":8.0},{"not_picked":["Turbo","FTL"],"picked":"Self Repair","floor":10.0},{"not_picked":["Conserve Battery","Hologram"],"picked":"Ball Lightning","floor":12.0},{"not_picked":["Fission","Machine Learning"],"picked":"Seek","floor":16.0},{"not_picked":["Double Energy","Compile Driver"],"picked":"Leap+1","floor":18.0},{"not_picked":["Scrape","Stack"],"picked":"Cold Snap+1","floor":21.0},{"not_picked":["Heatsinks+1","Ball Lightning"],"picked":"Loop","floor":23}],"player_experience":546731,"relics_obtained":[{"floor":7.0,"key":"Gremlin Horn"},{"floor":9.0,"key":"Vajra"},{"floor":13.0,"key":"Juzu Bracelet"},{"floor":23,"key":"Blood Vial"}],"event_choices":[{"damage_healed":0.0,"max_hp_gain":0.0,"max_hp_loss":0.0,"gold_gain":0.0,"event_name":"Upgrade Shrine","player_choice":"Upgraded","floor":2.0,"gold_loss":0.0,"damage_taken":0.0,"cards_upgraded":["Zap"]},{"damage_healed":29.0,"max_hp_gain":0.0,"max_hp_loss":0.0,"gold_gain":0.0,"event_name":"Wheel of Change","player_choice":"Full Heal","floor":14.0,"gold_loss":0.0,"damage_taken":0.0},{"damage_healed":0.0,"max_hp_gain":0.0,"max_hp_loss":0.0,"gold_gain":100.0,"event_name":"The Joust","player_choice":"Bet on Murderer","floor":19.0,"gold_loss":50.0,"damage_taken":0.0},{"damage_healed":0.0,"max_hp_gain":0.0,"max_hp_loss":0.0,"gold_gain":0.0,"event_name":"Ghosts","player_choice":"Ignored","floor":22.0,"gold_loss":0.0,"damage_taken":0.0}],"is_beta":false,"boss_relics":[{"not_picked":["Calling Bell","Philosopher\u0027s Stone"],"picked":"Sozu"}],"items_purged_floors":[20],"is_endless":false,"potions_floor_spawned":[1,10,12,18,23],"killed_by":"Snecko","ascension_level":20}