{"gold_per_floor":[109,24,24,40,40,75,75,104,156,176,201,201,201,224,224,313,313,337,355,355,371,391,391,405,405,480,499,499,499,519,17,17,106,106,129,4,4,129,129,129,462,462,462,28,39,39,39,55,55,55,55],"floor_reached":52,"playtime":1881,"items_purged":["Pummel"],"score":1961,"play_id":"45cdccc3-7f19-4339-b59b-664f3a446586","local_time":"20190324185003","is_ascension_mode":true,"campfire_choices":[{"data":"True Grit","floor":7.0,"key":"SMITH"},{"data":"Whirlwind","floor":12.0,"key":"SMITH"},{"floor":15.0,"key":"REST"},{"data":"Barricade","floor":23,"key":"SMITH"},{"data":"Body Slam","floor":25,"key":"SMITH"},{"data":"Pommel Strike","floor":29,"key":"SMITH"},{"data":"Iron Wave","floor":32,"key":"SMITH"},{"floor":40,"key":"REST"},{"floor":42,"key":"REST"},{"floor":49,"key":"RECALL"}],"neow_cost":"NONE","seed_source_timestamp":371563631944881,"circlet_count":0,"master_deck":["AscendersBane","Strike_R+1","Strike_R+1","Strike_R+1","Strike_R+1","Strike_R+1","Defend_R+1","Defend_R+1","Defend_R+1","Defend_R+1","Bash+1","True Grit+1","Body Slam+1","Barricade+1","Pommel Strike+1","Whirlwind+1","Impervious+1","Body Slam+1","True Grit+1","Battle Trance+1","Shrug It Off+1","Shrug It Off+1","Shrug It Off+1","Iron Wave+1","Offering+1","Spot Weakness+1"],"special_seed":0,"relics":["Black Blood","NeowsBlessing","War Paint","Toxic Egg 2","Juzu Bracelet","Happy Flower","Mummified Hand","Anchor","Omamori","Busted Crown","WingedGreaves","MawBank","Bottled Tornado","Art of War"],"potions_floor_usage":[22,24,30,51],"damage_taken":[{"damage":0.0,"enemies":"Small Slimes","floor":1.0,"turns":1.0},{"damage":0.0,"enemies":"2 Louse","floor":4.0,"turns":1.0},{"damage":0.0,"enemies":"Lagavulin","floor":6.0,"turns":1.0},{"damage":51.0,"enemies":"Gremlin Nob","floor":8.0,"turns":5.0},{"damage":7.0,"enemies":"Jaw Worm","floor":10.0,"turns":3.0},{"damage":0.0,"enemies":"Lagavulin","floor":11.0,"turns":7.0},{"damage":15.0,"enemies":"Large Slime","floor":14.0,"turns":5.0},{"damage":26.0,"enemies":"The Guardian","floor":16.0,"turns":15.0},{"damage":23.0,"enemies":"3 Byrds","floor":18.0,"turns":6.0},{"damage":11.0,"enemies":"2 Thieves","floor":19.0,"turns":4.0},{"damage":7.0,"enemies":"Centurion and Healer","floor":21.0,"turns":12.0},{"damage":6,"enemies":"Snecko","floor":22,"turns":8},{"damage":10,"enemies":"Snake Plant","floor":24,"turns":4},{"damage":11,"enemies":"Centurion and Healer","floor":27,"turns":7},{"damage":0,"enemies":"Snecko","floor":30,"turns":3},{"damage":14,"enemies":"Automaton","floor":33,"turns":12},{"damage":36,"enemies":"3 Darklings","floor":35,"turns":6},{"damage":6,"enemies":"Mind Bloom Boss Battle","floor":38,"turns":5},{"damage":6,"enemies":"3 Shapes","floor":45,"turns":3},{"damage":0,"enemies":"Sphere and 2 Shapes","floor":48,"turns":5},{"damage":6,"enemies":"Donu and Deca","floor":50,"turns":11},{"damage":18,"enemies":"Awakened One","floor":51,"turns":14}],"seed_played":"-1148277797944466421","potions_obtained":[{"floor":6.0,"key":"GamblersBrew"},{"floor":8.0,"key":"EssenceOfSteel"},{"floor":16.0,"key":"SteroidPotion"},{"floor":21.0,"key":"Ancient Potion"},{"floor":22,"key":"Weak Potion"},{"floor":24,"key":"Poison Potion"},{"floor":38,"key":"Weak Potion"}],"is_trial":false,"path_per_floor":["M","$","?","M","?","E","R","E","T","M","E","R","?","M","R","B",null,"M","M","$","M","M","R","M","R","T","M","?","R","M","$","R","B",null,"M","$","?","?","?","R","?","R","T","$","M","?","$","M","R","B","B",null],"character_chosen":"IRONCLAD","items_purchased":["True Grit","Body Slam","Shrug It Off+1","Anchor","Omamori","Iron Wave","Spot Weakness+1","Metallicize","Bottled Tornado","Art of War"],"campfire_rested":3,"item_purchase_floors":[2,2,31,31,31,31,36,36,44,44],"current_hp_per_floor":[74,74,51,57,57,63,63,18,18,17,23,23,23,14,34,14,55,42,41,41,44,48,48,48,48,48,47,47,47,57,57,57,53,64,38,38,38,42,42,62,62,68,68,68,68,65,65,65,65,65,57],"gold":55,"neow_bonus":"THREE_ENEMY_KILL","is_prod":false,"is_daily":false,"chose_seed":false,"campfire_upgraded":6,"win_rate":0,"timestamp":1553449803,"path_taken":["M","$","?","M","?","E","R","E","T","M","E","R","?","M","R","BOSS","M","M","$","M","M","R","M","R","T","M","?","R","M","$","R","BOSS","M","$","?","?","?","R","?","R","T","$","M","?","?","M","R","BOSS","BOSS"],"build_version":"2019-01-23","purchased_purges":1,"victory":true,"max_hp_per_floor":[75,75,75,75,75,75,75,75,75,75,75,75,68,68,68,68,68,68,68,68,68,68,68,68,68,68,68,68,68,68,68,68,68,68,68,68,68,68,68,68,68,68,68,68,68,65,65,65,65,65,65],"card_choices":[{"not_picked":["Armaments","Warcry","Thunderclap"],"picked":"SKIP","floor":1.0},{"not_picked":["Evolve","Rupture"],"picked":"Pummel","floor":4.0},{"not_picked":["Carnage","True Grit"],"picked":"Barricade","floor":6.0},{"not_picked":["Dropkick","Evolve"],"picked":"Pommel Strike","floor":8.0},{"not_picked":["Wild Strike","Ghostly Armor+1"],"picked":"Whirlwind","floor":10.0},{"not_picked":["Pommel Strike","Fire Breathing","Blood for Blood"],"picked":"SKIP","floor":11.0},{"not_picked":["Thunderclap","Headbutt","Flex+1"],"picked":"SKIP","floor":14.0},{"not_picked":["Brutality","Offering+1"],"picked":"Impervious+1","floor":16.0},{"not_picked":["Wild Strike","Clothesline"],"picked":"Body Slam","floor":18.0},{"not_picked":["Infernal Blade+1","Warcry+1"],"picked":"True Grit+1","floor":19.0},{"not_picked":["Anger","Seeing Red+1"],"picked":"Battle Trance+1","floor":21.0},{"not_picked":["Thunderclap","Sever Soul+1"],"picked":"Shrug It Off+1","floor":22},{"not_picked":["Thunderclap+1","Bludgeon","True Grit+1"],"picked":"SKIP","floor":24},{"not_picked":["Uppercut+1","Pommel Strike+1"],"picked":"Shrug It Off+1","floor":27},{"not_picked":["Evolve","Headbutt","Reckless Charge"],"picked":"SKIP","floor":30},{"not_picked":["Dark Embrace","Barricade"],"picked":"Offering+1","floor":33},{"not_picked":["Power Through+1"],"picked":"SKIP","floor":35},{"not_picked":["Flex+1"],"picked":"SKIP","floor":45},{"not_picked":["Dual Wield+1"],"picked":"SKIP","floor":48}],"player_experience":1105521,"relics_obtained":[{"floor":6.0,"key":"War Paint"},{"floor":8.0,"key":"Toxic Egg 2"},{"floor":9.0,"key":"Juzu Bracelet"},{"floor":11.0,"key":"Happy Flower"},{"floor":26,"key":"Mummified Hand"},{"floor":38,"key":"WingedGreaves"},{"floor":43,"key":"MawBank"}],"event_choices":[{"damage_healed":0.0,"max_hp_gain":0.0,"max_hp_loss":0.0,"gold_gain":0.0,"event_name":"Shining Light","player_choice":"Entered Light","floor":3.0,"gold_loss":0.0,"damage_taken":23.0,"cards_upgraded":["Strike_R","Bash"]},{"damage_healed":0.0,"max_hp_gain":0.0,"max_hp_loss":0.0,"gold_gain":0.0,"event_name":"Living Wall","player_choice":"Grow","floor":5.0,"gold_loss":0.0,"damage_taken":0.0,"cards_upgraded":["Body Slam"]},{"damage_healed":0.0,"max_hp_gain":0.0,"max_hp_loss":7.0,"gold_gain":0.0,"event_name":"Golden Idol","player_choice":"Lose Max HP","floor":13.0,"gold_loss":0.0,"damage_taken":0.0,"relics_obtained":["Golden Idol"]},{"damage_healed":0,"gold_gain":0,"player_choice":"Simplicity","damage_taken":0,"max_hp_gain":0,"max_hp_loss":0,"event_name":"Back to Basics","floor":28,"gold_loss":0,"cards_upgraded":["Strike_R","Strike_R","Strike_R","Strike_R","Defend_R","Defend_R"]},{"cards_removed":["Metallicize"],"damage_healed":0,"gold_gain":0,"player_choice":"Removed Power","damage_taken":0,"max_hp_gain":0,"max_hp_loss":0,"event_name":"Falling","floor":37,"gold_loss":0},{"damage_healed":0,"gold_gain":0,"player_choice":"Fight","damage_taken":0,"max_hp_gain":0,"max_hp_loss":0,"event_name":"MindBloom","floor":38,"gold_loss":0},{"damage_healed":0,"gold_gain":0,"player_choice":"Ignored","damage_taken":0,"max_hp_gain":0,"max_hp_loss":0,"event_name":"Mysterious Sphere","floor":39,"gold_loss":0},{"damage_healed":0,"gold_gain":333,"player_choice":"Gave Idol","damage_taken":0,"max_hp_gain":0,"max_hp_loss":0,"event_name":"The Moai Head","floor":41,"relics_lost":["Golden Idol"],"gold_loss":0},{"damage_healed":0,"gold_gain":0,"player_choice":"Max HP","damage_taken":0,"max_hp_gain":0,"max_hp_loss":3,"event_name":"Winding Halls","floor":46,"gold_loss":0}],"is_beta":false,"boss_relics":[{"not_picked":["Pandora\u0027s Box","Runic Pyramid"],"picked":"Black Blood"},{"not_picked":["Calling Bell","Astrolabe"],"picked":"Busted Crown"}],"items_purged_floors":[31],"is_endless":false,"potions_floor_spawned":[6,8,10,16,21,22,24,38,48],"ascension_level":20}