{"gold_per_floor":[215,235,133,148,95,121,121,152,204,221,231,231,256,206,206,307,307,323,342,342,142,159,187,187,220,220,220,253,253,253,253,253,353,353,364,115,115,129,229,229,264,68,68,99,112,124,124,124,124,124],"floor_reached":51,"playtime":1881,"items_purged":["Strike_B","Strike_B","Strike_B","Strike_B","Defend_B"],"score":1016,"play_id":"474add1d-c828-42d3-b19d-f67ad49b408f","local_time":"20190208214134","is_ascension_mode":true,"campfire_choices":[{"data":"Streamline","floor":7.0,"key":"SMITH"},{"data":"Recycle","floor":12.0,"key":"SMITH"},{"data":"Electrodynamics","floor":15.0,"key":"SMITH"},{"floor":24.0,"key":"REST"},{"floor":27.0,"key":"REST"},{"floor":29.0,"key":"REST"},{"floor":32.0,"key":"REST"},{"floor":40.0,"key":"REST"},{"floor":49.0,"key":"REST"}],"neow_cost":"NONE","seed_source_timestamp":535313558947488,"circlet_count":0,"master_deck":["Defend_B","Defend_B","Defend_B","Zap","Chill","Streamline+1","Ball Lightning+1","Leap","Conserve Battery","Glacier","Recycle+1","Cold Snap","Electrodynamics+1","Meteor Strike","Hologram","Defragment+1","Tempest","Coolheaded+1","Buffer","Coolheaded+1","Meteor Strike+1","Steam Power+1","Defragment","Turbo+1"],"special_seed":0,"relics":["Cracked Core","Question Card","Lantern","Smiling Mask","Bag of Marbles","Fusion Hammer","Pen Nib","Regal Pillow","Ornamental Fan","Singing Bowl","Red Mask","Toxic Egg 2","Snecko Eye","DataDisk","Bird Faced Urn","Pocketwatch","Whetstone","The Courier","Letter Opener"],"potions_floor_usage":[],"damage_taken":[{"damage":0.0,"enemies":"Small Slimes","floor":1.0,"turns":3.0},{"damage":0.0,"enemies":"2 Louse","floor":2.0,"turns":3.0},{"damage":0.0,"enemies":"Cultist","floor":4.0,"turns":2.0},{"damage":18.0,"enemies":"3 Sentries","floor":6.0,"turns":9.0},{"damage":11.0,"enemies":"Lagavulin","floor":8.0,"turns":8.0},{"damage":2.0,"enemies":"3 Louse","floor":10.0,"turns":3.0},{"damage":0.0,"enemies":"Exordium Wildlife","floor":11.0,"turns":3.0},{"damage":8.0,"enemies":"3 Sentries","floor":13.0,"turns":8.0},{"damage":9.0,"enemies":"Slime Boss","floor":16.0,"turns":8.0},{"damage":24.0,"enemies":"2 Thieves","floor":18.0,"turns":3.0},{"damage":2.0,"enemies":"Chosen","floor":19.0,"turns":3.0},{"damage":4.0,"enemies":"Snecko","floor":22.0,"turns":3.0},{"damage":24.0,"enemies":"Book of Stabbing","floor":23.0,"turns":5.0},{"damage":11.0,"enemies":"Gremlin Leader","floor":25.0,"turns":5.0},{"damage":19.0,"enemies":"Masked Bandits","floor":28.0,"turns":3.0},{"damage":66.0,"enemies":"Collector","floor":33.0,"turns":11.0},{"damage":5.0,"enemies":"3 Darklings","floor":35.0,"turns":2.0},{"damage":0.0,"enemies":"3 Shapes","floor":38.0,"turns":1.0},{"damage":8.0,"enemies":"Mind Bloom Boss Battle","floor":39.0,"turns":5.0},{"damage":3.0,"enemies":"Nemesis","floor":41.0,"turns":5.0},{"damage":0.0,"enemies":"Giant Head","floor":44.0,"turns":7.0},{"damage":0.0,"enemies":"Jaw Worm Horde","floor":45.0,"turns":2.0},{"damage":0.0,"enemies":"Sphere and 2 Shapes","floor":46.0,"turns":2.0},{"damage":0,"enemies":"Donu and Deca","floor":50,"turns":6}],"seed_played":"6260482741416206249","potions_obtained":[{"floor":1.0,"key":"Strength Potion"},{"floor":2.0,"key":"EntropicBrew"},{"floor":6.0,"key":"SneckoOil"},{"floor":10.0,"key":"Dexterity Potion"},{"floor":44.0,"key":"FocusPotion"}],"is_trial":false,"path_per_floor":["M","M","$","M","$","E","R","E","T","M","M","R","E","$","R","B",null,"M","M","?","$","M","E","R","E","T","R","?","R","?","T","R","B",null,"M","$","?","M","?","R","E","$","T","E","M","M","?","?","R","B",null],"character_chosen":"DEFECT","items_purchased":["Ball Lightning","Conserve Battery","Pen Nib","DataDisk","Coolheaded+1","Whetstone"],"campfire_rested":6,"item_purchase_floors":[3,5,21,36,36,42],"current_hp_per_floor":[75,75,75,75,75,57,57,46,46,44,44,44,36,36,36,27,75,51,49,35,35,31,7,46,35,35,74,55,80,80,80,80,14,80,77,77,77,79,71,84,81,81,81,84,84,86,82,82,92,92],"gold":124,"neow_bonus":"HUNDRED_GOLD","is_prod":false,"is_daily":false,"chose_seed":true,"campfire_upgraded":3,"win_rate":0,"timestamp":1549662094,"path_taken":["M","M","$","M","$","E","R","E","T","M","M","R","E","$","R","BOSS","M","M","?","$","M","E","R","E","T","R","?","R","?","?","R","BOSS","M","$","?","M","?","R","E","?","T","E","M","M","?","?","R","BOSS"],"build_version":"2019-01-23","purchased_purges":5,"victory":true,"max_hp_per_floor":[75,75,75,75,75,75,75,75,75,75,75,75,75,75,75,75,75,75,75,80,80,80,80,80,80,80,80,80,80,80,80,80,80,80,82,82,82,84,84,84,84,84,84,84,84,86,92,92,92,92],"card_choices":[{"not_picked":["Skim","Steam"],"picked":"Chill","floor":1.0},{"not_picked":["Sweeping Beam","Genetic Algorithm"],"picked":"Streamline","floor":2.0},{"not_picked":["Go for the Eyes","Reprogram"],"picked":"Leap","floor":4.0},{"not_picked":["Go for the Eyes","Amplify"],"picked":"Glacier","floor":6.0},{"not_picked":["Beam Cell","Loop","Cold Snap"],"picked":"Recycle","floor":8.0},{"not_picked":["Storm","Gash","Stack","FTL"],"picked":"SKIP","floor":10.0},{"not_picked":["Sweeping Beam","Go for the Eyes","Stack"],"picked":"Cold Snap","floor":11.0},{"not_picked":["Barrage","FTL","Redo"],"picked":"Electrodynamics","floor":13.0},{"not_picked":["Machine Learning","Amplify","Seek"],"picked":"Meteor Strike","floor":16.0},{"not_picked":["Beam Cell","Recycle+1","Go for the Eyes"],"picked":"Hologram","floor":18.0},{"not_picked":["Go for the Eyes+1","Consume+1","Redo"],"picked":"Defragment+1","floor":19.0},{"not_picked":["Loop+1","Rip and Tear","Melter"],"picked":"Tempest","floor":22.0},{"not_picked":["Barrage","Melter","Reprogram+1","Go for the Eyes"],"picked":"SKIP","floor":23.0},{"not_picked":["Force Field","Turbo","Leap","Darkness"],"picked":"SKIP","floor":25.0},{"not_picked":["Leap","Rip and Tear","Sweeping Beam"],"picked":"Coolheaded+1","floor":28.0},{"not_picked":["Amplify+1","Electrodynamics","All For One"],"picked":"Buffer","floor":33.0},{"not_picked":["Sweeping Beam+1","Streamline","Stack+1","Storm+1"],"picked":"Singing Bowl","floor":35.0},{"not_picked":["Redo+1","Undo+1","Leap+1","Force Field+1"],"picked":"Singing Bowl","floor":38.0},{"not_picked":["Hologram+1","Barrage","Static Discharge"],"picked":"Meteor Strike","floor":39.0},{"not_picked":["Thunder Strike","Go for the Eyes+1","Gash+1"],"picked":"Steam Power+1","floor":41.0},{"not_picked":["Redo+1","Doom and Gloom+1","Rebound"],"picked":"Defragment","floor":44.0},{"not_picked":["Rip and Tear","Steam+1","FTL+1"],"picked":"Turbo+1","floor":45.0},{"not_picked":["Genetic Algorithm+1","Gash+1","Stack+1","Force Field+1"],"picked":"Singing Bowl","floor":46.0},{"not_picked":["Purity+1","Deep Breath+1","Violence+1","Panacea+1"],"picked":"Singing Bowl","floor":47.0},{"not_picked":["Panacea+1","Flash of Steel","Violence+1","Secret Technique+1"],"picked":"Singing Bowl","floor":47.0},{"not_picked":["Forethought+1","Sadistic Nature","Swift Strike","Purity+1"],"picked":"Singing Bowl","floor":47.0}],"player_experience":522004,"relics_obtained":[{"floor":6.0,"key":"Question Card"},{"floor":8.0,"key":"Lantern"},{"floor":9.0,"key":"Smiling Mask"},{"floor":13.0,"key":"Bag of Marbles"},{"floor":23.0,"key":"Regal Pillow"},{"floor":25.0,"key":"Ornamental Fan"},{"floor":26.0,"key":"Singing Bowl"},{"floor":28.0,"key":"Red Mask"},{"floor":31.0,"key":"Toxic Egg 2"},{"floor":39.0,"key":"Bird Faced Urn"},{"floor":41.0,"key":"Pocketwatch"},{"floor":43.0,"key":"The Courier"},{"floor":44.0,"key":"Letter Opener"}],"event_choices":[{"damage_healed":0.0,"max_hp_gain":5.0,"max_hp_loss":0.0,"gold_gain":0.0,"event_name":"Forgotten Altar","player_choice":"Shed Blood","floor":20.0,"gold_loss":0.0,"damage_taken":19.0},{"damage_healed":0.0,"max_hp_gain":0.0,"max_hp_loss":0.0,"gold_gain":0.0,"event_name":"Masked Bandits","player_choice":"Fought Bandits","floor":28.0,"gold_loss":0.0,"damage_taken":0.0},{"damage_healed":0.0,"max_hp_gain":0.0,"max_hp_loss":0.0,"gold_gain":0.0,"event_name":"Ghosts","player_choice":"Ignored","floor":30.0,"gold_loss":0.0,"damage_taken":0.0},{"cards_removed":["Dualcast"],"damage_healed":0.0,"max_hp_gain":0.0,"max_hp_loss":0.0,"gold_gain":0.0,"event_name":"Falling","player_choice":"Removed Skill","floor":37.0,"gold_loss":0.0,"damage_taken":0.0},{"damage_healed":0.0,"max_hp_gain":0.0,"max_hp_loss":0.0,"gold_gain":0.0,"event_name":"MindBloom","player_choice":"Fight","floor":39.0,"gold_loss":0.0,"damage_taken":0.0},{"damage_healed":0.0,"max_hp_gain":0.0,"max_hp_loss":0.0,"gold_gain":0.0,"event_name":"SensoryStone","player_choice":"Memory 3","floor":47.0,"gold_loss":0.0,"damage_taken":10.0},{"cards_removed":["Defend_R"],"damage_healed":0.0,"max_hp_gain":0.0,"max_hp_loss":0.0,"gold_gain":0.0,"event_name":"NoteForYourself","player_choice":"Took Card","floor":48.0,"gold_loss":0.0,"damage_taken":0.0,"cards_obtained":["Defend_R"]}],"is_beta":false,"boss_relics":[{"not_picked":["Black Star","Coffee Dripper"],"picked":"Fusion Hammer"},{"not_picked":["Lizard Tail","Velvet Choker"],"picked":"Snecko Eye"}],"items_purged_floors":[3,14,21,36,42],"is_endless":false,"potions_floor_spawned":[1,2,6,10,16,22,25,28,38,44,46],"ascension_level":4}