{"gold_per_floor":[119,194,194,208,8,42,42,56,56,16,16,47,47,59,59,164,164,179,195,195],"floor_reached":20,"playtime":814,"items_purged":[],"score":311,"play_id":"c0b43c8d-4c3c-43db-8a44-719db1aa550b","local_time":"20190311181810","is_ascension_mode":true,"campfire_choices":[{"data":"Zap","floor":7,"key":"SMITH"},{"data":"Defragment","floor":11,"key":"SMITH"},{"floor":13,"key":"REST"},{"data":"Dualcast","floor":15,"key":"SMITH"}],"neow_cost":"NONE","seed_source_timestamp":862269629870516,"circlet_count":0,"master_deck":["AscendersBane","Strike_B","Strike_B","Strike_B","Strike_B","Defend_B","Defend_B","Defend_B","Defend_B","Zap+1","Dualcast+1","Compile Driver","Streamline","Consume","Ball Lightning","Defragment+1","Hologram","Buffer","Sweeping Beam"],"relics":["Cracked Core","NeowsBlessing","Pear","Bronze Scales","Bag of Marbles","Singing Bowl","Letter Opener","Eternal Feather"],"potions_floor_usage":[14,16,16],"damage_taken":[{"damage":0,"enemies":"Small Slimes","floor":1,"turns":1},{"damage":0,"enemies":"Jaw Worm","floor":4,"turns":1},{"damage":0,"enemies":"Gremlin Nob","floor":6,"turns":1},{"damage":0,"enemies":"2 Louse","floor":8,"turns":1},{"damage":25,"enemies":"3 Sentries","floor":12,"turns":5},{"damage":5,"enemies":"Gremlin Gang","floor":14,"turns":3},{"damage":17,"enemies":"The Guardian","floor":16,"turns":7},{"damage":14,"enemies":"Chosen","floor":18,"turns":4},{"damage":31,"enemies":"2 Thieves","floor":19,"turns":4},{"damage":27,"enemies":"Snake Plant","floor":20,"turns":2}],"seed_played":"1123490076414386243","potions_obtained":[{"floor":4,"key":"Strength Potion"},{"floor":6,"key":"Fire Potion"},{"floor":16,"key":"Strength Potion"},{"floor":18,"key":"FocusPotion"}],"is_trial":false,"path_per_floor":["M","?","?","M","$","E","R","M","T","$","R","E","R","M","R","B",null,"M","M","M"],"character_chosen":"DEFECT","items_purchased":["Bronze Scales","AttackPotion","Defragment"],"campfire_rested":1,"item_purchase_floors":[5,5,10],"current_hp_per_floor":[68,57,34,34,34,34,34,34,34,34,34,11,37,32,32,15,69,57,26,0],"gold":195,"neow_bonus":"THREE_ENEMY_KILL","is_prod":false,"is_daily":false,"chose_seed":false,"campfire_upgraded":3,"win_rate":0,"timestamp":1552342690,"path_taken":["M","?","?","M","$","E","R","M","T","$","R","E","R","M","R","BOSS","M","M","M"],"build_version":"2019-01-23","purchased_purges":0,"victory":false,"max_hp_per_floor":[75,75,85,85,85,85,85,85,85,85,85,87,87,87,87,87,87,89,89,89],"card_choices":[{"not_picked":["Stack","Turbo"],"picked":"Compile Driver","floor":1},{"not_picked":["Hologram","Rebound"],"picked":"Streamline","floor":4},{"not_picked":["Scrape","White Noise"],"picked":"Consume","floor":6},{"not_picked":["Beam Cell","Recycle"],"picked":"Ball Lightning","floor":8},{"not_picked":["Sweeping Beam","Rebound","Storm"],"picked":"Singing Bowl","floor":12},{"not_picked":["Turbo","Undo"],"picked":"Hologram","floor":14},{"not_picked":["All For One","Hyperbeam"],"picked":"Buffer","floor":16},{"not_picked":["Hologram","Redo","Steam Power"],"picked":"Singing Bowl","floor":18},{"not_picked":["Ball Lightning","Redo"],"picked":"Sweeping Beam","floor":19}],"player_experience":1808773,"relics_obtained":[{"floor":6,"key":"Bag of Marbles"},{"floor":9,"key":"Singing Bowl"},{"floor":12,"key":"Letter Opener"}],"event_choices":[{"damage_healed":0,"gold_gain":75,"player_choice":"Gather Gold","damage_taken":11,"max_hp_gain":0,"max_hp_loss":0,"event_name":"World of Goop","floor":2,"gold_loss":0},{"damage_healed":0,"gold_gain":0,"player_choice":"Success","damage_taken":33,"relics_obtained":["Pear"],"max_hp_gain":0,"max_hp_loss":0,"event_name":"Scrap Ooze","floor":3,"gold_loss":0}],"is_beta":false,"boss_relics":[{"not_picked":["Black Star","Runic Dome"],"picked":"Eternal Feather"}],"items_purged_floors":[],"is_endless":false,"potions_floor_spawned":[4,6,16,18],"killed_by":"Snake Plant","ascension_level":10}