{"gold_per_floor":[219,234,244,264,28,28,55,55,55,55,68,68,83,103,103,180,180,198,198,198,38,54,54,79,279,279,293,293,36,36,61,61,137,137,150,169,7,7,7],"floor_reached":39,"playtime":1694,"items_purged":["Strike_R","Strike_R","Strike_R"],"score":796,"play_id":"25a99a91-d22e-4699-9010-cb3e7017645a","local_time":"20190323103634","is_ascension_mode":true,"campfire_choices":[{"data":"Clothesline","floor":6.0,"key":"SMITH"},{"data":"Whirlwind","floor":8.0,"key":"SMITH"},{"data":"Bash","floor":10.0,"key":"SMITH"},{"data":"Disarm","floor":15.0,"key":"SMITH"},{"data":"True Grit","floor":23.0,"key":"SMITH"},{"data":"Shockwave","floor":28.0,"key":"SMITH"},{"data":"Spot Weakness","floor":32.0,"key":"SMITH"}],"neow_cost":"NONE","seed_source_timestamp":255804488193846,"circlet_count":0,"master_deck":["AscendersBane","Defend_R","Defend_R","Defend_R","Defend_R","Bash+1","Clothesline+1","Sword Boomerang","Spot Weakness+1","Double Tap","Whirlwind+1","Disarm+1","Battle Trance","Demon Form","True Grit+1","Impervious","Shockwave+1","RitualDagger","Limit Break","Reaper","Perfected Strike"],"special_seed":0,"relics":["Burning Blood","Centennial Puzzle","Letter Opener","Meat on the Bone","Velvet Choker","MutagenicStrength","Pantograph","Potion Belt","PreservedInsect","The Courier","Eternal Feather"],"potions_floor_usage":[39,39],"damage_taken":[{"damage":6.0,"enemies":"2 Louse","floor":1.0,"turns":4.0},{"damage":11.0,"enemies":"Cultist","floor":2.0,"turns":5.0},{"damage":4.0,"enemies":"Jaw Worm","floor":3.0,"turns":5.0},{"damage":10.0,"enemies":"2 Fungi Beasts","floor":4.0,"turns":4.0},{"damage":25.0,"enemies":"Lagavulin","floor":7.0,"turns":6.0},{"damage":11.0,"enemies":"Exordium Wildlife","floor":11.0,"turns":3.0},{"damage":21.0,"enemies":"Exordium Thugs","floor":13.0,"turns":3.0},{"damage":0.0,"enemies":"Large Slime","floor":14.0,"turns":3.0},{"damage":5.0,"enemies":"The Guardian","floor":16.0,"turns":11.0},{"damage":9.0,"enemies":"Shell Parasite","floor":18.0,"turns":5.0},{"damage":2.0,"enemies":"3 Byrds","floor":22.0,"turns":3.0},{"damage":47.0,"enemies":"Slavers","floor":24.0,"turns":5.0},{"damage":6.0,"enemies":"Snake Plant","floor":27.0,"turns":4.0},{"damage":29.0,"enemies":"Gremlin Leader","floor":31.0,"turns":6.0},{"damage":56.0,"enemies":"Champ","floor":33.0,"turns":7.0},{"damage":14,"enemies":"Orb Walker","floor":35,"turns":4},{"damage":11,"enemies":"3 Darklings","floor":36,"turns":3},{"damage":49,"enemies":"Sphere and 2 Shapes","floor":39,"turns":5}],"seed_played":"1054400525062738699","potions_obtained":[{"floor":3.0,"key":"Dexterity Potion"},{"floor":11.0,"key":"EssenceOfSteel"},{"floor":14.0,"key":"Fire Potion"},{"floor":16.0,"key":"Block Potion"},{"floor":24.0,"key":"AttackPotion"},{"floor":31.0,"key":"Poison Potion"},{"floor":35,"key":"Poison Potion"},{"floor":36,"key":"GamblersBrew"}],"is_trial":false,"path_per_floor":["M","M","M","M","$","R","E","R","T","R","M","?","M","M","R","B",null,"M","?","?","$","M","R","E","?","T","M","R","$","?","E","R","B",null,"M","M","$","?","M"],"character_chosen":"IRONCLAD","items_purchased":["Double Tap","Centennial Puzzle","LiquidBronze","PreservedInsect","Reaper"],"campfire_rested":0,"item_purchase_floors":[5,5,21,29,37],"current_hp_per_floor":[68,63,65,61,61,61,42,42,42,42,49,49,46,52,52,53,70,67,67,67,67,71,71,42,42,42,54,54,54,48,37,37,24,62,54,49,49,49,0],"gold":7,"neow_bonus":"HUNDRED_GOLD","is_prod":false,"is_daily":false,"chose_seed":false,"campfire_upgraded":7,"win_rate":0,"timestamp":1553333794,"path_taken":["M","M","M","M","$","R","E","R","T","R","M","?","?","?","R","BOSS","M","?","?","?","M","R","E","?","T","?","R","$","?","E","R","BOSS","M","M","$","?","M"],"build_version":"2019-01-23","purchased_purges":3,"victory":false,"max_hp_per_floor":[75,75,75,75,75,75,75,75,75,75,75,75,75,75,75,75,75,75,75,75,75,75,75,75,75,75,75,75,75,75,75,75,75,75,75,75,75,75,75],"card_choices":[{"not_picked":["Iron Wave","Clash"],"picked":"Clothesline","floor":1.0},{"not_picked":["Iron Wave","Flex"],"picked":"Sword Boomerang","floor":2.0},{"not_picked":["Rupture","Flame Barrier"],"picked":"Spot Weakness","floor":3.0},{"not_picked":["Warcry","Wild Strike","Second Wind"],"picked":"SKIP","floor":4.0},{"not_picked":["Twin Strike","True Grit"],"picked":"Whirlwind","floor":7.0},{"not_picked":["Warcry","Hemokinesis","Sword Boomerang"],"picked":"SKIP","floor":11.0},{"not_picked":["Body Slam","Pummel"],"picked":"Disarm","floor":13.0},{"not_picked":["Whirlwind","Flex"],"picked":"Battle Trance","floor":14.0},{"not_picked":["Berserk","Impervious"],"picked":"Demon Form","floor":16.0},{"not_picked":["Havoc","Body Slam","Rampage"],"picked":"SKIP","floor":18.0},{"not_picked":["Anger+1","Clash","Warcry"],"picked":"SKIP","floor":22.0},{"not_picked":["True Grit","Twin Strike"],"picked":"Impervious","floor":24.0},{"not_picked":["Headbutt","Heavy Blade"],"picked":"Shockwave","floor":27.0},{"not_picked":["Power Through+1","Intimidate","Evolve"],"picked":"SKIP","floor":31.0},{"not_picked":["Double Tap","Brutality"],"picked":"Limit Break","floor":33.0},{"not_picked":["Clash","Disarm","Perfected Strike"],"picked":"SKIP","floor":35},{"not_picked":["Sentinel","Sword Boomerang","Thunderclap+1"],"picked":"SKIP","floor":36}],"player_experience":1086491,"relics_obtained":[{"floor":7.0,"key":"Letter Opener"},{"floor":9.0,"key":"Meat on the Bone"},{"floor":24.0,"key":"Pantograph"},{"floor":26.0,"key":"Potion Belt"},{"floor":31.0,"key":"The Courier"}],"event_choices":[{"cards_removed":["Strike_R"],"damage_healed":0.0,"max_hp_gain":0.0,"max_hp_loss":0.0,"gold_gain":0.0,"event_name":"Purifier","player_choice":"Purged","floor":12.0,"gold_loss":0.0,"damage_taken":0.0},{"damage_healed":0.0,"max_hp_gain":0.0,"max_hp_loss":0.0,"gold_gain":0.0,"event_name":"Drug Dealer","player_choice":"Inject Mutagens","floor":19.0,"gold_loss":0.0,"damage_taken":0.0,"relics_obtained":["MutagenicStrength"]},{"damage_healed":0.0,"max_hp_gain":0.0,"max_hp_loss":0.0,"gold_gain":0.0,"event_name":"The Library","player_choice":"Read","floor":20.0,"gold_loss":0.0,"damage_taken":0.0,"cards_obtained":["True Grit"]},{"damage_healed":0.0,"max_hp_gain":0.0,"max_hp_loss":0.0,"gold_gain":200.0,"event_name":"Wheel of Change","player_choice":"Gold","floor":25.0,"gold_loss":0.0,"damage_taken":0.0},{"damage_healed":0.0,"max_hp_gain":0.0,"max_hp_loss":0.0,"gold_gain":0.0,"event_name":"Nest","player_choice":"Joined the Cult","floor":30.0,"gold_loss":0.0,"damage_taken":6.0,"cards_obtained":["RitualDagger"]},{"damage_healed":0,"gold_gain":0,"cards_transformed":["Strike_R"],"player_choice":"Transformed","damage_taken":0,"max_hp_gain":0,"max_hp_loss":0,"event_name":"Transmorgrifier","floor":38,"gold_loss":0,"cards_obtained":["Perfected Strike"]}],"is_beta":false,"boss_relics":[{"not_picked":["Philosopher\u0027s Stone","Black Star"],"picked":"Velvet Choker"},{"not_picked":["Orrery","Coffee Dripper"],"picked":"Eternal Feather"}],"items_purged_floors":[21,29,37],"is_endless":false,"potions_floor_spawned":[3,11,13,14,16,24,31,35,36],"killed_by":"Sphere and 2 Shapes","ascension_level":18}