{"gold_per_floor":[114,114,35,35,50,50,83,102,102,115,115,150,170,184,184,184],"floor_reached":16,"playtime":745,"items_purged":[],"score":202,"play_id":"ed52c16c-dfb7-4d58-ad2d-de9292822be7","local_time":"20190303211616","is_ascension_mode":true,"campfire_choices":[{"data":"Footwork","floor":6,"key":"SMITH"},{"floor":11,"key":"REST"},{"floor":15,"key":"REST"}],"neow_cost":"TEN_PERCENT_HP_LOSS","seed_source_timestamp":193578328796244,"circlet_count":0,"master_deck":["AscendersBane","Defend_G","Defend_G","Defend_G","Defend_G","Defend_G","Strike_G","Strike_G","Strike_G","Strike_G","Strike_G","Survivor","Neutralize","Quick Slash","Footwork+1","Backstab","Poisoned Stab","Leg Sweep","PiercingWail","Deadly Poison"],"relics":["Ring of the Snake","Pocketwatch","CultistMask","Paper Crane","PreservedInsect","Smiling Mask"],"potions_floor_usage":[7,16],"damage_taken":[{"damage":2,"enemies":"Jaw Worm","floor":1,"turns":5},{"damage":2,"enemies":"Cultist","floor":5,"turns":4},{"damage":38,"enemies":"Gremlin Nob","floor":7,"turns":5},{"damage":2,"enemies":"2 Louse","floor":8,"turns":2},{"damage":3,"enemies":"Blue Slaver","floor":10,"turns":4},{"damage":6,"enemies":"3 Sentries","floor":12,"turns":8},{"damage":0,"enemies":"Exordium Thugs","floor":13,"turns":5},{"damage":0,"enemies":"Red Slaver","floor":14,"turns":5},{"damage":43,"enemies":"Slime Boss","floor":16,"turns":9}],"seed_played":"6579741179241639726","potions_obtained":[{"floor":7,"key":"GamblersBrew"},{"floor":13,"key":"Energy Potion"},{"floor":14,"key":"Strength Potion"}],"is_trial":false,"path_per_floor":["M","?","$","?","M","R","E","M","T","M","R","E","M","M","R","B"],"character_chosen":"THE_SILENT","items_purchased":["PowerPotion","Quick Slash"],"campfire_rested":2,"item_purchase_floors":[3,3],"current_hp_per_floor":[57,57,57,57,55,55,17,15,15,12,30,24,24,24,42,0],"gold":184,"neow_bonus":"ONE_RARE_RELIC","is_prod":false,"is_daily":false,"chose_seed":false,"campfire_upgraded":1,"win_rate":0,"timestamp":1551665776,"path_taken":["M","?","?","?","M","R","E","M","T","M","R","E","M","M","R","BOSS"],"build_version":"2019-01-23","purchased_purges":0,"victory":false,"max_hp_per_floor":[60,60,60,60,60,60,60,60,60,60,60,60,60,60,60,60],"card_choices":[{"not_picked":["Dodge and Roll","Blade Dance","All Out Attack"],"picked":"SKIP","floor":1},{"not_picked":["Dodge and Roll","Prepared"],"picked":"Footwork","floor":5},{"not_picked":["Backflip","Outmaneuver"],"picked":"Backstab","floor":7},{"not_picked":["Deflect","Dagger Throw","Blade Dance"],"picked":"SKIP","floor":8},{"not_picked":["Accuracy","Flechettes"],"picked":"Poisoned Stab","floor":10},{"not_picked":["Blade Dance","Endless Agony"],"picked":"Leg Sweep","floor":12},{"not_picked":["Dodge and Roll","Envenom"],"picked":"PiercingWail","floor":13},{"not_picked":["Blade Dance","Concentrate"],"picked":"Deadly Poison","floor":14}],"player_experience":561295,"relics_obtained":[{"floor":7,"key":"Paper Crane"},{"floor":9,"key":"PreservedInsect"},{"floor":12,"key":"Smiling Mask"}],"event_choices":[{"damage_healed":0,"gold_gain":0,"player_choice":"Trade","damage_taken":0,"relics_obtained":["CultistMask"],"max_hp_gain":0,"max_hp_loss":0,"event_name":"FaceTrader","floor":2,"gold_loss":0},{"damage_healed":0,"gold_gain":0,"player_choice":"Leave","damage_taken":0,"max_hp_gain":0,"max_hp_loss":0,"event_name":"The Cleric","floor":4,"gold_loss":0}],"is_beta":false,"boss_relics":[],"items_purged_floors":[],"is_endless":false,"potions_floor_spawned":[7,13,14],"killed_by":"Slime Boss","ascension_level":16}