{"gold_per_floor":[131,143,171,258,445,457,469,481,493,522,564,587,609,171,171,171],"floor_reached":16,"playtime":1159,"items_purged":["Doubt"],"score":110,"play_id":"75bb902b-9bcc-4d82-9d01-b86f615de0d1","local_time":"20190131171032","is_ascension_mode":true,"campfire_choices":[{"data":"Bash","floor":6,"key":"SMITH"},{"data":"Corruption","floor":8,"key":"SMITH"},{"floor":15,"key":"REST"}],"neow_cost":"NONE","seed_source_timestamp":26255247888320,"circlet_count":0,"master_deck":["Strike_R","Strike_R","Strike_R","Defend_R","Defend_R","Defend_R","Defend_R","Bash+1","Corruption+1","Shrug It Off","Warcry","Sentinel","Flash of Steel"],"relics":["Burning Blood","MawBank","Vajra","Happy Flower","Toolbox"],"potions_floor_usage":[11,16],"damage_taken":[{"damage":8,"enemies":"Jaw Worm","floor":1,"turns":5},{"damage":6,"enemies":"Cultist","floor":3,"turns":4},{"damage":6,"enemies":"2 Louse","floor":10,"turns":4},{"damage":38,"enemies":"Gremlin Nob","floor":11,"turns":6},{"damage":1,"enemies":"2 Fungi Beasts","floor":12,"turns":4},{"damage":8,"enemies":"3 Louse","floor":13,"turns":5},{"damage":58,"enemies":"Slime Boss","floor":16,"turns":12}],"seed_played":"6628742171690664591","potions_obtained":[{"floor":3,"key":"Block Potion"},{"floor":13,"key":"Fire Potion"}],"is_trial":false,"path_per_floor":["?","M","?","?","?"],"character_chosen":"IRONCLAD","items_purchased":["Sentinel","Flash of Steel","Toolbox"],"campfire_rested":1,"item_purchase_floors":[14,14,14],"current_hp_per_floor":[78,78,78,67,67,67,60,60,60,60,28,33,31,31,55,0],"gold":171,"neow_bonus":"RANDOM_COMMON_RELIC","is_prod":false,"is_daily":false,"chose_seed":false,"campfire_upgraded":2,"win_rate":0,"timestamp":1548972632,"path_taken":["M","?","?","?","?","R","?","R","T","M","E","M","M","$","R","BOSS"],"build_version":"2019-01-23","purchased_purges":1,"victory":false,"max_hp_per_floor":[80,80,80,80,80,80,80,80,80,80,80,80,80,80,80,80],"card_choices":[{"not_picked":["Cleave","Anger","Twin Strike"],"picked":"SKIP","floor":1},{"not_picked":["Rupture","Seeing Red"],"picked":"Corruption","floor":3},{"not_picked":["Clothesline","Body Slam"],"picked":"Shrug It Off","floor":10},{"not_picked":["Heavy Blade","Flex","Iron Wave"],"picked":"SKIP","floor":11},{"not_picked":["Whirlwind","Sword Boomerang"],"picked":"Warcry","floor":12},{"not_picked":["True Grit","Havoc","Perfected Strike"],"picked":"SKIP","floor":13}],"player_experience":35603,"relics_obtained":[{"floor":9,"key":"Vajra"},{"floor":11,"key":"Happy Flower"}],"event_choices":[{"cards_removed":["Strike_R"],"damage_healed":0,"gold_gain":0,"player_choice":"Offered Basic","damage_taken":0,"max_hp_gain":0,"max_hp_loss":0,"event_name":"Bonfire Elementals","floor":2,"gold_loss":0},{"damage_healed":0,"gold_gain":75,"player_choice":"Gather Gold","damage_taken":11,"max_hp_gain":0,"max_hp_loss":0,"event_name":"World of Goop","floor":4,"gold_loss":0},{"damage_healed":0,"gold_gain":175,"player_choice":"AGREE","damage_taken":0,"max_hp_gain":0,"max_hp_loss":0,"event_name":"Liars Game","floor":5,"gold_loss":0,"cards_obtained":["Doubt"]},{"cards_removed":["Strike_R"],"damage_healed":0,"gold_gain":0,"player_choice":"Card Removal","damage_taken":7,"max_hp_gain":0,"max_hp_loss":0,"event_name":"Golden Wing","floor":7,"gold_loss":0}],"is_beta":false,"boss_relics":[],"items_purged_floors":[14],"is_endless":false,"potions_floor_spawned":[3,13],"killed_by":"Slime Boss","ascension_level":2}