{"gold_per_floor":[116,116,134,84,159,190,190,215,215,215,233,233,17,37,37,134,134,151,76,76,76,87,117,131,146,146,146,146,164,164,178,178,283,283,301,301,311,311,322,355,367,382,451,451,451,467,478,495,495,495],"floor_reached":50,"playtime":5189,"items_purged":["Strike_R"],"score":556,"play_id":"a816858b-7208-4d5a-a69e-214ef6170fa0","local_time":"20190131233801","is_ascension_mode":false,"campfire_choices":[{"data":"Metallicize","floor":7,"key":"SMITH"},{"data":"Immolate","floor":10,"key":"SMITH"},{"data":"Intimidate","floor":12,"key":"SMITH"},{"data":"Barricade","floor":15,"key":"SMITH"},{"data":"Body Slam","floor":27,"key":"SMITH"},{"data":"Entrench","floor":30,"key":"SMITH"},{"data":"Dark Embrace","floor":32,"key":"SMITH"},{"data":"Body Slam","floor":49,"key":"SMITH"}],"neow_cost":"NONE","seed_source_timestamp":45469680742993,"circlet_count":0,"master_deck":["Strike_R+1","Strike_R+1","Strike_R+1","Defend_R+1","Defend_R+1","Defend_R+1","Defend_R+1","Bash","True Grit+1","Metallicize+1","Headbutt","Immolate+1","Intimidate+1","Barricade+1","Shrug It Off","Body Slam+1","Thunderclap","Dark Embrace+1","Headbutt","Shame","Entrench+1","Evolve","Battle Trance+1","Warcry","Ghostly Armor","Body Slam+1","Warcry+1","Disarm+1","Dark Shackles","Discovery"],"relics":["Burning Blood","Juzu Bracelet","War Paint","Mango","Red Skull","Ornamental Fan","Black Star","Self Forming Clay","Regal Pillow","Pen Nib","Gremlin Horn","Velvet Choker","Mercury Hourglass","Omamori","Boot","Pear"],"potions_floor_usage":[8,10,24,33,33,35,40,40,42,42,50,50],"damage_taken":[{"damage":1,"enemies":"Jaw Worm","floor":1,"turns":4},{"damage":0,"enemies":"2 Louse","floor":3,"turns":3},{"damage":37,"enemies":"3 Sentries","floor":6,"turns":15},{"damage":9,"enemies":"Gremlin Nob","floor":8,"turns":5},{"damage":1,"enemies":"Small Slimes","floor":11,"turns":2},{"damage":0,"enemies":"Exordium Wildlife","floor":14,"turns":1},{"damage":15,"enemies":"The Guardian","floor":16,"turns":10},{"damage":10,"enemies":"2 Thieves","floor":18,"turns":3},{"damage":8,"enemies":"Shell Parasite","floor":22,"turns":12},{"damage":17,"enemies":"Gremlin Leader","floor":23,"turns":8},{"damage":25,"enemies":"Centurion and Healer","floor":24,"turns":7},{"damage":8,"enemies":"Snake Plant","floor":25,"turns":6},{"damage":0,"enemies":"Snecko","floor":29,"turns":5},{"damage":5,"enemies":"3 Cultists","floor":31,"turns":4},{"damage":6,"enemies":"Automaton","floor":33,"turns":7},{"damage":18,"enemies":"Orb Walker","floor":35,"turns":5},{"damage":4,"enemies":"3 Shapes","floor":37,"turns":2},{"damage":13,"enemies":"Maw","floor":39,"turns":9},{"damage":18,"enemies":"Giant Head","floor":40,"turns":7},{"damage":4,"enemies":"Sphere and 2 Shapes","floor":41,"turns":4},{"damage":23,"enemies":"Spire Growth","floor":42,"turns":5},{"damage":7,"enemies":"Writhing Mass","floor":46,"turns":6},{"damage":6,"enemies":"Maw","floor":47,"turns":7},{"damage":0,"enemies":"4 Shapes","floor":48,"turns":5},{"damage":85,"enemies":"Donu and Deca","floor":50,"turns":9}],"seed_played":"7976081800366495524","potions_obtained":[{"floor":6,"key":"SteroidPotion"},{"floor":8,"key":"Fruit Juice"},{"floor":16,"key":"FearPotion"},{"floor":18,"key":"FearPotion"},{"floor":23,"key":"Dexterity Potion"},{"floor":24,"key":"EssenceOfSteel"},{"floor":33,"key":"Regen Potion"},{"floor":35,"key":"Regen Potion"},{"floor":39,"key":"Fire Potion"},{"floor":41,"key":"Fire Potion"},{"floor":42,"key":"SkillPotion"},{"floor":48,"key":"AttackPotion"}],"is_trial":false,"path_per_floor":["?","?","?","?","?","?","?","T","?","?"],"character_chosen":"IRONCLAD","items_purchased":["Barricade","Shrug It Off","Body Slam"],"campfire_rested":0,"item_purchase_floors":[13,13,13],"current_hp_per_floor":[80,73,79,79,68,51,51,48,48,53,58,58,58,64,64,55,99,95,95,95,95,93,82,63,61,61,61,61,67,67,68,68,68,99,95,95,97,97,90,78,80,75,85,75,75,74,74,80,80,0],"gold":495,"neow_bonus":"RANDOM_COMMON_RELIC","is_prod":false,"is_daily":false,"chose_seed":false,"campfire_upgraded":8,"win_rate":0,"timestamp":1548995881,"path_taken":["M","?","M","?","?","E","R","E","T","R","M","R","$","M","R","BOSS","M","$","?","?","M","E","M","M","T","R","?","M","R","M","R","BOSS","M","?","M","?","M","E","M","M","T","?","?","M","M","M","R","BOSS"],"build_version":"2019-01-23","purchased_purges":1,"victory":false,"max_hp_per_floor":[80,80,80,80,80,94,94,94,94,99,99,99,99,99,99,99,99,99,99,99,99,99,99,99,99,99,99,99,99,99,99,99,99,99,99,99,99,99,99,99,99,99,109,109,104,104,104,104,104,104],"card_choices":[{"not_picked":["Cleave","Body Slam"],"picked":"True Grit","floor":1},{"not_picked":["Searing Blow","Entrench"],"picked":"Metallicize","floor":3},{"not_picked":["Clash","Flex"],"picked":"Headbutt","floor":6},{"not_picked":["Infernal Blade","Dual Wield"],"picked":"Immolate","floor":8},{"not_picked":["Cleave","Wild Strike"],"picked":"Intimidate","floor":11},{"not_picked":["Anger","Clothesline"],"picked":"Thunderclap","floor":14},{"not_picked":["Limit Break","Double Tap"],"picked":"Dark Embrace","floor":16},{"not_picked":["Clothesline","Cleave"],"picked":"Headbutt","floor":18},{"not_picked":["Pommel Strike","Blood for Blood+1","Fire Breathing"],"picked":"SKIP","floor":22},{"not_picked":["Hemokinesis","Headbutt","Cleave+1"],"picked":"SKIP","floor":23},{"not_picked":["Sword Boomerang","Clash+1"],"picked":"Entrench","floor":24},{"not_picked":["Feed","Entrench","Dual Wield"],"picked":"SKIP","floor":25},{"not_picked":["Armaments","Combust"],"picked":"Evolve","floor":29},{"not_picked":["Perfected Strike","Cleave"],"picked":"Battle Trance+1","floor":31},{"not_picked":["Bludgeon","Brutality"],"picked":"Immolate","floor":33},{"not_picked":["Clash","Clothesline+1"],"picked":"Warcry","floor":35},{"not_picked":["Flex","Pommel Strike","Havoc+1"],"picked":"SKIP","floor":37},{"not_picked":["Cleave","Entrench"],"picked":"Ghostly Armor","floor":39},{"not_picked":["Flex+1","Headbutt+1"],"picked":"Body Slam","floor":40},{"not_picked":["Fire Breathing","Blood for Blood"],"picked":"Warcry+1","floor":41},{"not_picked":["Iron Wave","Pommel Strike+1"],"picked":"Disarm+1","floor":42},{"not_picked":["Forethought","Purity"],"picked":"Dark Shackles","floor":44},{"not_picked":["Good Instincts","Transmutation"],"picked":"Discovery","floor":44},{"not_picked":["Perfected Strike+1","Iron Wave","Dropkick"],"picked":"SKIP","floor":46},{"not_picked":["Perfected Strike+1","Flex","True Grit"],"picked":"SKIP","floor":47},{"not_picked":["Wild Strike","Burning Pact","Clash+1"],"picked":"SKIP","floor":48}],"player_experience":46079,"relics_obtained":[{"floor":6,"key":"Mango"},{"floor":8,"key":"Red Skull"},{"floor":9,"key":"Ornamental Fan"},{"floor":23,"key":"Regal Pillow"},{"floor":23,"key":"Pen Nib"},{"floor":26,"key":"Gremlin Horn"},{"floor":38,"key":"Mercury Hourglass"},{"floor":40,"key":"Omamori"},{"floor":40,"key":"Boot"},{"floor":43,"key":"Pear"}],"event_choices":[{"damage_healed":0,"gold_gain":0,"player_choice":"Success","damage_taken":7,"relics_obtained":["War Paint"],"max_hp_gain":0,"max_hp_loss":0,"event_name":"Scrap Ooze","floor":2,"gold_loss":0},{"cards_removed":["Strike_R"],"damage_healed":0,"gold_gain":0,"player_choice":"Card Removal","damage_taken":0,"max_hp_gain":0,"max_hp_loss":0,"event_name":"The Cleric","floor":4,"gold_loss":50},{"damage_healed":0,"gold_gain":75,"player_choice":"Gather Gold","damage_taken":11,"max_hp_gain":0,"max_hp_loss":0,"event_name":"World of Goop","floor":5,"gold_loss":0},{"damage_healed":0,"gold_gain":0,"player_choice":"Stole Relic","damage_taken":0,"relics_obtained":["Self Forming Clay"],"max_hp_gain":0,"max_hp_loss":0,"event_name":"Addict","floor":20,"gold_loss":0,"cards_obtained":["Shame"]},{"damage_healed":0,"gold_gain":0,"player_choice":"Simplicity","damage_taken":0,"max_hp_gain":0,"max_hp_loss":0,"event_name":"Back to Basics","floor":21,"gold_loss":0,"cards_upgraded":["Strike_R","Strike_R","Strike_R","Defend_R","Defend_R","Defend_R"]},{"damage_healed":0,"gold_gain":0,"player_choice":"Ignored","damage_taken":0,"max_hp_gain":0,"max_hp_loss":0,"event_name":"Vampires","floor":28,"gold_loss":0},{"cards_removed":["Immolate"],"damage_healed":0,"gold_gain":0,"player_choice":"Removed Attack","damage_taken":0,"max_hp_gain":0,"max_hp_loss":0,"event_name":"Falling","floor":36,"gold_loss":0},{"damage_healed":0,"gold_gain":0,"player_choice":"Memory 3","damage_taken":10,"max_hp_gain":0,"max_hp_loss":0,"event_name":"SensoryStone","floor":44,"gold_loss":0},{"damage_healed":0,"gold_gain":0,"player_choice":"Max HP","damage_taken":0,"max_hp_gain":0,"max_hp_loss":5,"event_name":"Winding Halls","floor":45,"gold_loss":0}],"is_beta":false,"boss_relics":[{"not_picked":["Runic Dome","Runic Cube"],"picked":"Black Star"},{"not_picked":["Black Blood","Snecko Eye"],"picked":"Velvet Choker"}],"items_purged_floors":[19],"is_endless":false,"potions_floor_spawned":[6,8,16,18,23,24,29,33,35,39,41,42,48],"killed_by":"Donu and Deca","ascension_level":0}