{"gold_per_floor":[119,119,137,117,135,151,151,175,175,175,195,195,43,43,43,133,133,156,156,177,18,18,18,38,38,38,38],"floor_reached":27,"playtime":693,"items_purged":["Strike_G"],"score":396,"play_id":"c0c1093d-2fbc-435c-97ac-863bed3d3cd6","local_time":"20190120194714","is_ascension_mode":true,"campfire_choices":[{"data":"Dagger Throw","floor":7.0,"key":"SMITH"},{"data":"Predator","floor":10.0,"key":"SMITH"},{"data":"Noxious Fumes","floor":12.0,"key":"SMITH"},{"floor":15.0,"key":"REST"},{"floor":23,"key":"REST"},{"floor":25,"key":"REST"}],"neow_cost":"NONE","seed_source_timestamp":119083250761102,"circlet_count":0,"master_deck":["AscendersBane","Defend_G","Defend_G","Defend_G","Defend_G","Defend_G","Strike_G","Strike_G","Strike_G","Survivor","Neutralize","Dagger Throw+1","Backflip","Predator+1","Noxious Fumes+1","Terror","Burst","Leg Sweep","Writhe","Dash+1","Catalyst","Infinite Blades","PiercingWail"],"special_seed":0,"relics":["Ring of the Snake","Oddly Smooth Stone","Golden Idol","Molten Egg 2","Lizard Tail","Kunai","Mercury Hourglass"],"potions_floor_usage":[20,24,27],"damage_taken":[{"damage":0.0,"enemies":"Small Slimes","floor":1.0,"turns":4.0},{"damage":1.0,"enemies":"2 Louse","floor":3.0,"turns":4.0},{"damage":0.0,"enemies":"Cultist","floor":5.0,"turns":4.0},{"damage":4.0,"enemies":"Large Slime","floor":6.0,"turns":8.0},{"damage":0.0,"enemies":"Looter","floor":8.0,"turns":4.0},{"damage":8.0,"enemies":"2 Fungi Beasts","floor":11.0,"turns":4.0},{"damage":20.0,"enemies":"The Guardian","floor":16.0,"turns":10.0},{"damage":18.0,"enemies":"Chosen","floor":18.0,"turns":5.0},{"damage":29,"enemies":"3 Byrds","floor":20,"turns":3},{"damage":35,"enemies":"Shelled Parasite and Fungi","floor":24,"turns":8},{"damage":65,"enemies":"Book of Stabbing","floor":27,"turns":5}],"seed_played":"875777816278855819","potions_obtained":[{"floor":3.0,"key":"SpeedPotion"},{"floor":4.0,"key":"Regen Potion"},{"floor":16.0,"key":"SkillPotion"},{"floor":18.0,"key":"Strength Potion"},{"floor":20,"key":"EssenceOfSteel"}],"is_trial":false,"path_per_floor":["M","?","M","?","M","M","R","M","T","R","M","R","$","?","R","B",null,"M","?","M","$","?","R","M","R","T","E"],"character_chosen":"THE_SILENT","items_purchased":["Terror","Catalyst","Infinite Blades"],"campfire_rested":3,"item_purchase_floors":[13,21,21],"current_hp_per_floor":[59,36,35,35,35,31,31,40,40,40,32,32,32,37,58,38,63,45,45,16,16,16,37,2,23,23,0],"gold":38,"neow_bonus":"RANDOM_COMMON_RELIC","is_prod":false,"is_daily":false,"chose_seed":false,"campfire_upgraded":3,"win_rate":0,"timestamp":1548013634,"path_taken":["M","?","M","?","?","M","R","M","T","R","M","R","$","?","R","BOSS","M","?","M","$","?","R","?","R","T","E"],"build_version":"2019-01-17v2","purchased_purges":1,"victory":false,"max_hp_per_floor":[66,66,66,66,66,66,66,66,66,66,66,66,66,71,71,71,71,71,71,71,71,71,71,71,71,71,71],"card_choices":[{"not_picked":["Deflect","Outmaneuver","Acrobatics"],"picked":"SKIP","floor":1.0},{"not_picked":["Accuracy","Deflect","Prepared"],"picked":"SKIP","floor":3.0},{"not_picked":["Acrobatics","Escape Plan"],"picked":"Dagger Throw","floor":5.0},{"not_picked":["Expertise","Quick Slash"],"picked":"Backflip","floor":6.0},{"not_picked":["Dodge and Roll","Crippling Poison"],"picked":"Predator","floor":8.0},{"not_picked":["Cloak And Dagger","Poisoned Stab+1"],"picked":"Noxious Fumes","floor":11.0},{"not_picked":["Phantasmal Killer","Storm of Steel"],"picked":"Burst","floor":16.0},{"not_picked":["Dodge and Roll","Backflip"],"picked":"Leg Sweep","floor":18.0},{"not_picked":["Flying Knee+1","Slice+1"],"picked":"Dash+1","floor":20},{"not_picked":["Dodge and Roll","Dagger Throw+1"],"picked":"PiercingWail","floor":24}],"player_experience":513825,"relics_obtained":[{"floor":9.0,"key":"Molten Egg 2"},{"floor":26,"key":"Mercury Hourglass"}],"event_choices":[{"damage_healed":0.0,"max_hp_gain":0.0,"max_hp_loss":0.0,"gold_gain":0.0,"event_name":"Golden Idol","player_choice":"Take Damage","floor":2.0,"gold_loss":0.0,"damage_taken":23.0,"relics_obtained":["Golden Idol"]},{"damage_healed":0.0,"max_hp_gain":0.0,"max_hp_loss":0.0,"gold_gain":0.0,"event_name":"The Woman in Blue","player_choice":"Bought 1 Potion","floor":4.0,"gold_loss":0.0,"damage_taken":0.0},{"damage_healed":0.0,"max_hp_gain":5.0,"max_hp_loss":0.0,"gold_gain":0.0,"event_name":"Big Fish","player_choice":"Donut","floor":14.0,"gold_loss":0.0,"damage_taken":0.0},{"damage_healed":0,"gold_gain":0,"player_choice":"Opened","damage_taken":0,"relics_obtained":["Kunai"],"max_hp_gain":0,"max_hp_loss":0,"event_name":"The Mausoleum","floor":19,"gold_loss":0,"cards_obtained":["Writhe"]},{"cards_removed":["Strike_G"],"damage_healed":0,"gold_gain":0,"player_choice":"Purged","damage_taken":0,"max_hp_gain":0,"max_hp_loss":0,"event_name":"Purifier","floor":22,"gold_loss":0}],"is_beta":false,"boss_relics":[{"not_picked":["Busted Crown","Black Star"],"picked":"Lizard Tail"}],"items_purged_floors":[13],"is_endless":false,"potions_floor_spawned":[3,6,16,18,20],"killed_by":"Book of Stabbing","ascension_level":19}