{"gold_per_floor":[117,117,23,34,46,46,72,86,111,143,143,143,159,189,189,289,289,307,326,341,371,33,33],"floor_reached":23,"playtime":2109,"items_purged":["Strike_B"],"score":338,"play_id":"3ffa1d9c-5f55-4364-a635-3e232cc0e98a","local_time":"20190324101200","is_ascension_mode":true,"campfire_choices":[{"data":"Zap","floor":6,"key":"SMITH"},{"floor":12,"key":"REST"},{"floor":15,"key":"REST"}],"neow_cost":"NONE","seed_source_timestamp":886861571471570,"circlet_count":0,"master_deck":["AscendersBane","Strike_B","Strike_B","Strike_B","Defend_B","Defend_B","Defend_B","Defend_B","Zap+1","Dualcast","Core Surge","Go for the Eyes","Rebound","Beam Cell","Genetic Algorithm","Biased Cognition","Steam","Cold Snap","Hyperbeam","Ball Lightning","Barrage","Turbo","Ball Lightning","Conserve Battery","Dark Shackles","Self Repair"],"relics":["Cracked Core","Unceasing Top","Bottled Flame","Lantern","Singing Bowl","Strawberry","Inserter","Red Mask"],"potions_floor_usage":[8,10,14,20,23,23],"damage_taken":[{"damage":0,"enemies":"Cultist","floor":1,"turns":3},{"damage":4,"enemies":"Jaw Worm","floor":4,"turns":3},{"damage":3,"enemies":"Small Slimes","floor":5,"turns":3},{"damage":30,"enemies":"3 Sentries","floor":7,"turns":7},{"damage":0,"enemies":"Looter","floor":8,"turns":1},{"damage":25,"enemies":"Lagavulin","floor":10,"turns":5},{"damage":3,"enemies":"Exordium Wildlife","floor":13,"turns":2},{"damage":20,"enemies":"3 Sentries","floor":14,"turns":7},{"damage":17,"enemies":"The Guardian","floor":16,"turns":12},{"damage":0,"enemies":"Chosen","floor":18,"turns":4},{"damage":10,"enemies":"3 Byrds","floor":19,"turns":4},{"damage":8,"enemies":"3 Cultists","floor":20,"turns":5},{"damage":38,"enemies":"Masked Bandits","floor":21,"turns":4},{"damage":17,"enemies":"Book of Stabbing","floor":23,"turns":5}],"seed_played":"3872373161707904545","potions_obtained":[{"floor":8,"key":"AttackPotion"},{"floor":13,"key":"EssenceOfSteel"},{"floor":14,"key":"Fire Potion"},{"floor":19,"key":"Weak Potion"},{"floor":21,"key":"SkillPotion"}],"is_trial":false,"path_per_floor":["M","T","$","M","M","R","E","M","T","E","?","R","M","E","R","B",null,"M","M","M","?","$","E"],"character_chosen":"DEFECT","items_purchased":["Go for the Eyes","Fire Potion","Ball Lightning","Conserve Battery","Dark Shackles","Self Repair"],"campfire_rested":2,"item_purchase_floors":[3,3,22,22,22,22],"current_hp_per_floor":[68,68,68,64,61,61,31,31,31,6,6,28,27,14,39,22,69,69,59,51,15,15,0],"gold":33,"neow_bonus":"ONE_RANDOM_RARE_CARD","is_prod":false,"is_daily":false,"chose_seed":false,"campfire_upgraded":1,"win_rate":0,"timestamp":1553436720,"path_taken":["M","?","?","M","M","R","E","M","T","E","?","R","M","E","R","BOSS","M","M","M","?","$","E"],"build_version":"2019-01-23","purchased_purges":1,"victory":false,"max_hp_per_floor":[75,75,75,75,75,75,75,75,75,75,75,75,77,84,84,84,84,84,84,84,86,86,86],"card_choices":[{"not_picked":["Steam","Barrage","Steam Power"],"picked":"SKIP","floor":1},{"not_picked":["Chill","Gash"],"picked":"Rebound","floor":4},{"not_picked":["Coolheaded","Stack"],"picked":"Beam Cell","floor":5},{"not_picked":["Gash","Streamline"],"picked":"Genetic Algorithm","floor":7},{"not_picked":["Undo","Doom and Gloom"],"picked":"Biased Cognition","floor":8},{"not_picked":["Undo","Reprogram"],"picked":"Steam","floor":10},{"not_picked":["Compile Driver","Scrape","Blizzard"],"picked":"Singing Bowl","floor":13},{"not_picked":["Coolheaded","Gash"],"picked":"Cold Snap","floor":14},{"not_picked":["Core Surge","Machine Learning"],"picked":"Hyperbeam","floor":16},{"not_picked":["Capacitor","Rebound"],"picked":"Ball Lightning","floor":18},{"not_picked":["Leap+1","Beam Cell"],"picked":"Barrage","floor":19},{"not_picked":["Rebound","Steam Power"],"picked":"Turbo","floor":20},{"not_picked":["Recycle","Capacitor+1","Tempest"],"picked":"Singing Bowl","floor":21}],"player_experience":1992514,"relics_obtained":[{"floor":2,"key":"Unceasing Top"},{"floor":7,"key":"Bottled Flame"},{"floor":9,"key":"Lantern"},{"floor":10,"key":"Singing Bowl"},{"floor":14,"key":"Strawberry"},{"floor":21,"key":"Red Mask"}],"event_choices":[{"damage_healed":0,"gold_gain":0,"player_choice":"Searched \u00270\u0027 times","damage_taken":0,"max_hp_gain":0,"max_hp_loss":0,"event_name":"Dead Adventurer","floor":11,"gold_loss":0},{"damage_healed":0,"gold_gain":0,"player_choice":"Fought Bandits","damage_taken":0,"max_hp_gain":0,"max_hp_loss":0,"event_name":"Masked Bandits","floor":21,"gold_loss":0}],"is_beta":false,"boss_relics":[{"not_picked":["Astrolabe","Pandora\u0027s Box"],"picked":"Inserter"}],"items_purged_floors":[22],"is_endless":false,"potions_floor_spawned":[8,13,14,19,21],"killed_by":"Book of Stabbing","ascension_level":12}