{"gold_per_floor":[110,29,47,47,60,60,72,83,138,154,209,169,169,186,186,186],"floor_reached":16,"playtime":686,"items_purged":[],"score":188,"play_id":"0380282e-ea1d-45f3-b484-a4c79008253b","local_time":"20190312163903","is_ascension_mode":true,"campfire_choices":[{"data":"Footwork","floor":6,"key":"SMITH"},{"data":"Footwork","floor":13,"key":"SMITH"},{"floor":15,"key":"REST"}],"neow_cost":"NONE","seed_source_timestamp":515099270062485,"circlet_count":0,"master_deck":["AscendersBane","Defend_G","Defend_G","Defend_G","Defend_G","Defend_G","Strike_G","Strike_G","Strike_G","Strike_G","Survivor","Neutralize","Impatience","Blade Dance","Footwork+1","Footwork+1","PiercingWail","Deadly Poison","Cloak And Dagger","Well Laid Plans","Deadly Poison"],"relics":["Ring of the Snake","Strawberry","Blood Vial"],"potions_floor_usage":[8,16],"damage_taken":[{"damage":3,"enemies":"Jaw Worm","floor":1,"turns":5},{"damage":0,"enemies":"Cultist","floor":3,"turns":5},{"damage":3,"enemies":"Small Slimes","floor":5,"turns":6},{"damage":1,"enemies":"2 Fungi Beasts","floor":7,"turns":6},{"damage":10,"enemies":"Gremlin Gang","floor":8,"turns":4},{"damage":18,"enemies":"Large Slime","floor":10,"turns":11},{"damage":0,"enemies":"Looter","floor":12,"turns":4},{"damage":5,"enemies":"2 Fungi Beasts","floor":14,"turns":4},{"damage":61,"enemies":"Slime Boss","floor":16,"turns":17}],"seed_played":"-3147738422795372356","potions_obtained":[{"floor":3,"key":"Explosive Potion"},{"floor":14,"key":"EssenceOfSteel"}],"is_trial":false,"path_per_floor":["M","$","M","?","M","R","M","M","T","M","T","M","R","M","R","B"],"character_chosen":"THE_SILENT","items_purchased":["Footwork"],"campfire_rested":1,"item_purchase_floors":[2],"current_hp_per_floor":[56,56,56,56,53,53,52,42,49,31,31,33,33,30,51,0],"gold":186,"neow_bonus":"RANDOM_COLORLESS","is_prod":false,"is_daily":false,"chose_seed":false,"campfire_upgraded":2,"win_rate":0,"timestamp":1552405143,"path_taken":["M","$","M","?","?","R","M","M","T","M","?","M","R","M","R","BOSS"],"build_version":"2019-01-23","purchased_purges":0,"victory":false,"max_hp_per_floor":[66,66,66,66,66,66,66,66,73,73,73,73,73,73,73,73],"card_choices":[{"not_picked":["Acrobatics","Backflip"],"picked":"Blade Dance","floor":1},{"not_picked":["Dodge and Roll","Backflip"],"picked":"Footwork","floor":3},{"not_picked":["Endless Agony","Heel Hook","Underhanded Strike"],"picked":"SKIP","floor":5},{"not_picked":["Tactician","Setup"],"picked":"PiercingWail","floor":7},{"not_picked":["Quick Slash","All Out Attack"],"picked":"Deadly Poison","floor":8},{"not_picked":["Prepared","Acrobatics"],"picked":"Cloak And Dagger","floor":10},{"not_picked":["Calculated Gamble","Expertise"],"picked":"Well Laid Plans","floor":12},{"not_picked":["Well Laid Plans","Bane"],"picked":"Deadly Poison","floor":14}],"player_experience":986418,"relics_obtained":[{"floor":9,"key":"Strawberry"},{"floor":11,"key":"Blood Vial"}],"event_choices":[{"cards_removed":["Strike_G"],"damage_healed":0,"gold_gain":0,"player_choice":"Purged","damage_taken":0,"max_hp_gain":0,"max_hp_loss":0,"event_name":"Purifier","floor":4,"gold_loss":0}],"is_beta":false,"boss_relics":[],"items_purged_floors":[],"is_endless":false,"potions_floor_spawned":[3,14],"killed_by":"Slime Boss","ascension_level":20}