{"gold_per_floor":[114,33,43,54,129,154,154,187,187,187,213,213,138,167,167,167],"floor_reached":16,"playtime":366,"items_purged":[],"score":252,"play_id":"528256ea-2dfe-4e2d-aed1-0317d7ebf184","local_time":"20190322140907","is_ascension_mode":true,"campfire_choices":[{"floor":7.0,"key":"REST"},{"data":"Bludgeon","floor":10.0,"key":"SMITH"},{"floor":12.0,"key":"REST"},{"data":"Bash","floor":15.0,"key":"SMITH"}],"neow_cost":"NONE","seed_source_timestamp":76177536547139,"circlet_count":0,"master_deck":["AscendersBane","Strike_R","Strike_R","Strike_R","Strike_R","Defend_R","Defend_R","Defend_R","Defend_R","Bash+1","Spot Weakness","Clothesline","Inflame","Ghostly Armor","Iron Wave","Twin Strike","Bludgeon+1","Wild Strike"],"special_seed":0,"relics":["Burning Blood","Regal Pillow","Blue Candle","Smiling Mask","Lantern","Vajra"],"potions_floor_usage":[16],"damage_taken":[{"damage":19.0,"enemies":"Small Slimes","floor":1.0,"turns":4.0},{"damage":1.0,"enemies":"2 Louse","floor":3.0,"turns":3.0},{"damage":0.0,"enemies":"Cultist","floor":4.0,"turns":4.0},{"damage":35.0,"enemies":"3 Sentries","floor":6.0,"turns":8.0},{"damage":27.0,"enemies":"Lagavulin","floor":8.0,"turns":7.0},{"damage":20.0,"enemies":"3 Sentries","floor":11.0,"turns":6.0},{"damage":11.0,"enemies":"Gremlin Nob","floor":14.0,"turns":3.0},{"damage":64,"enemies":"Hexaghost","floor":16,"turns":9}],"seed_played":"6902812029244326706","potions_obtained":[{"floor":6.0,"key":"Explosive Potion"},{"floor":11.0,"key":"Energy Potion"},{"floor":14.0,"key":"Weak Potion"}],"is_trial":false,"path_per_floor":["M","$","M","M","?","E","R","E","T","R","E","R","?","E","R","B"],"character_chosen":"IRONCLAD","items_purchased":["Inflame"],"campfire_rested":2,"item_purchase_floors":[2],"current_hp_per_floor":[55,55,60,66,55,26,63,42,42,42,28,65,65,60,60,0],"gold":167,"neow_bonus":"THREE_CARDS","is_prod":false,"is_daily":false,"chose_seed":false,"campfire_upgraded":2,"win_rate":0,"timestamp":1553263747,"path_taken":["M","$","M","M","?","E","R","E","T","R","E","R","?","E","R","BOSS"],"build_version":"2019-01-23","purchased_purges":0,"victory":false,"max_hp_per_floor":[75,75,75,75,75,75,75,75,75,75,75,75,75,75,75,75],"card_choices":[{"not_picked":["Shrug It Off","True Grit"],"picked":"Spot Weakness","floor":0.0},{"not_picked":["Bloodletting","Perfected Strike"],"picked":"Clothesline","floor":1.0},{"not_picked":["Reckless Charge","Anger"],"picked":"Ghostly Armor","floor":3.0},{"not_picked":["Body Slam","Clash"],"picked":"Iron Wave","floor":4.0},{"not_picked":["Havoc","Perfected Strike"],"picked":"Twin Strike","floor":6.0},{"not_picked":["Fire Breathing","Dropkick"],"picked":"Bludgeon","floor":8.0},{"not_picked":["Perfected Strike","Bloodletting","True Grit"],"picked":"SKIP","floor":11.0},{"not_picked":["Corruption","Anger"],"picked":"Wild Strike","floor":14.0}],"player_experience":563214,"relics_obtained":[{"floor":6.0,"key":"Regal Pillow"},{"floor":8.0,"key":"Blue Candle"},{"floor":9.0,"key":"Smiling Mask"},{"floor":11.0,"key":"Lantern"},{"floor":14.0,"key":"Vajra"}],"event_choices":[{"damage_healed":0.0,"max_hp_gain":0.0,"max_hp_loss":0.0,"gold_gain":75.0,"event_name":"World of Goop","player_choice":"Gather Gold","floor":5.0,"gold_loss":0.0,"damage_taken":11.0},{"cards_removed":["Strike_R"],"damage_healed":0.0,"max_hp_gain":0.0,"max_hp_loss":0.0,"gold_gain":0.0,"event_name":"The Cleric","player_choice":"Card Removal","floor":13.0,"gold_loss":75.0,"damage_taken":0.0}],"is_beta":false,"boss_relics":[],"items_purged_floors":[],"is_endless":false,"potions_floor_spawned":[6,11,14],"killed_by":"Hexaghost","ascension_level":20}