{"gold_per_floor":[114,114,114,56,75,100,100,100,152,152,11,32,66,66,66,66],"floor_reached":16,"playtime":386,"items_purged":[],"score":249,"play_id":"27a28ae2-5c28-4611-bb5d-e88077abf3a3","local_time":"20190313170901","is_ascension_mode":true,"campfire_choices":[{"data":"Uppercut","floor":7,"key":"SMITH"},{"data":"Battle Trance","floor":10,"key":"SMITH"},{"data":"Metallicize","floor":15,"key":"SMITH"}],"neow_cost":"NONE","seed_source_timestamp":603600532626862,"circlet_count":0,"master_deck":["AscendersBane","Strike_R+1","Strike_R","Strike_R","Strike_R","Defend_R","Defend_R","Defend_R","Defend_R+1","Bash+1","Clash","Uppercut+1","Battle Trance+1","Metallicize+1","Headbutt"],"relics":["Burning Blood","NeowsBlessing","Dodecahedron","Golden Idol","Bronze Scales","Nunchaku"],"potions_floor_usage":[13,13],"damage_taken":[{"damage":0,"enemies":"Small Slimes","floor":1,"turns":1},{"damage":0,"enemies":"Jaw Worm","floor":5,"turns":1},{"damage":0,"enemies":"Lagavulin","floor":6,"turns":1},{"damage":4,"enemies":"2 Louse","floor":12,"turns":2},{"damage":29,"enemies":"3 Sentries","floor":13,"turns":10},{"damage":50,"enemies":"Slime Boss","floor":16,"turns":10}],"seed_played":"-1543149122781364783","potions_obtained":[{"floor":6,"key":"EssenceOfSteel"}],"is_trial":false,"path_per_floor":["M","?","?","$","M","E","R","?","T","R","$","M","E","?","R","B"],"character_chosen":"IRONCLAD","items_purchased":["Clash","Metallicize","Swift Potion"],"campfire_rested":0,"item_purchase_floors":[4,11,11],"current_hp_per_floor":[74,74,51,51,57,63,63,63,63,63,63,65,42,42,42,0],"gold":66,"neow_bonus":"THREE_ENEMY_KILL","is_prod":false,"is_daily":false,"chose_seed":false,"campfire_upgraded":3,"win_rate":0,"timestamp":1552493341,"path_taken":["M","?","?","$","M","E","R","?","T","R","$","M","E","?","R","BOSS"],"build_version":"2019-01-23","purchased_purges":0,"victory":false,"max_hp_per_floor":[75,75,75,75,75,75,75,68,68,68,68,68,68,68,68,68],"card_choices":[{"not_picked":["Clothesline","Flex","Power Through"],"picked":"SKIP","floor":1},{"not_picked":["Second Wind","Pummel"],"picked":"Uppercut","floor":5},{"not_picked":["Headbutt","Armaments"],"picked":"Battle Trance","floor":6},{"not_picked":["Thunderclap","Rupture","Uppercut"],"picked":"SKIP","floor":12},{"not_picked":["Blood for Blood","Bludgeon","Rupture"],"picked":"SKIP","floor":13}],"player_experience":998372,"relics_obtained":[{"floor":6,"key":"Dodecahedron"},{"floor":9,"key":"Bronze Scales"},{"floor":13,"key":"Nunchaku"}],"event_choices":[{"damage_healed":0,"gold_gain":0,"player_choice":"Grow","damage_taken":0,"max_hp_gain":0,"max_hp_loss":0,"event_name":"Living Wall","floor":2,"gold_loss":0,"cards_upgraded":["Bash"]},{"damage_healed":0,"gold_gain":0,"player_choice":"Entered Light","damage_taken":23,"max_hp_gain":0,"max_hp_loss":0,"event_name":"Shining Light","floor":3,"gold_loss":0,"cards_upgraded":["Strike_R","Defend_R"]},{"damage_healed":0,"gold_gain":0,"player_choice":"Lose Max HP","damage_taken":0,"relics_obtained":["Golden Idol"],"max_hp_gain":0,"max_hp_loss":7,"event_name":"Golden Idol","floor":8,"gold_loss":0},{"damage_healed":0,"gold_gain":0,"cards_transformed":["Strike_R"],"player_choice":"Transformed","damage_taken":0,"max_hp_gain":0,"max_hp_loss":0,"event_name":"Transmorgrifier","floor":14,"gold_loss":0,"cards_obtained":["Headbutt"]}],"is_beta":false,"boss_relics":[],"items_purged_floors":[],"is_endless":false,"potions_floor_spawned":[6],"killed_by":"Slime Boss","ascension_level":18}