{"gold_per_floor":[213,226,226,226,226,226,27,71,71,84,104,147,161,196,196,196],"floor_reached":16,"playtime":1003,"items_purged":[],"score":180,"play_id":"6c694f9d-9566-4e46-be7b-b634e3cc8763","local_time":"20190311151432","is_ascension_mode":true,"campfire_choices":[{"data":"Chaos","floor":6,"key":"SMITH"},{"data":"Redo","floor":15,"key":"SMITH"}],"neow_cost":"NONE","seed_source_timestamp":851063599667168,"circlet_count":0,"master_deck":["AscendersBane","Strike_B","Strike_B","Strike_B","Strike_B","Defend_B+1","Defend_B","Defend_B","Defend_B+1","Zap+1","Dualcast","Chaos+1","Compile Driver","Coolheaded","Genetic Algorithm","Sweeping Beam","Go for the Eyes","Steam","Chill","Redo+1"],"relics":["Cracked Core","Golden Idol","Blood Vial","PreservedInsect","Strawberry","Pen Nib","Gambling Chip","War Paint"],"potions_floor_usage":[16],"damage_taken":[{"damage":2,"enemies":"2 Louse","floor":1,"turns":3},{"damage":7,"enemies":"Jaw Worm","floor":2,"turns":3},{"damage":28,"enemies":"Lagavulin","floor":8,"turns":4},{"damage":0,"enemies":"Cultist","floor":10,"turns":3},{"damage":9,"enemies":"Exordium Wildlife","floor":11,"turns":2},{"damage":15,"enemies":"3 Sentries","floor":12,"turns":5},{"damage":2,"enemies":"Exordium Thugs","floor":13,"turns":3},{"damage":5,"enemies":"Gremlin Nob","floor":14,"turns":3},{"damage":39,"enemies":"Hexaghost","floor":16,"turns":12}],"seed_played":"1735515574181476345","potions_obtained":[{"floor":1,"key":"Fire Potion"},{"floor":2,"key":"Regen Potion"},{"floor":12,"key":"Ancient Potion"}],"is_trial":false,"path_per_floor":["M","M","?","?","?","R","$","E","T","M","M","E","M","E","R","B"],"character_chosen":"DEFECT","items_purchased":["PreservedInsect","Coolheaded"],"campfire_rested":0,"item_purchase_floors":[7,7],"current_hp_per_floor":[66,59,59,59,59,59,59,40,40,42,35,22,22,19,19,0],"gold":196,"neow_bonus":"HUNDRED_GOLD","is_prod":false,"is_daily":false,"chose_seed":false,"campfire_upgraded":2,"win_rate":0,"timestamp":1552331672,"path_taken":["M","M","?","?","?","R","$","E","T","?","M","E","M","E","R","BOSS"],"build_version":"2019-01-23","purchased_purges":0,"victory":false,"max_hp_per_floor":[75,75,75,69,69,69,69,76,76,76,76,76,76,76,76,76],"card_choices":[{"not_picked":["Blizzard","Stack"],"picked":"Chaos","floor":1},{"not_picked":["Stack","Recycle"],"picked":"Compile Driver","floor":2},{"not_picked":["Redo","Compile Driver"],"picked":"Genetic Algorithm","floor":8},{"not_picked":["Coolheaded","Hologram"],"picked":"Sweeping Beam","floor":10},{"not_picked":["Hologram","Leap"],"picked":"Go for the Eyes","floor":11},{"not_picked":["Ball Lightning","Rainbow"],"picked":"Steam","floor":12},{"not_picked":["BootSequence","Go for the Eyes"],"picked":"Chill","floor":13},{"not_picked":["Steam","Gash"],"picked":"Redo","floor":14}],"player_experience":1804703,"relics_obtained":[{"floor":8,"key":"Strawberry"},{"floor":9,"key":"Pen Nib"},{"floor":12,"key":"Gambling Chip"},{"floor":14,"key":"War Paint"}],"event_choices":[{"damage_healed":0,"gold_gain":0,"player_choice":"Grow","damage_taken":0,"max_hp_gain":0,"max_hp_loss":0,"event_name":"Living Wall","floor":3,"gold_loss":0,"cards_upgraded":["Zap"]},{"damage_healed":0,"gold_gain":0,"player_choice":"Lose Max HP","damage_taken":0,"relics_obtained":["Golden Idol"],"max_hp_gain":0,"max_hp_loss":6,"event_name":"Golden Idol","floor":4,"gold_loss":0},{"damage_healed":0,"gold_gain":0,"player_choice":"Gave Potion","damage_taken":0,"relics_obtained":["Blood Vial"],"max_hp_gain":0,"max_hp_loss":0,"event_name":"WeMeetAgain","floor":5,"gold_loss":0}],"is_beta":false,"boss_relics":[],"items_purged_floors":[],"is_endless":false,"potions_floor_spawned":[1,2,12],"killed_by":"Hexaghost","ascension_level":10}