{"gold_per_floor":[112,131,149,164,178,178,190,225,225,250,250,250,250,267,267,267],"floor_reached":16,"playtime":581,"items_purged":[],"score":312,"play_id":"d47fd7f2-7f4a-457d-a14a-0bfe245b0fe5","local_time":"20190323231123","is_ascension_mode":true,"campfire_choices":[{"data":"Uppercut","floor":6,"key":"SMITH"},{"data":"True Grit","floor":11,"key":"SMITH"},{"data":"Twin Strike","floor":13,"key":"SMITH"},{"floor":15,"key":"REST"}],"neow_cost":"NONE","seed_source_timestamp":0,"circlet_count":0,"master_deck":["AscendersBane","Strike_R","Strike_R","Strike_R","Strike_R","Strike_R","Defend_R","Defend_R","Defend_R","Defend_R","Bash+1","Pommel Strike","True Grit+1","Shrug It Off","Uppercut+1","Pommel Strike","Twin Strike+1","Inflame"],"special_seed":0,"relics":["Burning Blood","Omamori","Question Card","Meat on the Bone"],"potions_floor_usage":[8,16],"damage_taken":[{"damage":6,"enemies":"Jaw Worm","floor":1,"turns":5},{"damage":4,"enemies":"Small Slimes","floor":2,"turns":4},{"damage":1,"enemies":"2 Louse","floor":3,"turns":3},{"damage":19,"enemies":"Exordium Wildlife","floor":4,"turns":4},{"damage":2,"enemies":"3 Louse","floor":5,"turns":6},{"damage":17,"enemies":"Exordium Thugs","floor":7,"turns":7},{"damage":39,"enemies":"3 Sentries","floor":8,"turns":12},{"damage":30,"enemies":"Gremlin Nob","floor":10,"turns":4},{"damage":11,"enemies":"2 Fungi Beasts","floor":14,"turns":3},{"damage":69,"enemies":"Slime Boss","floor":16,"turns":11}],"seed_played":"6339800838829644255","potions_obtained":[{"floor":4,"key":"Weak Potion"},{"floor":7,"key":"SmokeBomb"},{"floor":8,"key":"FairyPotion"},{"floor":14,"key":"EssenceOfSteel"}],"is_trial":false,"path_per_floor":["M","M","M","M","M","R","M","E","T","E","R","?","R","M","R","B"],"character_chosen":"IRONCLAD","items_purchased":[],"campfire_rested":1,"item_purchase_floors":[],"current_hp_per_floor":[68,70,75,62,66,66,55,22,22,13,13,31,31,38,60,0],"gold":267,"neow_bonus":"UPGRADE_CARD","is_prod":false,"is_daily":false,"chose_seed":false,"campfire_upgraded":3,"win_rate":0,"timestamp":1553379083,"path_taken":["M","M","M","M","M","R","M","E","T","E","R","?","R","M","R","BOSS"],"build_version":"2019-01-23","purchased_purges":0,"victory":false,"max_hp_per_floor":[75,75,75,75,75,75,75,75,75,75,75,75,75,75,75,75],"card_choices":[{"not_picked":["Perfected Strike","Battle Trance"],"picked":"Pommel Strike","floor":1},{"not_picked":["Warcry","Iron Wave"],"picked":"True Grit","floor":2},{"not_picked":["Armaments","Havoc","Evolve"],"picked":"SKIP","floor":3},{"not_picked":["Warcry","Flex"],"picked":"Shrug It Off","floor":4},{"not_picked":["Wild Strike","Cleave"],"picked":"Uppercut","floor":5},{"not_picked":["Flex","Evolve","Blood for Blood"],"picked":"SKIP","floor":7},{"not_picked":["Shrug It Off","Entrench"],"picked":"Pommel Strike","floor":8},{"not_picked":["Warcry","Burning Pact","Clothesline"],"picked":"Twin Strike","floor":10},{"not_picked":["Sever Soul","Perfected Strike","Feel No Pain"],"picked":"Inflame","floor":14}],"player_experience":1094824,"relics_obtained":[{"floor":8,"key":"Omamori"},{"floor":9,"key":"Question Card"},{"floor":10,"key":"Meat on the Bone"}],"event_choices":[{"damage_healed":18,"gold_gain":0,"player_choice":"Healed and dodged fight","damage_taken":0,"max_hp_gain":0,"max_hp_loss":0,"event_name":"Mushrooms","floor":12,"gold_loss":0,"cards_obtained":["Parasite"]}],"is_beta":false,"boss_relics":[],"items_purged_floors":[],"is_endless":false,"potions_floor_spawned":[4,7,8,14],"killed_by":"Slime Boss","ascension_level":18}