{"gold_per_floor":[12,22,122,137,148,148,181,197,250,250,23,23,23,23,23,23],"floor_reached":16,"playtime":571,"items_purged":[],"score":194,"play_id":"b310dddf-59b5-4522-bb60-3f7b3b82b484","local_time":"20190323174650","is_ascension_mode":true,"campfire_choices":[{"data":"Feed","floor":6,"key":"SMITH"},{"data":"True Grit","floor":10,"key":"SMITH"},{"data":"Cleave","floor":12,"key":"SMITH"},{"floor":15,"key":"REST"}],"neow_cost":"NO_GOLD","seed_source_timestamp":282775415950208,"circlet_count":0,"master_deck":["AscendersBane","Strike_R","Strike_R","Strike_R","Strike_R","Strike_R","Defend_R","Defend_R","Defend_R","Defend_R","Bash","Feed+1","Cleave+1","Ghostly Armor","Shrug It Off","Flame Barrier","True Grit+1","Reaper","Limit Break"],"relics":["Burning Blood","Potion Belt","Oddly Smooth Stone"],"potions_floor_usage":[8,14],"damage_taken":[{"damage":7,"enemies":"2 Louse","floor":1,"turns":3},{"damage":2,"enemies":"Cultist","floor":2,"turns":4},{"damage":14,"enemies":"Small Slimes","floor":4,"turns":3},{"damage":14,"enemies":"Blue Slaver","floor":5,"turns":6},{"damage":34,"enemies":"3 Sentries","floor":7,"turns":14},{"damage":0,"enemies":"Gremlin Gang","floor":8,"turns":3},{"damage":0,"enemies":"Exordium Thugs","floor":14,"turns":1},{"damage":93,"enemies":"Slime Boss","floor":16,"turns":15}],"seed_played":"-4615842929471396164","potions_obtained":[{"floor":1,"key":"SmokeBomb"},{"floor":7,"key":"Explosive Potion"}],"is_trial":false,"path_per_floor":["M","M","?","M","M","R","E","M","T","R","$","R","?","M","R","B"],"character_chosen":"IRONCLAD","items_purchased":["Reaper","Limit Break"],"campfire_rested":1,"item_purchase_floors":[11,11],"current_hp_per_floor":[70,77,77,72,67,67,39,49,49,49,49,49,49,55,82,0],"gold":23,"neow_bonus":"THREE_RARE_CARDS","is_prod":false,"is_daily":false,"chose_seed":false,"campfire_upgraded":3,"win_rate":0,"timestamp":1553359610,"path_taken":["M","M","?","?","M","R","E","?","T","R","$","R","?","M","R","BOSS"],"build_version":"2019-01-23","purchased_purges":0,"victory":false,"max_hp_per_floor":[78,81,81,84,87,87,87,91,91,91,91,91,91,91,91,91],"card_choices":[{"not_picked":["Fiend Fire","Juggernaut"],"picked":"Feed","floor":0},{"not_picked":["Second Wind","Warcry"],"picked":"Cleave","floor":1},{"not_picked":["Iron Wave","Intimidate"],"picked":"Ghostly Armor","floor":2},{"not_picked":["Headbutt","Sentinel","Anger"],"picked":"SKIP","floor":4},{"not_picked":["Body Slam","Headbutt"],"picked":"Shrug It Off","floor":5},{"not_picked":["Anger","Perfected Strike"],"picked":"Flame Barrier","floor":7},{"not_picked":["Uppercut","Warcry"],"picked":"True Grit","floor":8}],"player_experience":1093218,"relics_obtained":[{"floor":7,"key":"Potion Belt"},{"floor":9,"key":"Oddly Smooth Stone"}],"event_choices":[{"damage_healed":0,"gold_gain":100,"player_choice":"Gold","damage_taken":0,"max_hp_gain":0,"max_hp_loss":0,"event_name":"Wheel of Change","floor":3,"gold_loss":0},{"damage_healed":0,"gold_gain":0,"player_choice":"Ignored","damage_taken":0,"max_hp_gain":0,"max_hp_loss":0,"event_name":"Liars Game","floor":13,"gold_loss":0}],"is_beta":false,"boss_relics":[],"items_purged_floors":[],"is_endless":false,"potions_floor_spawned":[1,7,14],"killed_by":"Slime Boss","ascension_level":18}