{"gold_per_floor":[117,97,115,128,128,128,160,177,177,177,195,212,212],"floor_reached":13,"playtime":522,"items_purged":[],"score":165,"play_id":"4e2b08c5-9266-41e4-b669-41f05bf2bfc0","local_time":"20190109210823","is_ascension_mode":true,"campfire_choices":[{"data":"PiercingWail","floor":6.0,"key":"SMITH"},{"floor":10.0,"key":"REST"}],"neow_cost":"NONE","seed_source_timestamp":0,"circlet_count":0,"master_deck":["AscendersBane","Defend_G","Defend_G","Defend_G","Defend_G","Defend_G","Strike_G","Strike_G","Strike_G","Strike_G","Strike_G","Survivor","Neutralize","Backflip","Blur","PiercingWail+1","Cloak And Dagger","Deadly Poison","Cloak And Dagger","Leg Sweep"],"special_seed":0,"relics":["Ring of the Snake","Bag of Marbles","Potion Belt","Meat on the Bone","Mummified Hand"],"potions_floor_usage":[13,13,13,13],"damage_taken":[{"damage":1.0,"enemies":"Small Slimes","floor":1.0,"turns":3.0},{"damage":9.0,"enemies":"Cultist","floor":3.0,"turns":4.0},{"damage":2.0,"enemies":"Jaw Worm","floor":4.0,"turns":6.0},{"damage":35.0,"enemies":"3 Sentries","floor":7.0,"turns":15.0},{"damage":3.0,"enemies":"Red Slaver","floor":8.0,"turns":8.0},{"damage":24.0,"enemies":"Exordium Thugs","floor":11.0,"turns":7.0},{"damage":6.0,"enemies":"Lots of Slimes","floor":12.0,"turns":6.0},{"damage":50,"enemies":"Gremlin Nob","floor":13,"turns":4}],"seed_played":"6581341095105716003","potions_obtained":[{"floor":1.0,"key":"Swift Potion"},{"floor":2.0,"key":"Strength Potion"},{"floor":7.0,"key":"Strength Potion"},{"floor":8.0,"key":"SkillPotion"},{"floor":12.0,"key":"SkillPotion"}],"is_trial":false,"path_per_floor":["M","?","M","M","T","R","E","M","T","R","M","M","E"],"character_chosen":"THE_SILENT","items_purchased":[],"campfire_rested":1,"item_purchase_floors":[],"current_hp_per_floor":[58,58,49,47,47,47,12,21,21,40,28,34,0],"gold":212,"neow_bonus":"RANDOM_COMMON_RELIC","is_prod":false,"is_daily":false,"chose_seed":false,"campfire_upgraded":1,"win_rate":0,"timestamp":1547064503,"path_taken":["M","?","?","M","?","R","E","M","T","R","M","M","E"],"build_version":"2019-01-03v4","purchased_purges":0,"victory":false,"max_hp_per_floor":[66,66,66,66,66,66,66,66,66,66,66,66,66],"card_choices":[{"not_picked":["Distraction","Outmaneuver"],"picked":"Backflip","floor":1.0},{"not_picked":["Blade Dance","Underhanded Strike"],"picked":"Blur","floor":3.0},{"not_picked":["Dodge and Roll","Underhanded Strike"],"picked":"PiercingWail","floor":4.0},{"not_picked":["Acrobatics","Phantasmal Killer"],"picked":"Cloak And Dagger","floor":7.0},{"not_picked":["Underhanded Strike","Bane"],"picked":"Deadly Poison","floor":8.0},{"not_picked":["Calculated Gamble","Flying Knee"],"picked":"Cloak And Dagger","floor":11.0},{"not_picked":["Underhanded Strike","Escape Plan"],"picked":"Leg Sweep","floor":12.0}],"player_experience":497163,"relics_obtained":[{"floor":5.0,"key":"Potion Belt"},{"floor":7.0,"key":"Meat on the Bone"},{"floor":9.0,"key":"Mummified Hand"}],"event_choices":[{"damage_healed":0.0,"max_hp_gain":0.0,"max_hp_loss":0.0,"gold_gain":0.0,"event_name":"The Woman in Blue","player_choice":"Bought 1 Potion","floor":2.0,"gold_loss":0.0,"damage_taken":0.0}],"is_beta":false,"boss_relics":[],"items_purged_floors":[],"is_endless":false,"potions_floor_spawned":[1,7,8,12],"killed_by":"Gremlin Nob","ascension_level":18}