{"gold_per_floor":[110,110,121,140,158,158,186,186,186,111,121,121,82,117,117,117],"floor_reached":16,"playtime":358,"items_purged":["Strike_G"],"score":209,"play_id":"894e2685-8515-492e-b790-8ac330041c7b","local_time":"20190110202332","is_ascension_mode":true,"campfire_choices":[{"data":"Dagger Spray","floor":6,"key":"SMITH"},{"data":"Dodge and Roll","floor":8,"key":"SMITH"},{"floor":12,"key":"REST"},{"data":"Noxious Fumes","floor":15,"key":"SMITH"}],"neow_cost":"NONE","seed_source_timestamp":77255658697109,"circlet_count":0,"master_deck":["AscendersBane","Defend_G","Defend_G","Defend_G","Defend_G","Defend_G","Strike_G","Strike_G","Strike_G","Strike_G","Survivor","Neutralize","Predator+1","Dagger Spray+1","Dodge and Roll+1","PiercingWail","Flying Knee","Doppelganger","Sucker Punch","Noxious Fumes+1"],"relics":["Ring of the Snake","Ancient Tea Set","Gremlin Horn","Tough Bandages"],"potions_floor_usage":[7,14,14],"damage_taken":[{"damage":0,"enemies":"2 Louse","floor":1,"turns":2},{"damage":0,"enemies":"Cultist","floor":3,"turns":3},{"damage":12,"enemies":"Small Slimes","floor":4,"turns":2},{"damage":5,"enemies":"Looter","floor":5,"turns":4},{"damage":22,"enemies":"3 Sentries","floor":7,"turns":7},{"damage":0,"enemies":"Gremlin Gang","floor":11,"turns":1},{"damage":14,"enemies":"Gremlin Nob","floor":14,"turns":4},{"damage":43,"enemies":"Hexaghost","floor":16,"turns":11}],"seed_played":"-1186685558714723679","potions_obtained":[{"floor":4,"key":"Regen Potion"},{"floor":5,"key":"Swift Potion"},{"floor":7,"key":"Block Potion"}],"is_trial":false,"path_per_floor":["M","?","M","M","M","R","E","R","T","$","M","R","$","E","R","B"],"character_chosen":"THE_SILENT","items_purchased":["Noxious Fumes"],"campfire_rested":1,"item_purchase_floors":[13],"current_hp_per_floor":[59,59,59,47,42,42,35,35,35,35,35,54,54,40,40,0],"gold":117,"neow_bonus":"THREE_CARDS","is_prod":false,"is_daily":false,"chose_seed":false,"campfire_upgraded":3,"win_rate":0,"timestamp":1547148212,"path_taken":["M","?","M","M","M","R","E","R","T","$","M","R","$","E","R","BOSS"],"build_version":"2019-01-03v4","purchased_purges":1,"victory":false,"max_hp_per_floor":[66,66,66,66,66,66,66,66,66,66,66,66,66,66,66,66],"card_choices":[{"not_picked":["Dagger Throw","Dodge and Roll"],"picked":"Predator","floor":0},{"not_picked":["Distraction","Choke"],"picked":"Dagger Spray","floor":1},{"not_picked":["Distraction","Predator"],"picked":"Dodge and Roll","floor":3},{"not_picked":["Deadly Poison","Flying Knee"],"picked":"PiercingWail","floor":4},{"not_picked":["PiercingWail","Slice"],"picked":"Flying Knee","floor":5},{"not_picked":["All Out Attack","Deflect"],"picked":"Doppelganger","floor":7},{"not_picked":["Tactician","Quick Slash"],"picked":"Sucker Punch","floor":11},{"not_picked":["Finisher","Eviscerate","Acrobatics"],"picked":"SKIP","floor":14}],"player_experience":500088,"relics_obtained":[{"floor":7,"key":"Ancient Tea Set"},{"floor":9,"key":"Gremlin Horn"},{"floor":14,"key":"Tough Bandages"}],"event_choices":[{"damage_healed":0,"gold_gain":0,"player_choice":"Forge","damage_taken":0,"max_hp_gain":0,"max_hp_loss":0,"event_name":"Accursed Blacksmith","floor":2,"gold_loss":0,"cards_upgraded":["Predator"]}],"is_beta":false,"boss_relics":[],"items_purged_floors":[10],"is_endless":false,"potions_floor_spawned":[4,5,7,11],"killed_by":"Hexaghost","ascension_level":18}