{"gold_per_floor":[118,36,36,36,36,72,72,115,115,115,149,149,164,184,184,278,278,301,301,64,85,85],"floor_reached":22,"playtime":596,"items_purged":["Strike_B"],"score":425,"play_id":"c6f54e9a-6613-4639-89d7-0964fa303568","local_time":"20190303184457","is_ascension_mode":true,"campfire_choices":[{"data":"Creative AI","floor":7,"key":"SMITH"},{"data":"Zap","floor":12,"key":"SMITH"},{"data":"Strike_B","floor":15,"key":"PURGE"}],"neow_cost":"NONE","seed_source_timestamp":145890867126204,"circlet_count":0,"master_deck":["AscendersBane","Strike_B","Strike_B","Defend_B","Defend_B","Defend_B","Defend_B","Zap+1","Dualcast","Cold Snap","Static Discharge+1","Creative AI+1","Reinforced Body","Consume","Seek","Doom and Gloom","Necronomicurse","Apotheosis"],"relics":["Cracked Core","NeowsBlessing","Peace Pipe","Golden Idol","Potion Belt","Blood Vial","Calipers","Anchor","Inserter","Necronomicon"],"potions_floor_usage":[11,16,16,21,21],"damage_taken":[{"damage":0,"enemies":"Jaw Worm","floor":1,"turns":1},{"damage":0,"enemies":"Gremlin Nob","floor":6,"turns":1},{"damage":0,"enemies":"3 Sentries","floor":8,"turns":1},{"damage":26,"enemies":"Gremlin Nob","floor":11,"turns":4},{"damage":0,"enemies":"2 Louse","floor":13,"turns":3},{"damage":5,"enemies":"Small Slimes","floor":14,"turns":4},{"damage":32,"enemies":"The Guardian","floor":16,"turns":6},{"damage":23,"enemies":"Shell Parasite","floor":18,"turns":5},{"damage":2,"enemies":"Chosen","floor":21,"turns":4},{"damage":38,"enemies":"Shelled Parasite and Fungi","floor":22,"turns":3}],"seed_played":"-2703768442834383053","potions_obtained":[{"floor":6,"key":"Energy Potion"},{"floor":13,"key":"Poison Potion"},{"floor":14,"key":"Fire Potion"},{"floor":16,"key":"Fire Potion"},{"floor":18,"key":"Fire Potion"}],"is_trial":false,"path_per_floor":["M","$","?","?","?","E","R","E","T","?","E","R","M","M","R","B",null,"M","?","$","M","M"],"character_chosen":"DEFECT","items_purchased":["Static Discharge","Apotheosis"],"campfire_rested":0,"item_purchase_floors":[2,20],"current_hp_per_floor":[64,64,64,61,61,61,61,61,61,66,42,42,44,41,41,11,56,35,19,19,19,0],"gold":85,"neow_bonus":"THREE_ENEMY_KILL","is_prod":false,"is_daily":false,"chose_seed":false,"campfire_upgraded":2,"win_rate":0,"timestamp":1551635097,"path_taken":["M","$","?","?","?","E","R","E","T","?","E","R","M","M","R","BOSS","M","?","$","M","M"],"build_version":"2019-01-23","purchased_purges":1,"victory":false,"max_hp_per_floor":[71,71,71,71,66,66,66,66,66,71,71,71,71,71,71,71,71,71,71,71,71,71],"card_choices":[{"not_picked":["Rebound","Go for the Eyes"],"picked":"Cold Snap","floor":1},{"not_picked":["Blizzard","Heatsinks"],"picked":"Creative AI","floor":6},{"not_picked":["Hello World","Rebound","Steam"],"picked":"SKIP","floor":8},{"not_picked":["Compile Driver","Double Energy"],"picked":"Reinforced Body","floor":11},{"not_picked":["Sweeping Beam","Redo","Stack"],"picked":"SKIP","floor":13},{"not_picked":["Buffer","Gash"],"picked":"Consume","floor":14},{"not_picked":["Thunder Strike","All For One"],"picked":"Seek","floor":16},{"not_picked":["Redo","Tempest"],"picked":"Doom and Gloom","floor":18},{"not_picked":["Barrage","Reprogram","Sweeping Beam"],"picked":"SKIP","floor":21}],"player_experience":800347,"relics_obtained":[{"floor":6,"key":"Potion Belt"},{"floor":8,"key":"Blood Vial"},{"floor":9,"key":"Calipers"},{"floor":11,"key":"Anchor"},{"floor":19,"key":"Necronomicon"}],"event_choices":[{"damage_healed":0,"gold_gain":0,"player_choice":"Grow","damage_taken":0,"max_hp_gain":0,"max_hp_loss":0,"event_name":"Living Wall","floor":3,"gold_loss":0,"cards_upgraded":["Static Discharge"]},{"damage_healed":0,"gold_gain":0,"player_choice":"Success","damage_taken":3,"relics_obtained":["Peace Pipe"],"max_hp_gain":0,"max_hp_loss":0,"event_name":"Scrap Ooze","floor":4,"gold_loss":0},{"damage_healed":0,"gold_gain":0,"player_choice":"Lose Max HP","damage_taken":0,"relics_obtained":["Golden Idol"],"max_hp_gain":0,"max_hp_loss":5,"event_name":"Golden Idol","floor":5,"gold_loss":0},{"damage_healed":0,"gold_gain":0,"player_choice":"Donut","damage_taken":0,"max_hp_gain":5,"max_hp_loss":0,"event_name":"Big Fish","floor":10,"gold_loss":0},{"damage_healed":0,"gold_gain":0,"player_choice":"Obtained Book","damage_taken":16,"max_hp_gain":0,"max_hp_loss":0,"event_name":"Cursed Tome","floor":19,"gold_loss":0}],"is_beta":false,"boss_relics":[{"not_picked":["Eternal Feather","Orrery"],"picked":"Inserter"}],"items_purged_floors":[20],"is_endless":false,"potions_floor_spawned":[6,13,14,16,18],"killed_by":"Shelled Parasite and Fungi","ascension_level":14}