{"gold_per_floor":[112,287,362,377,18,18,46,60,60,60,70,70,95,21,21,120,120,131,131],"floor_reached":19,"playtime":2119,"items_purged":["Doubt"],"score":271,"play_id":"276af9e9-d7e7-469f-b35e-dcf58df25e31","local_time":"20190312213701","is_ascension_mode":true,"campfire_choices":[{"data":"Bash","floor":6,"key":"SMITH"},{"data":"Disarm","floor":10,"key":"SMITH"},{"floor":12,"key":"REST"},{"floor":15,"key":"REST"}],"neow_cost":"NONE","seed_source_timestamp":959291844526688,"circlet_count":0,"master_deck":["AscendersBane","Strike_R","Strike_R","Strike_R","Strike_R","Strike_R","Defend_R","Defend_R","Defend_R","Defend_R","Bash+1","Disarm+1","Heavy Blade","Clothesline","Anger","Fiend Fire","True Grit+1","Evolve","Feed","Second Wind+1"],"relics":["Burning Blood","Question Card","Bird Faced Urn","Toxic Egg 2","Torii","Runic Pyramid"],"potions_floor_usage":[7,13,16],"damage_taken":[{"damage":9,"enemies":"Jaw Worm","floor":1,"turns":5},{"damage":4,"enemies":"2 Louse","floor":4,"turns":5},{"damage":37,"enemies":"3 Sentries","floor":7,"turns":10},{"damage":3,"enemies":"Small Slimes","floor":8,"turns":4},{"damage":15,"enemies":"2 Fungi Beasts","floor":11,"turns":3},{"damage":24,"enemies":"Gremlin Nob","floor":13,"turns":4},{"damage":32,"enemies":"Slime Boss","floor":16,"turns":14},{"damage":28,"enemies":"Chosen","floor":18,"turns":5},{"damage":75,"enemies":"Masked Bandits","floor":19,"turns":5}],"seed_played":"6166291742829074840","potions_obtained":[{"floor":1,"key":"Fire Potion"},{"floor":7,"key":"Weak Potion"},{"floor":8,"key":"SkillPotion"},{"floor":13,"key":"Weak Potion"}],"is_trial":false,"path_per_floor":["M","?","?","M","$","R","E","M","T","R","M","R","E","$","R","B",null,"M","?"],"character_chosen":"IRONCLAD","items_purchased":["Question Card","Clothesline","Evolve"],"campfire_rested":2,"item_purchase_floors":[5,5,14],"current_hp_per_floor":[77,77,66,68,68,68,37,40,40,40,31,57,39,39,65,41,76,56,0],"gold":131,"neow_bonus":"TEN_PERCENT_HP_BONUS","is_prod":false,"is_daily":false,"chose_seed":false,"campfire_upgraded":2,"win_rate":0,"timestamp":1552441021,"path_taken":["M","?","?","M","$","R","E","M","T","R","M","R","E","$","R","BOSS","M","?"],"build_version":"2019-01-23","purchased_purges":1,"victory":false,"max_hp_per_floor":[88,88,88,88,88,88,88,88,88,88,88,88,88,88,88,88,88,88,91],"card_choices":[{"not_picked":["Fire Breathing","Second Wind"],"picked":"Disarm","floor":1},{"not_picked":["Dual Wield","Wild Strike"],"picked":"Heavy Blade","floor":4},{"not_picked":["Shrug It Off","Wild Strike","Shockwave"],"picked":"Anger","floor":7},{"not_picked":["Sentinel","Clash","Warcry","Flex"],"picked":"SKIP","floor":8},{"not_picked":["Sentinel+1","Pommel Strike","Anger"],"picked":"Fiend Fire","floor":11},{"not_picked":["Evolve","Anger","Shrug It Off+1"],"picked":"True Grit+1","floor":13},{"not_picked":["Fiend Fire","Bludgeon","Impervious+1"],"picked":"Feed","floor":16},{"not_picked":["Clothesline","Pommel Strike+1","Sword Boomerang"],"picked":"Second Wind+1","floor":18}],"player_experience":1837535,"relics_obtained":[{"floor":7,"key":"Bird Faced Urn"},{"floor":9,"key":"Toxic Egg 2"},{"floor":13,"key":"Torii"}],"event_choices":[{"damage_healed":0,"gold_gain":175,"player_choice":"AGREE","damage_taken":0,"max_hp_gain":0,"max_hp_loss":0,"event_name":"Liars Game","floor":2,"gold_loss":0,"cards_obtained":["Doubt"]},{"damage_healed":0,"gold_gain":75,"player_choice":"Gather Gold","damage_taken":11,"max_hp_gain":0,"max_hp_loss":0,"event_name":"World of Goop","floor":3,"gold_loss":0},{"damage_healed":0,"gold_gain":0,"player_choice":"Fought Bandits","damage_taken":0,"max_hp_gain":0,"max_hp_loss":0,"event_name":"Masked Bandits","floor":19,"gold_loss":0}],"is_beta":false,"boss_relics":[{"not_picked":["Eternal Feather","White Beast Statue"],"picked":"Runic Pyramid"}],"items_purged_floors":[5],"is_endless":false,"potions_floor_spawned":[1,7,8,13],"killed_by":"Masked Bandits","ascension_level":11}