{"gold_per_floor":[18,32,47,47,62,90,90,165,190,190,219,219,236,247,247,324,324,337,205,178,49,49,49,66,80,80,80,109,109,135,148,148,148],"floor_reached":33,"playtime":1355,"items_purged":["Strike_R"],"score":540,"play_id":"c367c75a-7798-4879-ad57-88de751e17e3","local_time":"20190324132407","is_ascension_mode":true,"campfire_choices":[{"data":"Body Slam","floor":7.0,"key":"SMITH"},{"floor":10.0,"key":"REST"},{"data":"Body Slam","floor":12.0,"key":"SMITH"},{"floor":15.0,"key":"REST"},{"data":"Corruption","floor":23,"key":"SMITH"},{"data":"Feel No Pain","floor":27,"key":"SMITH"},{"floor":29,"key":"REST"},{"data":"Feel No Pain","floor":32,"key":"SMITH"}],"neow_cost":"NO_GOLD","seed_source_timestamp":352610548379821,"circlet_count":0,"master_deck":["AscendersBane","Strike_R","Strike_R","Strike_R","Defend_R","Defend_R","Defend_R","Bash","Feel No Pain+1","Impervious","Flame Barrier","Inflame","Body Slam+1","Body Slam+1","Fiend Fire","Metallicize","Immolate","Metallicize","Entrench","Corruption+1","Flame Barrier","True Grit","True Grit","Dropkick","Offering","Inflame","Shockwave+1","Feel No Pain+1"],"special_seed":0,"relics":["Burning Blood","Bag of Preparation","Juzu Bracelet","Bag of Marbles","Sozu","Magic Flower","Red Mask","Unceasing Top"],"potions_floor_usage":[],"damage_taken":[{"damage":7.0,"enemies":"Cultist","floor":1.0,"turns":5.0},{"damage":7.0,"enemies":"2 Louse","floor":2.0,"turns":4.0},{"damage":12.0,"enemies":"Jaw Worm","floor":3.0,"turns":5.0},{"damage":22.0,"enemies":"Red Slaver","floor":5.0,"turns":6.0},{"damage":21.0,"enemies":"Gremlin Nob","floor":6.0,"turns":4.0},{"damage":14.0,"enemies":"3 Sentries","floor":11.0,"turns":14.0},{"damage":4.0,"enemies":"Large Slime","floor":13.0,"turns":4.0},{"damage":14.0,"enemies":"Lots of Slimes","floor":14.0,"turns":6.0},{"damage":32.0,"enemies":"The Guardian","floor":16.0,"turns":12.0},{"damage":1.0,"enemies":"3 Byrds","floor":18.0,"turns":2.0},{"damage":22.0,"enemies":"2 Thieves","floor":20.0,"turns":4.0},{"damage":7,"enemies":"Centurion and Healer","floor":24,"turns":9},{"damage":22,"enemies":"Chosen and Byrds","floor":25,"turns":7},{"damage":21,"enemies":"Masked Bandits","floor":28,"turns":4},{"damage":8,"enemies":"Gremlin Leader","floor":30,"turns":9},{"damage":6,"enemies":"3 Cultists","floor":31,"turns":4},{"damage":86,"enemies":"Automaton","floor":33,"turns":6}],"seed_played":"-7734659650143394430","potions_obtained":[{"floor":1.0,"key":"SkillPotion"},{"floor":3.0,"key":"Weak Potion"},{"floor":11.0,"key":"SkillPotion"},{"floor":16.0,"key":"AttackPotion"}],"is_trial":false,"path_per_floor":["M","M","M","$","M","E","R","?","T","R","E","R","M","M","R","B",null,"M","$","M","$","?","R","M","M","T","R","?","R","E","M","R","B"],"character_chosen":"IRONCLAD","items_purchased":["Entrench","Corruption","True Grit"],"campfire_rested":3,"item_purchase_floors":[19,19,21],"current_hp_per_floor":[67,66,60,60,44,29,29,18,18,40,32,32,34,26,48,22,62,67,67,51,51,51,51,50,34,34,34,22,44,45,48,48,0],"gold":148,"neow_bonus":"TRANSFORM_TWO_CARDS","is_prod":false,"is_daily":false,"chose_seed":false,"campfire_upgraded":5,"win_rate":0,"timestamp":1553430247,"path_taken":["M","?","M","$","M","E","R","?","T","R","E","R","M","M","R","BOSS","M","$","M","$","?","R","M","M","T","R","?","R","E","M","R","BOSS"],"build_version":"2019-01-23","purchased_purges":1,"victory":false,"max_hp_per_floor":[75,75,75,75,75,75,75,75,75,75,75,75,75,75,75,75,75,75,75,75,75,75,75,75,75,75,75,75,75,75,75,75,75],"card_choices":[{"not_picked":["Havoc","Evolve"],"picked":"Flame Barrier","floor":1.0},{"not_picked":["Power Through","Sword Boomerang"],"picked":"Inflame","floor":2.0},{"not_picked":["Wild Strike","Intimidate"],"picked":"Body Slam","floor":3.0},{"not_picked":["Twin Strike","Clash"],"picked":"Body Slam","floor":5.0},{"not_picked":["Rage","Flex"],"picked":"Fiend Fire","floor":6.0},{"not_picked":["Shockwave","Sever Soul"],"picked":"Metallicize","floor":11.0},{"not_picked":["Pommel Strike","Sword Boomerang","Anger"],"picked":"SKIP","floor":13.0},{"not_picked":["Anger","Uppercut","Havoc"],"picked":"SKIP","floor":14.0},{"not_picked":["Bludgeon","Demon Form"],"picked":"Immolate","floor":16.0},{"not_picked":["Combust","Clothesline+1"],"picked":"Metallicize","floor":18.0},{"not_picked":["Heavy Blade","Hemokinesis"],"picked":"Flame Barrier","floor":20.0},{"not_picked":["Second Wind","True Grit"],"picked":"Inflame","floor":24},{"not_picked":["Wild Strike+1","Shrug It Off"],"picked":"Shockwave+1","floor":25},{"not_picked":["Searing Blow","Anger"],"picked":"Feel No Pain","floor":28},{"not_picked":["Burning Pact","Perfected Strike","Flex"],"picked":"SKIP","floor":30},{"not_picked":["Limit Break","Clothesline","Pummel"],"picked":"SKIP","floor":31}],"player_experience":1102250,"relics_obtained":[{"floor":6.0,"key":"Bag of Preparation"},{"floor":9.0,"key":"Juzu Bracelet"},{"floor":11.0,"key":"Bag of Marbles"},{"floor":26,"key":"Magic Flower"},{"floor":28,"key":"Red Mask"},{"floor":30,"key":"Unceasing Top"}],"event_choices":[{"damage_healed":0.0,"max_hp_gain":0.0,"max_hp_loss":0.0,"gold_gain":75.0,"event_name":"World of Goop","player_choice":"Gather Gold","floor":8.0,"gold_loss":0.0,"damage_taken":11.0},{"damage_healed":0,"gold_gain":0,"player_choice":"3 cards matched","damage_taken":0,"max_hp_gain":0,"max_hp_loss":0,"event_name":"Match and Keep!","floor":22,"gold_loss":0,"cards_obtained":["True Grit","Dropkick","Offering"]},{"damage_healed":0,"gold_gain":0,"player_choice":"Fought Bandits","damage_taken":0,"max_hp_gain":0,"max_hp_loss":0,"event_name":"Masked Bandits","floor":28,"gold_loss":0}],"is_beta":false,"boss_relics":[{"not_picked":["Eternal Feather","Runic Cube"],"picked":"Sozu"}],"items_purged_floors":[21],"is_endless":false,"potions_floor_spawned":[1,3,11,16,18,25,31],"killed_by":"Automaton","ascension_level":19}