{"gold_per_floor":[124,150,176,203,215,227,255,286,321,333,345,372,394,406,418,528,540,572,584,606,645,676,688,711,723,803,849,861],"floor_reached":28,"playtime":2078,"items_purged":[],"score":257,"play_id":"6c49e0b9-dc91-4f5d-8ce2-894d9fcf3c94","local_time":"20190220000550","is_ascension_mode":true,"campfire_choices":[{"floor":6,"key":"REST"},{"data":"Neutralize","floor":10,"key":"SMITH"},{"floor":15,"key":"REST"},{"data":"Footwork","floor":23,"key":"SMITH"},{"data":"Backflip","floor":25,"key":"SMITH"}],"neow_cost":"NONE","seed_source_timestamp":42006800438800,"circlet_count":0,"master_deck":["Defend_G","Defend_G","Defend_G","Defend_G","Defend_G","Strike_G","Strike_G","Strike_G","Strike_G+1","Strike_G","Survivor","Neutralize+1","Skewer+1","Sucker Punch","Blur","Escape Plan","Cloak And Dagger","Backstab","Unload","Footwork+1","Backflip+1","Backflip"],"relics":["Ring of the Snake","MawBank","PreservedInsect","Orichalcum","Orrery","Lantern","Question Card","Potion Belt"],"potions_floor_usage":[12,12,18],"damage_taken":[{"damage":1,"enemies":"Small Slimes","floor":1,"turns":4},{"damage":16,"enemies":"Jaw Worm","floor":2,"turns":9},{"damage":5,"enemies":"2 Louse","floor":3,"turns":4},{"damage":27,"enemies":"Gremlin Gang","floor":4,"turns":7},{"damage":2,"enemies":"Red Slaver","floor":7,"turns":3},{"damage":6,"enemies":"3 Louse","floor":8,"turns":4},{"damage":3,"enemies":"Gremlin Gang","floor":12,"turns":3},{"damage":0,"enemies":"Looter","floor":13,"turns":4},{"damage":30,"enemies":"Slime Boss","floor":16,"turns":13},{"damage":2,"enemies":"2 Thieves","floor":18,"turns":4},{"damage":3,"enemies":"Shell Parasite","floor":20,"turns":10},{"damage":15,"enemies":"Shelled Parasite and Fungi","floor":22,"turns":18},{"damage":14,"enemies":"Cultist and Chosen","floor":24,"turns":6},{"damage":30,"enemies":"Slavers","floor":27,"turns":12},{"damage":8,"enemies":"Snake Plant","floor":28,"turns":2}],"seed_played":"-5451751484092883335","potions_obtained":[{"floor":3,"key":"FearPotion"},{"floor":4,"key":"AttackPotion"},{"floor":8,"key":"AttackPotion"},{"floor":20,"key":"SteroidPotion"},{"floor":27,"key":"Explosive Potion"}],"is_trial":false,"path_per_floor":["?","?","?","T"],"character_chosen":"THE_SILENT","items_purchased":[],"campfire_rested":2,"item_purchase_floors":[],"current_hp_per_floor":[69,53,48,21,7,28,26,20,20,20,20,17,17,10,31,1,70,68,68,65,65,50,50,36,36,36,6,0],"gold":861,"neow_bonus":"RANDOM_COMMON_RELIC","is_prod":false,"is_daily":false,"chose_seed":false,"campfire_upgraded":3,"win_rate":0,"timestamp":1550639150,"path_taken":["M","M","M","M","?","R","M","M","T","R","$","M","M","?","R","BOSS","M","?","M","?","M","R","M","R","T","E","M"],"build_version":"2019-01-23","purchased_purges":0,"victory":false,"max_hp_per_floor":[70,70,70,70,70,70,70,70,70,70,70,70,70,70,70,70,70,70,70,70,70,70,70,70,70,70,70,70],"card_choices":[{"not_picked":["PiercingWail","Choke","Prepared"],"picked":"SKIP","floor":1},{"not_picked":["Quick Slash","Escape Plan"],"picked":"Skewer","floor":2},{"not_picked":["Deadly Poison","All Out Attack","Masterful Stab"],"picked":"SKIP","floor":3},{"not_picked":["Dagger Throw","Bane"],"picked":"Sucker Punch","floor":4},{"not_picked":["Deflect","Acrobatics"],"picked":"Blur","floor":7},{"not_picked":["Prepared","Outmaneuver"],"picked":"Escape Plan","floor":8},{"not_picked":["Dagger Throw","Sucker Punch"],"picked":"Cloak And Dagger","floor":12},{"not_picked":["Bane","Backflip"],"picked":"Backstab","floor":13},{"not_picked":["Envenom","Die Die Die"],"picked":"Unload","floor":16},{"not_picked":["PiercingWail","Skewer"],"picked":"Footwork","floor":17},{"not_picked":["Quick Slash+1","Slice","Infinite Blades"],"picked":"SKIP","floor":18},{"not_picked":["Bane","Expertise"],"picked":"Backflip","floor":20},{"not_picked":["Choke","Infinite Blades","Dodge and Roll"],"picked":"SKIP","floor":22},{"not_picked":["Underhanded Strike","Glass Knife"],"picked":"Backflip","floor":24},{"not_picked":["Finisher","Eviscerate+1","Dagger Spray","Skewer"],"picked":"SKIP","floor":27}],"player_experience":110648,"relics_obtained":[{"floor":9,"key":"PreservedInsect"},{"floor":21,"key":"Lantern"},{"floor":26,"key":"Question Card"},{"floor":27,"key":"Potion Belt"}],"event_choices":[{"damage_healed":0,"gold_gain":0,"player_choice":"Entered Light","damage_taken":14,"max_hp_gain":0,"max_hp_loss":0,"event_name":"Shining Light","floor":5,"gold_loss":0,"cards_upgraded":["Skewer","Strike_G"]},{"damage_healed":0,"gold_gain":0,"player_choice":"Success","damage_taken":7,"relics_obtained":["Orichalcum"],"max_hp_gain":0,"max_hp_loss":0,"event_name":"Scrap Ooze","floor":14,"gold_loss":0},{"damage_healed":0,"gold_gain":0,"player_choice":"Ignored","damage_taken":0,"max_hp_gain":0,"max_hp_loss":0,"event_name":"The Mausoleum","floor":19,"gold_loss":0}],"is_beta":false,"boss_relics":[{"not_picked":["Lizard Tail","Runic Pyramid"],"picked":"Orrery"}],"items_purged_floors":[],"is_endless":false,"potions_floor_spawned":[3,4,8,20,27],"killed_by":"Snake Plant","ascension_level":2}