{"gold_per_floor":[112,128,141,158,158,158,54,87,112,13,13,25,25,52,52,123,123,123,43,43,43,43,43,43,43],"floor_reached":25,"playtime":1658,"items_purged":["Strike_B"],"score":415,"play_id":"3ba64d8a-5b2d-403c-90c6-763e59e36e38","local_time":"20190322153250","is_ascension_mode":true,"campfire_choices":[{"floor":6,"key":"RECALL"},{"floor":11,"key":"REST"},{"floor":15,"key":"REST"},{"floor":23,"key":"REST"}],"neow_cost":"NONE","seed_source_timestamp":1272902699867,"circlet_count":0,"master_deck":["AscendersBane","Strike_B","Strike_B","Strike_B","Defend_B+1","Defend_B+1","Defend_B","Defend_B","Zap","Dualcast","Sweeping Beam","Rebound","Ball Lightning","Fission+1","Steam","Coolheaded","Flash of Steel","Cold Snap","Coolheaded","Electrodynamics","Conserve Battery","Shame","Gash","Capacitor"],"relics":["Cracked Core","War Paint","Strawberry","Oddly Smooth Stone","Vajra","Ectoplasm","Sundial"],"potions_floor_usage":[8,16,22,25,25],"damage_taken":[{"damage":9,"enemies":"Jaw Worm","floor":1,"turns":4},{"damage":1,"enemies":"Small Slimes","floor":2,"turns":3},{"damage":0,"enemies":"Cultist","floor":3,"turns":3},{"damage":10,"enemies":"Large Slime","floor":4,"turns":4},{"damage":14,"enemies":"Lagavulin","floor":8,"turns":4},{"damage":0,"enemies":"Exordium Thugs","floor":12,"turns":4},{"damage":33,"enemies":"Gremlin Nob","floor":14,"turns":4},{"damage":35,"enemies":"The Guardian","floor":16,"turns":13},{"damage":6,"enemies":"3 Byrds","floor":18,"turns":2},{"damage":3,"enemies":"2 Thieves","floor":19,"turns":4},{"damage":21,"enemies":"Snake Plant","floor":22,"turns":4},{"damage":13,"enemies":"Centurion and Healer","floor":24,"turns":9},{"damage":42,"enemies":"Book of Stabbing","floor":25,"turns":5}],"seed_played":"-4860430190085936038","potions_obtained":[{"floor":3,"key":"Strength Potion"},{"floor":12,"key":"LiquidBronze"},{"floor":16,"key":"GamblersBrew"},{"floor":22,"key":"Dexterity Potion"},{"floor":24,"key":"SkillPotion"}],"is_trial":false,"path_per_floor":["M","M","M","M","?","R","$","E","T","$","R","M","?","E","R","B",null,"M","M","?","$","M","R","M","E"],"character_chosen":"DEFECT","items_purchased":["Steam","Flash of Steel"],"campfire_rested":3,"item_purchase_floors":[7,10],"current_hp_per_floor":[55,54,54,44,44,44,44,37,37,37,60,60,60,27,50,15,62,56,53,53,53,32,55,42,0],"gold":43,"neow_bonus":"RANDOM_COMMON_RELIC","is_prod":false,"is_daily":false,"chose_seed":false,"campfire_upgraded":0,"win_rate":0,"timestamp":1553261570,"path_taken":["M","M","M","M","?","R","$","E","T","$","R","M","?","E","R","BOSS","M","M","?","$","M","R","M","E"],"build_version":"2019-01-23","purchased_purges":1,"victory":false,"max_hp_per_floor":[71,71,71,71,71,71,71,78,78,78,78,78,78,78,78,78,78,78,78,78,78,78,78,78,78],"card_choices":[{"not_picked":["Rebound","Force Field"],"picked":"Sweeping Beam","floor":1},{"not_picked":["Turbo","Compile Driver"],"picked":"Rebound","floor":2},{"not_picked":["Stack","Genetic Algorithm"],"picked":"Ball Lightning","floor":3},{"not_picked":["Rebound","Stack"],"picked":"Fission","floor":4},{"not_picked":["Go for the Eyes","Steam"],"picked":"Coolheaded","floor":8},{"not_picked":["FTL","Chill"],"picked":"Cold Snap","floor":12},{"not_picked":["Streamline","Beam Cell"],"picked":"Coolheaded","floor":14},{"not_picked":["Core Surge","Seek"],"picked":"Electrodynamics","floor":16},{"not_picked":["Ball Lightning","Rebound","Force Field"],"picked":"SKIP","floor":18},{"not_picked":["Beam Cell","Loop"],"picked":"Conserve Battery","floor":19},{"not_picked":["Stack","Fusion"],"picked":"Gash","floor":22},{"not_picked":["Hologram","Sunder"],"picked":"Capacitor","floor":24}],"player_experience":810036,"relics_obtained":[{"floor":8,"key":"Strawberry"},{"floor":9,"key":"Oddly Smooth Stone"},{"floor":14,"key":"Vajra"}],"event_choices":[{"damage_healed":0,"gold_gain":0,"player_choice":"Grow","damage_taken":0,"max_hp_gain":0,"max_hp_loss":0,"event_name":"Living Wall","floor":5,"gold_loss":0,"cards_upgraded":["Fission"]},{"damage_healed":0,"gold_gain":0,"player_choice":"Searched \u00270\u0027 times","damage_taken":0,"max_hp_gain":0,"max_hp_loss":0,"event_name":"Dead Adventurer","floor":13,"gold_loss":0},{"damage_healed":0,"gold_gain":0,"player_choice":"Stole Relic","damage_taken":0,"relics_obtained":["Sundial"],"max_hp_gain":0,"max_hp_loss":0,"event_name":"Addict","floor":20,"gold_loss":0,"cards_obtained":["Shame"]}],"is_beta":false,"boss_relics":[{"not_picked":["Busted Crown","Pandora\u0027s Box"],"picked":"Ectoplasm"}],"items_purged_floors":[7],"is_endless":false,"potions_floor_spawned":[3,12,16,22,24],"killed_by":"Book of Stabbing","ascension_level":19}