{"gold_per_floor":[110,110,21,21,21,55,69,69,116,133,162,178,178,192,192,269,269,284,304,304,7,57,57,57],"floor_reached":24,"playtime":849,"items_purged":["Pain"],"score":435,"play_id":"31dd036d-69b4-4f02-83c5-34f5c214d31e","local_time":"20190308233500","is_ascension_mode":true,"campfire_choices":[{"data":"Armaments","floor":8.0,"key":"SMITH"},{"data":"Spot Weakness","floor":13.0,"key":"SMITH"},{"floor":15.0,"key":"REST"},{"data":"Apotheosis","floor":23,"key":"SMITH"}],"neow_cost":"NONE","seed_source_timestamp":194264508324495,"circlet_count":0,"master_deck":["AscendersBane","Strike_R","Strike_R+1","Strike_R+1","Strike_R+1","Strike_R","Defend_R+1","Defend_R+1","Defend_R","Defend_R","Bash","Armaments+1","Spot Weakness+1","Entrench","Corruption","Shockwave","Reaper","Iron Wave","Disarm","Barricade","Seeing Red","Shrug It Off+1","Apotheosis+1","Body Slam+1"],"special_seed":0,"relics":["Burning Blood","NeowsBlessing","Calipers","Smiling Mask","War Paint","Philosopher\u0027s Stone","WarpedTongs","Whetstone"],"potions_floor_usage":[16,19,24],"damage_taken":[{"damage":0.0,"enemies":"2 Louse","floor":1.0,"turns":2.0},{"damage":0.0,"enemies":"3 Sentries","floor":6.0,"turns":2.0},{"damage":0.0,"enemies":"Small Slimes","floor":7.0,"turns":1.0},{"damage":9.0,"enemies":"Jaw Worm","floor":10.0,"turns":4.0},{"damage":50.0,"enemies":"Gremlin Nob","floor":11.0,"turns":5.0},{"damage":18.0,"enemies":"3 Louse","floor":12.0,"turns":6.0},{"damage":26.0,"enemies":"Exordium Thugs","floor":14.0,"turns":7.0},{"damage":53,"enemies":"The Guardian","floor":16,"turns":18},{"damage":44,"enemies":"Spheric Guardian","floor":18,"turns":8},{"damage":18,"enemies":"Shell Parasite","floor":19,"turns":8},{"damage":67,"enemies":"Gremlin Leader","floor":24,"turns":5}],"seed_played":"-239173640941766882","potions_obtained":[{"floor":6.0,"key":"SteroidPotion"},{"floor":11.0,"key":"Regen Potion"},{"floor":14.0,"key":"Strength Potion"},{"floor":16,"key":"LiquidBronze"},{"floor":18,"key":"Regen Potion"}],"is_trial":false,"path_per_floor":["M","?","$","?","?","E","M","R","T","M","E","M","R","M","R","B",null,"M","M","?","$","T","R","E"],"character_chosen":"IRONCLAD","items_purchased":["Spot Weakness","Apotheosis","Body Slam"],"campfire_rested":1,"item_purchase_floors":[3,21,21],"current_hp_per_floor":[74,51,51,75,75,75,75,75,75,72,28,37,37,30,52,12,59,32,52,52,52,52,52,0],"gold":57,"neow_bonus":"THREE_ENEMY_KILL","is_prod":false,"is_daily":false,"chose_seed":false,"campfire_upgraded":3,"win_rate":0,"timestamp":1552084500,"path_taken":["M","?","$","?","?","E","M","R","T","M","E","M","R","?","R","BOSS","M","M","?","$","?","R","E"],"build_version":"2019-01-23","purchased_purges":1,"victory":false,"max_hp_per_floor":[75,75,75,75,75,75,75,75,75,75,75,75,75,75,75,75,75,75,75,75,75,75,75,75],"card_choices":[{"not_picked":["Anger","Seeing Red"],"picked":"Armaments","floor":1.0},{"not_picked":["Heavy Blade","Offering"],"picked":"Entrench","floor":6.0},{"not_picked":["Twin Strike","Clash"],"picked":"Corruption","floor":7.0},{"not_picked":["Evolve","Wild Strike"],"picked":"Shockwave","floor":10.0},{"not_picked":["Rupture","Heavy Blade"],"picked":"Reaper","floor":11.0},{"not_picked":["Sever Soul","Warcry"],"picked":"Iron Wave","floor":12.0},{"not_picked":["Clash","Anger"],"picked":"Disarm","floor":14.0},{"not_picked":["Reaper","Berserk"],"picked":"Barricade","floor":16},{"not_picked":["Corruption","Bloodletting"],"picked":"Seeing Red","floor":18},{"not_picked":["Warcry","Rage"],"picked":"Shrug It Off+1","floor":19}],"player_experience":950099,"relics_obtained":[{"floor":6.0,"key":"Calipers"},{"floor":9.0,"key":"Smiling Mask"},{"floor":11.0,"key":"War Paint"},{"floor":22,"key":"Whetstone"}],"event_choices":[{"damage_healed":0.0,"max_hp_gain":0.0,"max_hp_loss":0.0,"gold_gain":0.0,"event_name":"Shining Light","player_choice":"Entered Light","floor":2.0,"gold_loss":0.0,"damage_taken":23.0,"cards_upgraded":["Strike_R","Strike_R"]},{"damage_healed":25.0,"max_hp_gain":0.0,"max_hp_loss":0.0,"gold_gain":0.0,"event_name":"Big Fish","player_choice":"Banana","floor":4.0,"gold_loss":0.0,"damage_taken":0.0},{"damage_healed":0.0,"max_hp_gain":0.0,"max_hp_loss":0.0,"gold_gain":0.0,"event_name":"Liars Game","player_choice":"Ignored","floor":5.0,"gold_loss":0.0,"damage_taken":0.0},{"damage_healed":0,"gold_gain":0,"player_choice":"Rummage","damage_taken":0,"relics_obtained":["WarpedTongs"],"max_hp_gain":0,"max_hp_loss":0,"event_name":"Accursed Blacksmith","floor":20,"gold_loss":0,"cards_obtained":["Pain"]}],"is_beta":false,"boss_relics":[{"not_picked":["White Beast Statue","Ectoplasm"],"picked":"Philosopher\u0027s Stone"}],"items_purged_floors":[21],"is_endless":false,"potions_floor_spawned":[6,11,14,16,18],"killed_by":"Gremlin Leader","ascension_level":18}