{"gold_per_floor":[119,135,135,147,28,28,57,13,13,24,24,43,67,83,83,157,157,167,217,230,230,14,14,14,27,27,27,57,57,57,75,75,75],"floor_reached":33,"playtime":911,"items_purged":["Regret"],"score":726,"play_id":"42886f2f-3aa0-4b5a-9be9-6bf6b65eeba0","local_time":"20190314111535","is_ascension_mode":true,"campfire_choices":[{"data":"Dagger Spray","floor":6.0,"key":"SMITH"},{"floor":15.0,"key":"REST"},{"data":"Catalyst","floor":23.0,"key":"SMITH"},{"floor":27.0,"key":"REST"},{"floor":32.0,"key":"REST"}],"neow_cost":"NONE","seed_source_timestamp":42522328950428,"circlet_count":0,"master_deck":["AscendersBane","Defend_G+1","Defend_G+1","Defend_G+1","Defend_G+1","Defend_G+1","Strike_G+1","Strike_G+1","Strike_G+1","Strike_G+1","Survivor","Neutralize","Deadly Poison+1","Dagger Spray+1","Catalyst+1","PiercingWail","Bouncing Flask","Glass Knife","Crippling Poison","Corpse Explosion","Deadly Poison"],"special_seed":0,"relics":["Ring of the Snake","NeowsBlessing","MawBank","Orichalcum","Pen Nib","Odd Mushroom","Philosopher\u0027s Stone","Sling","Meat on the Bone","Ancient Tea Set"],"potions_floor_usage":[],"damage_taken":[{"damage":0.0,"enemies":"2 Louse","floor":1.0,"turns":1.0},{"damage":0.0,"enemies":"Small Slimes","floor":2.0,"turns":1.0},{"damage":0.0,"enemies":"Gremlin Nob","floor":7.0,"turns":1.0},{"damage":0.0,"enemies":"Jaw Worm","floor":10.0,"turns":4.0},{"damage":3.0,"enemies":"2 Fungi Beasts","floor":12.0,"turns":2.0},{"damage":7.0,"enemies":"The Mushroom Lair","floor":13.0,"turns":5.0},{"damage":0.0,"enemies":"3 Louse","floor":14.0,"turns":2.0},{"damage":0.0,"enemies":"Hexaghost","floor":16.0,"turns":8.0},{"damage":0.0,"enemies":"Chosen","floor":18.0,"turns":4.0},{"damage":40.0,"enemies":"3 Byrds","floor":20.0,"turns":5.0},{"damage":18.0,"enemies":"3 Cultists","floor":25.0,"turns":5.0},{"damage":0.0,"enemies":"Gremlin Leader","floor":28.0,"turns":4.0},{"damage":3.0,"enemies":"Cultist and Chosen","floor":31.0,"turns":4.0},{"damage":72,"enemies":"Automaton","floor":33,"turns":8}],"seed_played":"-7587572281497104011","potions_obtained":[{"floor":2.0,"key":"FearPotion"},{"floor":12.0,"key":"SkillPotion"},{"floor":13.0,"key":"SneckoOil"},{"floor":14.0,"key":"Block Potion"},{"floor":16.0,"key":"GhostInAJar"},{"floor":18.0,"key":"Strength Potion"},{"floor":20.0,"key":"Explosive Potion"}],"is_trial":false,"path_per_floor":["M","M","?","?","$","R","E","$","T","M","?","M","?","M","R","B",null,"M","?","M","?","$","R","?","M","T","R","E","?","?","M","R","B"],"character_chosen":"THE_SILENT","items_purchased":["Dagger Spray","Catalyst","Sling"],"campfire_rested":3,"item_purchase_floors":[5,8,22],"current_hp_per_floor":[59,59,59,39,39,39,39,39,39,39,32,29,22,22,41,41,60,60,60,20,20,20,20,20,2,2,21,33,33,33,42,61,0],"gold":75,"neow_bonus":"THREE_ENEMY_KILL","is_prod":false,"is_daily":false,"chose_seed":false,"campfire_upgraded":2,"win_rate":0,"timestamp":1552558535,"path_taken":["M","M","?","?","$","R","E","$","T","M","?","M","?","M","R","BOSS","M","?","M","?","$","R","?","M","T","R","E","?","?","M","R","BOSS"],"build_version":"2019-01-23","purchased_purges":1,"victory":false,"max_hp_per_floor":[66,66,66,66,66,66,66,66,66,66,66,66,66,66,66,66,66,66,66,66,66,66,66,66,66,66,66,66,66,66,66,66,66],"card_choices":[{"not_picked":["Sucker Punch","Blade Dance","Slice"],"picked":"SKIP","floor":1.0},{"not_picked":["Dodge and Roll","Acrobatics"],"picked":"Deadly Poison","floor":2.0},{"not_picked":["Quick Slash","Dagger Spray","Phantasmal Killer"],"picked":"SKIP","floor":7.0},{"not_picked":["Expertise","Quick Slash","Dagger Spray"],"picked":"SKIP","floor":10.0},{"not_picked":["Flying Knee","Prepared"],"picked":"PiercingWail","floor":12.0},{"not_picked":["Acrobatics","Flying Knee"],"picked":"Bouncing Flask","floor":14.0},{"not_picked":["Doppelganger","Grand Finale"],"picked":"Glass Knife","floor":16.0},{"not_picked":["Poisoned Stab","Blade Dance","All Out Attack"],"picked":"SKIP","floor":18.0},{"not_picked":["Dagger Spray","Skewer","Underhanded Strike"],"picked":"SKIP","floor":20.0},{"not_picked":["Eviscerate","Backstab"],"picked":"Crippling Poison","floor":25.0},{"not_picked":["Crippling Poison","Underhanded Strike"],"picked":"Corpse Explosion","floor":28.0},{"not_picked":["Finisher","Poisoned Stab"],"picked":"Deadly Poison","floor":31.0}],"player_experience":1005001,"relics_obtained":[{"floor":7.0,"key":"Orichalcum"},{"floor":9.0,"key":"Pen Nib"},{"floor":13.0,"key":"Odd Mushroom"},{"floor":26.0,"key":"Meat on the Bone"},{"floor":28.0,"key":"Ancient Tea Set"}],"event_choices":[{"damage_healed":0.0,"max_hp_gain":0.0,"max_hp_loss":0.0,"gold_gain":0.0,"event_name":"Big Fish","player_choice":"Box","floor":3.0,"gold_loss":0.0,"damage_taken":0.0,"relics_obtained":["MawBank"],"cards_obtained":["Regret"]},{"damage_healed":0.0,"max_hp_gain":0.0,"max_hp_loss":0.0,"gold_gain":0.0,"event_name":"Shining Light","player_choice":"Entered Light","floor":4.0,"gold_loss":0.0,"damage_taken":20.0,"cards_upgraded":["Deadly Poison","Defend_G"]},{"cards_removed":["Strike_G"],"damage_healed":0.0,"max_hp_gain":0.0,"max_hp_loss":0.0,"gold_gain":0.0,"event_name":"Golden Wing","player_choice":"Card Removal","floor":11.0,"gold_loss":0.0,"damage_taken":7.0},{"damage_healed":0.0,"max_hp_gain":0.0,"max_hp_loss":0.0,"gold_gain":0.0,"event_name":"Mushrooms","player_choice":"Fought Mushrooms","floor":13.0,"gold_loss":0.0,"damage_taken":0.0},{"damage_healed":0.0,"max_hp_gain":0.0,"max_hp_loss":0.0,"gold_gain":50.0,"event_name":"Nest","player_choice":"Stole From Cult","floor":19.0,"gold_loss":0.0,"damage_taken":0.0},{"damage_healed":0.0,"max_hp_gain":0.0,"max_hp_loss":0.0,"gold_gain":0.0,"event_name":"Back to Basics","player_choice":"Simplicity","floor":21.0,"gold_loss":0.0,"damage_taken":0.0,"cards_upgraded":["Defend_G","Defend_G","Defend_G","Defend_G","Strike_G","Strike_G","Strike_G","Strike_G"]},{"damage_healed":0.0,"max_hp_gain":0.0,"max_hp_loss":0.0,"gold_gain":0.0,"event_name":"Vampires","player_choice":"Ignored","floor":29.0,"gold_loss":0.0,"damage_taken":0.0},{"damage_healed":0.0,"max_hp_gain":0.0,"max_hp_loss":0.0,"gold_gain":0.0,"event_name":"Ghosts","player_choice":"Ignored","floor":30.0,"gold_loss":0.0,"damage_taken":0.0}],"is_beta":false,"boss_relics":[{"not_picked":["Runic Pyramid","Runic Dome"],"picked":"Philosopher\u0027s Stone"}],"items_purged_floors":[5],"is_endless":false,"potions_floor_spawned":[2,12,13,14,16,18,20],"killed_by":"Automaton","ascension_level":20}