{"gold_per_floor":[113,123,143,143,143,143,169,169,169,184,109,109,122,134,134,213,213,228,17,67,0],"floor_reached":21,"playtime":853,"items_purged":["Strike_B"],"score":340,"play_id":"e5f5b151-55c1-45e2-b16a-7701081209a2","local_time":"20190317200518","is_ascension_mode":true,"campfire_choices":[{"data":"Streamline","floor":6,"key":"SMITH"},{"data":"Zap","floor":8,"key":"SMITH"},{"floor":12,"key":"REST"},{"floor":15,"key":"REST"}],"neow_cost":"NONE","seed_source_timestamp":439733395701608,"circlet_count":0,"master_deck":["AscendersBane","Strike_B+1","Defend_B+1","Defend_B","Defend_B","Defend_B","Zap+1","Streamline+1","Ball Lightning","Rebound","Capacitor","Hologram","Cold Snap","Echo Form","Force Field+1","Double Energy+1","Chaos+1","Heatsinks","Seek","Doom and Gloom"],"relics":["Cracked Core","NeowsBlessing","Question Card","Ginger","Astrolabe"],"potions_floor_usage":[13,21],"damage_taken":[{"damage":0,"enemies":"Cultist","floor":1,"turns":1},{"damage":0,"enemies":"Jaw Worm","floor":2,"turns":1},{"damage":0,"enemies":"2 Louse","floor":3,"turns":1},{"damage":22,"enemies":"Lagavulin","floor":7,"turns":5},{"damage":0,"enemies":"Blue Slaver","floor":10,"turns":2},{"damage":10,"enemies":"Gremlin Gang","floor":13,"turns":3},{"damage":20,"enemies":"Exordium Thugs","floor":14,"turns":3},{"damage":30,"enemies":"Hexaghost","floor":16,"turns":10},{"damage":37,"enemies":"Chosen","floor":18,"turns":6},{"damage":27,"enemies":"2 Thieves","floor":21,"turns":2}],"seed_played":"-5218100390052310077","potions_obtained":[{"floor":3,"key":"Ancient Potion"},{"floor":10,"key":"AttackPotion"},{"floor":13,"key":"FearPotion"}],"is_trial":false,"path_per_floor":["M","M","M","?","?","R","E","R","T","M","$","R","M","M","R","B",null,"M","$","?","M"],"character_chosen":"DEFECT","items_purchased":["Seek","Doom and Gloom"],"campfire_rested":2,"item_purchase_floors":[19,19],"current_hp_per_floor":[64,64,64,43,43,43,21,21,21,21,21,42,32,12,33,3,54,17,17,17,0],"gold":0,"neow_bonus":"THREE_ENEMY_KILL","is_prod":false,"is_daily":false,"chose_seed":false,"campfire_upgraded":2,"win_rate":0,"timestamp":1552867518,"path_taken":["M","?","M","?","?","R","E","R","T","M","?","R","M","M","R","BOSS","M","$","?","M"],"build_version":"2019-01-23","purchased_purges":1,"victory":false,"max_hp_per_floor":[71,71,71,71,71,71,71,71,71,71,71,71,71,71,71,71,71,71,71,71,71],"card_choices":[{"not_picked":["Turbo","Heatsinks"],"picked":"Streamline","floor":1},{"not_picked":["Redo","Reinforced Body"],"picked":"Ball Lightning","floor":2},{"not_picked":["Fusion","Barrage","Steam Power"],"picked":"SKIP","floor":3},{"not_picked":["Steam Power","White Noise"],"picked":"Rebound","floor":7},{"not_picked":["Reinforced Body","Compile Driver","Reprogram"],"picked":"Capacitor","floor":10},{"not_picked":["Go for the Eyes","Streamline","Cold Snap"],"picked":"Hologram","floor":13},{"not_picked":["Reinforced Body","Stack","Steam"],"picked":"Cold Snap","floor":14},{"not_picked":["Meteor Strike","Fission","Core Surge"],"picked":"Echo Form","floor":16},{"not_picked":["Lockon","Turbo","Beam Cell"],"picked":"Heatsinks","floor":18}],"player_experience":576419,"relics_obtained":[{"floor":7,"key":"Question Card"},{"floor":9,"key":"Ginger"}],"event_choices":[{"damage_healed":0,"gold_gain":0,"player_choice":"Entered Light","damage_taken":21,"max_hp_gain":0,"max_hp_loss":0,"event_name":"Shining Light","floor":4,"gold_loss":0,"cards_upgraded":["Strike_B","Defend_B"]},{"damage_healed":0,"gold_gain":0,"player_choice":"Ignored","damage_taken":0,"max_hp_gain":0,"max_hp_loss":0,"event_name":"Liars Game","floor":5,"gold_loss":0},{"damage_healed":0,"gold_gain":50,"player_choice":"Pray","damage_taken":0,"max_hp_gain":0,"max_hp_loss":0,"event_name":"Golden Shrine","floor":20,"gold_loss":0}],"is_beta":false,"boss_relics":[{"not_picked":["Pandora\u0027s Box","Empty Cage"],"picked":"Astrolabe"}],"items_purged_floors":[11],"is_endless":false,"potions_floor_spawned":[3,10,13,18],"killed_by":"2 Thieves","ascension_level":18}