{"gold_per_floor":[119,136,148,21,21,50,50,66,66,66,78,78],"floor_reached":12,"playtime":393,"items_purged":["Strike_G"],"score":160,"play_id":"19865a9e-d3d1-4e72-ad13-cc4303e2d656","local_time":"20190314000618","is_ascension_mode":true,"campfire_choices":[{"data":"Noxious Fumes","floor":7,"key":"SMITH"}],"neow_cost":"NONE","seed_source_timestamp":3116854724147,"circlet_count":0,"master_deck":["AscendersBane","Defend_G","Defend_G","Defend_G","Defend_G","Defend_G","Strike_G","Strike_G","Strike_G","Survivor","Neutralize+1","Blur","Bouncing Flask","Noxious Fumes+1","Deadly Poison+1","Corpse Explosion","Dagger Spray","Caltrops"],"relics":["Ring of the Snake","Happy Flower","Pantograph"],"potions_floor_usage":[6,11],"damage_taken":[{"damage":2,"enemies":"Jaw Worm","floor":1,"turns":6},{"damage":0,"enemies":"Small Slimes","floor":2,"turns":4},{"damage":0,"enemies":"Cultist","floor":3,"turns":4},{"damage":25,"enemies":"3 Sentries","floor":6,"turns":9},{"damage":11,"enemies":"2 Fungi Beasts","floor":8,"turns":3},{"damage":4,"enemies":"Looter","floor":11,"turns":3},{"damage":12,"enemies":"Exordium Wildlife","floor":12,"turns":3}],"seed_played":"5220624303944802221","potions_obtained":[{"floor":2,"key":"SkillPotion"},{"floor":8,"key":"AttackPotion"}],"is_trial":false,"path_per_floor":["M","M","M","$","?","E","R","M","T","?","M","M"],"character_chosen":"THE_SILENT","items_purchased":["Deadly Poison"],"campfire_rested":0,"item_purchase_floors":[4],"current_hp_per_floor":[57,57,57,57,50,25,25,14,14,14,10,0],"gold":78,"neow_bonus":"UPGRADE_CARD","is_prod":false,"is_daily":false,"chose_seed":false,"campfire_upgraded":1,"win_rate":0,"timestamp":1552518378,"path_taken":["M","M","M","$","?","E","R","M","T","?","M","M"],"build_version":"2019-01-23","purchased_purges":1,"victory":false,"max_hp_per_floor":[66,66,66,66,66,66,66,66,66,66,66,66],"card_choices":[{"not_picked":["Slice","Dodge and Roll"],"picked":"Blur","floor":1},{"not_picked":["Concentrate","Underhanded Strike"],"picked":"Bouncing Flask","floor":2},{"not_picked":["Cloak And Dagger","Footwork"],"picked":"Noxious Fumes","floor":3},{"not_picked":["Escape Plan","Blade Dance"],"picked":"Corpse Explosion","floor":6},{"not_picked":["Poisoned Stab","Accuracy"],"picked":"Dagger Spray","floor":8},{"not_picked":["Deadly Poison","Concentrate"],"picked":"Caltrops","floor":11}],"player_experience":1001487,"relics_obtained":[{"floor":6,"key":"Happy Flower"},{"floor":9,"key":"Pantograph"}],"event_choices":[{"cards_removed":["Strike_G"],"damage_healed":0,"gold_gain":0,"player_choice":"Card Removal","damage_taken":7,"max_hp_gain":0,"max_hp_loss":0,"event_name":"Golden Wing","floor":5,"gold_loss":0},{"damage_healed":0,"gold_gain":0,"player_choice":"Grow","damage_taken":0,"max_hp_gain":0,"max_hp_loss":0,"event_name":"Living Wall","floor":10,"gold_loss":0,"cards_upgraded":["Deadly Poison"]}],"is_beta":false,"boss_relics":[],"items_purged_floors":[4],"is_endless":false,"potions_floor_spawned":[2,8],"killed_by":"Exordium Wildlife","ascension_level":20}