{"gold_per_floor":[110,127,127,127,140,140,140,140,140,159,197,197,44,75,75,194,194,219,20,44,0,0,0,30,30,55,84,84,117,144,144,144,247,247,257,12,26,26,39,39,72,92,92,106,131,131,131,148,148,148,148,148,19,50,50],"floor_reached":55,"playtime":13505,"items_purged":["Strike_B"],"score":1109,"play_id":"969835e6-8093-4c30-8330-675ad24ff643","local_time":"20190311220827","is_ascension_mode":true,"campfire_choices":[{"data":"Dualcast","floor":6.0,"key":"SMITH"},{"data":"Rip and Tear","floor":8.0,"key":"SMITH"},{"floor":15.0,"key":"REST"},{"data":"Defragment","floor":23.0,"key":"SMITH"},{"floor":25,"key":"REST"},{"data":"Buffer","floor":28,"key":"SMITH"},{"data":"Consume","floor":32,"key":"SMITH"},{"data":"Creative AI","floor":40,"key":"SMITH"},{"data":"Static Discharge","floor":46,"key":"SMITH"},{"floor":49,"key":"RECALL"},{"data":"Hologram","floor":52,"key":"SMITH"}],"neow_cost":"NONE","seed_source_timestamp":0,"circlet_count":0,"master_deck":["AscendersBane","Strike_B","Strike_B+1","Defend_B+1","Defend_B+1","Defend_B","Defend_B","Zap+1","Dualcast+1","Coolheaded","FTL","Lockon","Rip and Tear+1","Genetic Algorithm+1","Go for the Eyes","Buffer+1","Self Repair","Capacitor","Hologram+1","Defragment+1","Electrodynamics","Consume+1","Creative AI+1","Coolheaded+1","Coolheaded","Cold Snap","Static Discharge+1","Pain","Defragment","Buffer"],"special_seed":0,"relics":["Cracked Core","Bloody Idol","Bag of Preparation","DataDisk","Potion Belt","Anchor","Lantern","Velvet Choker","Ancient Tea Set","Cables","Regal Pillow","Centennial Puzzle","White Beast Statue","Runic Capacitor","Oddly Smooth Stone","Toxic Egg 2","Gambling Chip","WarpedTongs","War Paint"],"potions_floor_usage":[24,24,27,41,45,50,55,55,55],"damage_taken":[{"damage":7.0,"enemies":"Jaw Worm","floor":1.0,"turns":3.0},{"damage":0.0,"enemies":"2 Louse","floor":2.0,"turns":3.0},{"damage":12.0,"enemies":"Small Slimes","floor":5.0,"turns":3.0},{"damage":0.0,"enemies":"Looter","floor":10.0,"turns":2.0},{"damage":15.0,"enemies":"3 Sentries","floor":11.0,"turns":7.0},{"damage":10.0,"enemies":"Lagavulin","floor":14.0,"turns":4.0},{"damage":20.0,"enemies":"The Guardian","floor":16.0,"turns":11.0},{"damage":2.0,"enemies":"3 Byrds","floor":18.0,"turns":5.0},{"damage":8.0,"enemies":"2 Thieves","floor":20.0,"turns":4.0},{"damage":38,"enemies":"Book of Stabbing","floor":24,"turns":6},{"damage":31,"enemies":"Slavers","floor":27,"turns":5},{"damage":4,"enemies":"Gremlin Leader","floor":29,"turns":5},{"damage":17,"enemies":"Collector","floor":33,"turns":6},{"damage":0,"enemies":"3 Darklings","floor":35,"turns":3},{"damage":1,"enemies":"3 Shapes","floor":37,"turns":3},{"damage":1,"enemies":"Sphere and 2 Shapes","floor":39,"turns":6},{"damage":9,"enemies":"Reptomancer","floor":41,"turns":5},{"damage":0,"enemies":"Spire Growth","floor":42,"turns":5},{"damage":1,"enemies":"Jaw Worm Horde","floor":44,"turns":4},{"damage":17,"enemies":"Nemesis","floor":45,"turns":7},{"damage":8,"enemies":"Maw","floor":48,"turns":4},{"damage":18,"enemies":"Donu and Deca","floor":50,"turns":7},{"damage":36,"enemies":"Shield and Spear","floor":54,"turns":5},{"damage":51,"enemies":"The Heart","floor":55,"turns":3}],"seed_played":"-6798651269949380271","potions_obtained":[{"floor":10.0,"key":"GamblersBrew"},{"floor":11.0,"key":"FearPotion"},{"floor":14.0,"key":"Dexterity Potion"},{"floor":16.0,"key":"Explosive Potion"},{"floor":20.0,"key":"SteroidPotion"},{"floor":29,"key":"Strength Potion"},{"floor":33,"key":"Fire Potion"},{"floor":35,"key":"Regen Potion"},{"floor":37,"key":"Weak Potion"},{"floor":39,"key":"Dexterity Potion"},{"floor":41,"key":"Dexterity Potion"},{"floor":42,"key":"GamblersBrew"},{"floor":45,"key":"Swift Potion"},{"floor":48,"key":"PowerPotion"},{"floor":54,"key":"GamblersBrew"}],"is_trial":false,"path_per_floor":["M","M","?","?","M","R","?","R","T","M","E","T","$","E","R","B",null,"M","$","M","?","?","R","E","R","T","E","R","E","T","?","R","B",null,"M","$","M","$","M","R","E","M","T","M","E","R","?","M","R","B",null,"R","$","E","B"],"character_chosen":"DEFECT","items_purchased":["Anchor","Capacitor","Hologram","Runic Capacitor","Coolheaded","Defragment","Block Potion"],"campfire_rested":2,"item_purchase_floors":[13,19,19,36,36,53,53],"current_hp_per_floor":[61,61,61,46,34,34,34,34,34,34,19,19,19,9,29,9,54,52,52,44,44,44,44,18,38,43,24,24,32,37,37,37,32,60,69,69,69,69,69,69,69,69,69,69,69,69,69,69,69,58,66,66,66,45,0],"gold":50,"neow_bonus":"UPGRADE_CARD","is_prod":false,"is_daily":false,"chose_seed":false,"campfire_upgraded":8,"win_rate":0,"timestamp":1552356507,"path_taken":["M","M","?","?","M","R","?","R","T","M","E","?","$","E","R","BOSS","M","?","M","?","?","R","E","R","T","E","R","E","?","?","R","BOSS","M","$","M","$","M","R","E","M","T","M","E","R","?","M","R","BOSS","R","$","E","BOSS"],"build_version":"2019-01-23","purchased_purges":1,"victory":false,"max_hp_per_floor":[75,75,75,75,75,75,69,69,69,69,69,69,69,69,69,69,69,69,69,69,69,69,69,69,69,69,69,69,69,69,69,69,69,69,69,69,69,69,69,69,69,69,69,69,69,69,69,69,69,69,69,69,69,69,69],"card_choices":[{"not_picked":["Barrage","Leap"],"picked":"Coolheaded","floor":1.0},{"not_picked":["Barrage","Sunder"],"picked":"FTL","floor":2.0},{"not_picked":["Fusion","Hologram"],"picked":"Rip and Tear","floor":5.0},{"not_picked":["Leap","Force Field"],"picked":"Genetic Algorithm","floor":10.0},{"not_picked":["Compile Driver","Storm","Turbo"],"picked":"SKIP","floor":11.0},{"not_picked":["Gash","Reinforced Body"],"picked":"Go for the Eyes","floor":14.0},{"not_picked":["Reboot","Machine Learning"],"picked":"Buffer","floor":16.0},{"not_picked":["Cold Snap","Hello World"],"picked":"Self Repair","floor":18.0},{"not_picked":["Loop","Gash"],"picked":"Defragment","floor":20.0},{"not_picked":["Gash","Rebound","Hello World"],"picked":"SKIP","floor":24},{"not_picked":["Self Repair","Steam Power"],"picked":"Electrodynamics","floor":27},{"not_picked":["Chill","Redo"],"picked":"Consume","floor":29},{"not_picked":["Thunder Strike","Echo Form"],"picked":"Creative AI","floor":33},{"not_picked":["Turbo+1","Heatsinks"],"picked":"Coolheaded+1","floor":35},{"not_picked":["Turbo","Beam Cell","Redo+1"],"picked":"SKIP","floor":37},{"not_picked":["Leap+1","Reinforced Body"],"picked":"Cold Snap","floor":39},{"not_picked":["Cold Snap+1","Double Energy","Hello World"],"picked":"SKIP","floor":41},{"not_picked":["FTL","Turbo+1","Sweeping Beam+1"],"picked":"SKIP","floor":42},{"not_picked":["Steam+1","Heatsinks+1"],"picked":"Static Discharge","floor":44},{"not_picked":["Beam Cell","Streamline","Gash+1"],"picked":"SKIP","floor":45},{"not_picked":["Reinforced Body+1","Redo+1","Stack+1"],"picked":"SKIP","floor":48},{"not_picked":["Turbo+1","Gash+1"],"picked":"Buffer","floor":54}],"player_experience":1809587,"relics_obtained":[{"floor":9.0,"key":"Bag of Preparation"},{"floor":11.0,"key":"DataDisk"},{"floor":12.0,"key":"Potion Belt"},{"floor":14.0,"key":"Lantern"},{"floor":24,"key":"Ancient Tea Set"},{"floor":27,"key":"Cables"},{"floor":29,"key":"Regal Pillow"},{"floor":30,"key":"Centennial Puzzle"},{"floor":41,"key":"Oddly Smooth Stone"},{"floor":43,"key":"Toxic Egg 2"},{"floor":45,"key":"Gambling Chip"},{"floor":54,"key":"War Paint"}],"event_choices":[{"damage_healed":0.0,"max_hp_gain":0.0,"max_hp_loss":0.0,"gold_gain":0.0,"cards_transformed":["Strike_B"],"event_name":"Living Wall","player_choice":"Change","floor":3.0,"gold_loss":0.0,"damage_taken":0.0,"cards_obtained":["Lockon"]},{"damage_healed":0.0,"max_hp_gain":0.0,"max_hp_loss":0.0,"gold_gain":0.0,"event_name":"Shining Light","player_choice":"Entered Light","floor":4.0,"gold_loss":0.0,"damage_taken":15.0,"cards_upgraded":["Strike_B","Defend_B"]},{"damage_healed":0.0,"max_hp_gain":0.0,"max_hp_loss":6.0,"gold_gain":0.0,"event_name":"Golden Idol","player_choice":"Lose Max HP","floor":7.0,"gold_loss":0.0,"damage_taken":0.0,"relics_obtained":["Golden Idol"]},{"damage_healed":0.0,"max_hp_gain":0.0,"max_hp_loss":0.0,"gold_gain":0.0,"event_name":"Masked Bandits","player_choice":"Paid Fearfully","floor":21.0,"gold_loss":44.0,"damage_taken":0.0},{"damage_healed":0.0,"max_hp_gain":0.0,"max_hp_loss":0.0,"gold_gain":0.0,"event_name":"Forgotten Altar","player_choice":"Gave Idol","floor":22.0,"relics_lost":["Golden Idol"],"gold_loss":0.0,"damage_taken":0.0,"relics_obtained":["Bloody Idol"]},{"damage_healed":0,"gold_gain":0,"player_choice":"Ignored","damage_taken":0,"max_hp_gain":0,"max_hp_loss":0,"event_name":"Vampires","floor":31,"gold_loss":0},{"damage_healed":0,"gold_gain":0,"player_choice":"Rummage","damage_taken":0,"relics_obtained":["WarpedTongs"],"max_hp_gain":0,"max_hp_loss":0,"event_name":"Accursed Blacksmith","floor":47,"gold_loss":0,"cards_obtained":["Pain"]}],"is_beta":false,"boss_relics":[{"not_picked":["Orrery","Eternal Feather"],"picked":"Velvet Choker"},{"not_picked":["Coffee Dripper","Cursed Key"],"picked":"White Beast Statue"}],"items_purged_floors":[19],"is_endless":false,"potions_floor_spawned":[10,11,14,16,20,29,33,35,37,39,41,42,44,45,48,54],"killed_by":"The Heart","ascension_level":10}