{"gold_per_floor":[116,116,132,6,22,56,56,71,71,87,105,144,144,157,157,157],"floor_reached":16,"playtime":730,"items_purged":["Injury"],"score":177,"play_id":"475e1f8c-3f96-47c7-bead-3a62d76c366d","local_time":"20190324220138","is_ascension_mode":true,"campfire_choices":[{"floor":7,"key":"REST"},{"floor":13,"key":"REST"},{"data":"Night Terror","floor":15,"key":"SMITH"}],"neow_cost":"NONE","seed_source_timestamp":165354576469289,"circlet_count":0,"master_deck":["AscendersBane","Defend_G","Defend_G","Defend_G","Defend_G","Defend_G","Strike_G+1","Strike_G+1","Strike_G","Strike_G","Strike_G","Survivor","Neutralize","Tactician","Crippling Poison","Deadly Poison","Cloak And Dagger","Night Terror+1","Deflect","Tactician","Doppelganger","Prepared","Accuracy"],"relics":["Ring of the Snake","Golden Idol","Whetstone","Meat on the Bone","Torii"],"potions_floor_usage":[3,12,12],"damage_taken":[{"damage":3,"enemies":"2 Louse","floor":1,"turns":5},{"damage":7,"enemies":"Jaw Worm","floor":3,"turns":6},{"damage":4,"enemies":"Cultist","floor":5,"turns":4},{"damage":45,"enemies":"Gremlin Nob","floor":6,"turns":6},{"damage":3,"enemies":"Large Slime","floor":8,"turns":6},{"damage":9,"enemies":"Red Slaver","floor":10,"turns":4},{"damage":2,"enemies":"Looter","floor":11,"turns":3},{"damage":21,"enemies":"3 Sentries","floor":12,"turns":11},{"damage":9,"enemies":"3 Louse","floor":14,"turns":4},{"damage":53,"enemies":"Slime Boss","floor":16,"turns":10}],"seed_played":"-8550165624922262276","potions_obtained":[{"floor":1,"key":"Swift Potion"},{"floor":8,"key":"Block Potion"},{"floor":11,"key":"SkillPotion"}],"is_trial":false,"path_per_floor":["M","?","M","$","M","E","R","M","T","M","M","E","R","M","R","B"],"character_chosen":"THE_SILENT","items_purchased":["Deadly Poison"],"campfire_rested":2,"item_purchase_floors":[4],"current_hp_per_floor":[67,67,60,60,56,11,34,31,31,34,44,35,58,49,49,0],"gold":157,"neow_bonus":"TEN_PERCENT_HP_BONUS","is_prod":false,"is_daily":false,"chose_seed":false,"campfire_upgraded":1,"win_rate":0,"timestamp":1553457698,"path_taken":["M","?","M","$","M","E","R","M","T","M","M","E","R","M","R","BOSS"],"build_version":"2019-01-23","purchased_purges":1,"victory":false,"max_hp_per_floor":[77,77,77,77,77,77,77,77,77,77,77,77,77,77,77,77],"card_choices":[{"not_picked":["Deflect","Underhanded Strike"],"picked":"Tactician","floor":1},{"not_picked":["Skewer","Outmaneuver"],"picked":"Crippling Poison","floor":3},{"not_picked":["Concentrate","Sucker Punch"],"picked":"Cloak And Dagger","floor":5},{"not_picked":["Masterful Stab","Choke"],"picked":"Night Terror","floor":6},{"not_picked":["Deadly Poison","Poisoned Stab"],"picked":"Deflect","floor":8},{"not_picked":["Flying Knee","Slice"],"picked":"Tactician","floor":10},{"not_picked":["Bane","Outmaneuver"],"picked":"Doppelganger","floor":11},{"not_picked":["Sucker Punch","All Out Attack"],"picked":"Prepared","floor":12},{"not_picked":["Distraction","Poisoned Stab"],"picked":"Accuracy","floor":14}],"player_experience":824280,"relics_obtained":[{"floor":6,"key":"Whetstone"},{"floor":9,"key":"Meat on the Bone"},{"floor":12,"key":"Torii"}],"event_choices":[{"damage_healed":0,"gold_gain":0,"player_choice":"Take Wound","damage_taken":0,"relics_obtained":["Golden Idol"],"max_hp_gain":0,"max_hp_loss":0,"event_name":"Golden Idol","floor":2,"gold_loss":0,"cards_obtained":["Injury"]}],"is_beta":false,"boss_relics":[],"items_purged_floors":[4],"is_endless":false,"potions_floor_spawned":[1,8,11],"killed_by":"Slime Boss","ascension_level":11}