{"gold_per_floor":[115,126,145,145,145,145,170,191,191,227,227,227,327,327],"floor_reached":14,"playtime":625,"items_purged":[],"score":135,"play_id":"bce9fa1b-93a5-481f-8e0a-4f10811af63f","local_time":"20190311180424","is_ascension_mode":true,"campfire_choices":[{"data":"Zap","floor":6,"key":"SMITH"},{"floor":11,"key":"REST"}],"neow_cost":"PERCENT_DAMAGE","seed_source_timestamp":861632296272081,"circlet_count":0,"master_deck":["AscendersBane","Strike_B","Strike_B","Strike_B","Strike_B","Defend_B","Defend_B","Defend_B","Defend_B","Zap+1","Dualcast","Genetic Algorithm","Compile Driver","Genetic Algorithm","Darkness","Defragment","Hologram"],"relics":["Cracked Core","Peace Pipe","Golden Idol","Singing Bowl","Frozen Egg 2","Sundial"],"potions_floor_usage":[10,14],"damage_taken":[{"damage":1,"enemies":"Cultist","floor":1,"turns":3},{"damage":0,"enemies":"2 Louse","floor":2,"turns":2},{"damage":11,"enemies":"Small Slimes","floor":3,"turns":3},{"damage":15,"enemies":"3 Louse","floor":7,"turns":4},{"damage":5,"enemies":"Large Slime","floor":8,"turns":6},{"damage":20,"enemies":"Lagavulin","floor":10,"turns":7},{"damage":32,"enemies":"Gremlin Nob","floor":14,"turns":3}],"seed_played":"-8506811289794760082","potions_obtained":[{"floor":1,"key":"GamblersBrew"},{"floor":3,"key":"PowerPotion"},{"floor":7,"key":"AttackPotion"}],"is_trial":false,"path_per_floor":["M","M","M","?","?","R","M","M","T","E","R","?","?","E"],"character_chosen":"DEFECT","items_purchased":[],"campfire_rested":1,"item_purchase_floors":[],"current_hp_per_floor":[49,49,38,38,43,43,28,23,23,3,25,25,25,0],"gold":327,"neow_bonus":"ONE_RARE_RELIC","is_prod":false,"is_daily":false,"chose_seed":false,"campfire_upgraded":1,"win_rate":0,"timestamp":1552341864,"path_taken":["M","?","M","?","?","R","M","M","T","E","R","?","?","E"],"build_version":"2019-01-23","purchased_purges":0,"victory":false,"max_hp_per_floor":[75,75,75,69,74,74,74,74,74,74,74,74,74,74],"card_choices":[{"not_picked":["Chaos","Melter"],"picked":"Genetic Algorithm","floor":1},{"not_picked":["White Noise","Hologram"],"picked":"Compile Driver","floor":2},{"not_picked":["Steam","Barrage"],"picked":"Genetic Algorithm","floor":3},{"not_picked":["Go for the Eyes","Streamline"],"picked":"Darkness","floor":7},{"not_picked":["Barrage","Beam Cell"],"picked":"Defragment","floor":8},{"not_picked":["Go for the Eyes","Lockon"],"picked":"Hologram","floor":10}],"player_experience":1808148,"relics_obtained":[{"floor":9,"key":"Singing Bowl"},{"floor":10,"key":"Frozen Egg 2"}],"event_choices":[{"damage_healed":0,"gold_gain":0,"player_choice":"Lose Max HP","damage_taken":0,"relics_obtained":["Golden Idol"],"max_hp_gain":0,"max_hp_loss":6,"event_name":"Golden Idol","floor":4,"gold_loss":0},{"damage_healed":0,"gold_gain":0,"player_choice":"Donut","damage_taken":0,"max_hp_gain":5,"max_hp_loss":0,"event_name":"Big Fish","floor":5,"gold_loss":0},{"damage_healed":0,"gold_gain":0,"player_choice":"Searched \u00271\u0027 times","damage_taken":0,"relics_obtained":["Sundial"],"max_hp_gain":0,"max_hp_loss":0,"event_name":"Dead Adventurer","floor":12,"gold_loss":0},{"damage_healed":0,"gold_gain":100,"player_choice":"Pray","damage_taken":0,"max_hp_gain":0,"max_hp_loss":0,"event_name":"Golden Shrine","floor":13,"gold_loss":0}],"is_beta":false,"boss_relics":[],"items_purged_floors":[],"is_endless":false,"potions_floor_spawned":[1,3,7],"killed_by":"Gremlin Nob","ascension_level":10}