{"gold_per_floor":[112,60,60,2,13,48,48,58,58,58,75,107,122,122,122,122],"floor_reached":16,"playtime":363,"items_purged":[],"score":220,"play_id":"db653091-5e99-4d49-baa3-d61ba51c72d1","local_time":"20190209150108","is_ascension_mode":true,"campfire_choices":[{"data":"Armaments","floor":7,"key":"SMITH"},{"floor":15,"key":"REST"}],"neow_cost":"","seed_source_timestamp":598013220341224,"circlet_count":0,"master_deck":["AscendersBane","Strike_R","Strike_R+1","Strike_R","Strike_R","Strike_R","Defend_R","Defend_R","Defend_R","Defend_R","Bash","Armaments+1","Clothesline+1","Shrug It Off","Double Tap","Iron Wave+1","Headbutt","Iron Wave","Shrug It Off"],"relics":["Burning Blood","Frozen Egg 2","Letter Opener","Meat on the Bone"],"potions_floor_usage":[6,12],"damage_taken":[{"damage":8,"enemies":"Cultist","floor":1,"turns":5},{"damage":2,"enemies":"2 Louse","floor":5,"turns":3},{"damage":23,"enemies":"Lagavulin","floor":6,"turns":8},{"damage":13,"enemies":"Small Slimes","floor":8,"turns":4},{"damage":6,"enemies":"Exordium Thugs","floor":11,"turns":4},{"damage":22,"enemies":"Gremlin Nob","floor":12,"turns":4},{"damage":1,"enemies":"Exordium Wildlife","floor":13,"turns":4},{"damage":36,"enemies":"The Guardian","floor":16,"turns":6}],"seed_played":"5668986711339461170","potions_obtained":[{"floor":1,"key":"Block Potion"},{"floor":11,"key":"SkillPotion"}],"is_trial":true,"path_per_floor":["M","$","?","$","M","E","R","M","T","?","M","E","M","?","R","B"],"character_chosen":"IRONCLAD","items_purchased":["Clothesline","Shrug It Off"],"campfire_rested":1,"item_purchase_floors":[2,4],"current_hp_per_floor":[66,66,43,43,47,30,30,23,23,23,23,7,24,13,35,0],"gold":122,"neow_bonus":"","is_prod":false,"is_daily":false,"chose_seed":false,"campfire_upgraded":1,"win_rate":0,"timestamp":1549724468,"path_taken":["M","$","?","$","M","E","R","M","T","?","M","E","M","?","R","BOSS"],"build_version":"2019-01-23","purchased_purges":0,"victory":false,"max_hp_per_floor":[75,75,75,75,75,75,75,75,75,75,75,75,75,75,75,75],"card_choices":[{"not_picked":["Entrench","Heavy Blade"],"picked":"Armaments","floor":1},{"not_picked":["Power Through","Armaments","Anger"],"picked":"SKIP","floor":5},{"not_picked":["Sword Boomerang","Perfected Strike"],"picked":"Double Tap","floor":6},{"not_picked":["Combust+1","Heavy Blade"],"picked":"Iron Wave","floor":8},{"not_picked":["Sword Boomerang","True Grit"],"picked":"Headbutt","floor":11},{"not_picked":["Intimidate","Brutality+1"],"picked":"Iron Wave","floor":12},{"not_picked":["Perfected Strike","Clash"],"picked":"Shrug It Off","floor":13}],"player_experience":526157,"relics_obtained":[{"floor":6,"key":"Frozen Egg 2"},{"floor":9,"key":"Letter Opener"},{"floor":12,"key":"Meat on the Bone"}],"event_choices":[{"damage_healed":0,"gold_gain":0,"player_choice":"Entered Light","damage_taken":23,"max_hp_gain":0,"max_hp_loss":0,"event_name":"Shining Light","floor":3,"gold_loss":0,"cards_upgraded":["Clothesline","Strike_R"]},{"damage_healed":0,"gold_gain":0,"player_choice":"Grow","damage_taken":0,"max_hp_gain":0,"max_hp_loss":0,"event_name":"Living Wall","floor":10,"gold_loss":0,"cards_upgraded":["Iron Wave"]},{"damage_healed":0,"gold_gain":0,"player_choice":"Damaged","damage_taken":11,"max_hp_gain":0,"max_hp_loss":0,"event_name":"Wheel of Change","floor":14,"gold_loss":0}],"is_beta":false,"boss_relics":[],"items_purged_floors":[],"is_endless":true,"potions_floor_spawned":[1,11],"killed_by":"The Guardian","ascension_level":20}