{"gold_per_floor":[118,67,77,77,90,116,116,129,206,231,306,6,6,20,20,111,111,132,150,150,164,184,184,184],"floor_reached":24,"playtime":1311,"items_purged":["Defend_B"],"score":406,"play_id":"193688f9-dd11-428e-a42e-263e6bc966d3","local_time":"20190324212225","is_ascension_mode":true,"campfire_choices":[{"floor":7,"key":"REST"},{"floor":15,"key":"REST"},{"data":"Creative AI","floor":23,"key":"SMITH"}],"neow_cost":"NONE","seed_source_timestamp":162419191857977,"circlet_count":0,"master_deck":["AscendersBane","Strike_B","Strike_B","Strike_B","Strike_B","Defend_B","Defend_B","Defend_B","Zap","Dualcast","Skim","Cold Snap","Conserve Battery","Self Repair","Coolheaded","Cold Snap","Conserve Battery+1","Conserve Battery+1","Capacitor","FTL","Injury","Stack+1","Creative AI+1","Hologram+1","Fusion+1","Stack+1","BootSequence+1"],"relics":["FrozenCore","NeowsBlessing","Mango","Toxic Egg 2","Potion Belt","Golden Idol","MutagenicStrength"],"potions_floor_usage":[6,6,16,19,24,24],"damage_taken":[{"damage":0,"enemies":"Cultist","floor":1,"turns":1},{"damage":0,"enemies":"Jaw Worm","floor":3,"turns":1},{"damage":0,"enemies":"Small Slimes","floor":5,"turns":1},{"damage":58,"enemies":"Gremlin Nob","floor":6,"turns":5},{"damage":12,"enemies":"3 Louse","floor":8,"turns":4},{"damage":40,"enemies":"Lagavulin","floor":10,"turns":10},{"damage":1,"enemies":"Blue Slaver","floor":14,"turns":5},{"damage":13,"enemies":"The Guardian","floor":16,"turns":20},{"damage":13,"enemies":"Shell Parasite","floor":18,"turns":23},{"damage":9,"enemies":"Chosen","floor":19,"turns":10},{"damage":22,"enemies":"Snake Plant","floor":21,"turns":9},{"damage":8,"enemies":"Snecko","floor":22,"turns":10},{"damage":63,"enemies":"Gremlin Leader","floor":24,"turns":4}],"seed_played":"7537627732747636874","potions_obtained":[{"floor":1,"key":"AttackPotion"},{"floor":3,"key":"Poison Potion"},{"floor":10,"key":"Block Potion"},{"floor":16,"key":"LiquidBronze"},{"floor":18,"key":"Regen Potion"},{"floor":21,"key":"SteroidPotion"}],"is_trial":false,"path_per_floor":["M","$","M","?","M","E","R","M","T","E","?","$","?","M","R","B",null,"M","M","?","M","M","R","E"],"character_chosen":"DEFECT","items_purchased":["Cold Snap","Conserve Battery+1","Capacitor","FTL","Block Potion"],"campfire_rested":2,"item_purchase_floors":[2,12,12,12,12],"current_hp_per_floor":[64,64,64,64,64,27,52,47,47,14,3,3,3,9,34,28,71,65,78,78,63,62,62,0],"gold":184,"neow_bonus":"THREE_ENEMY_KILL","is_prod":false,"is_daily":false,"chose_seed":false,"campfire_upgraded":1,"win_rate":0,"timestamp":1553455345,"path_taken":["M","?","?","?","M","E","R","M","T","E","?","$","?","M","R","BOSS","M","M","?","M","M","R","E"],"build_version":"2019-01-23","purchased_purges":1,"victory":false,"max_hp_per_floor":[71,71,71,71,71,85,85,85,85,85,85,85,85,85,85,85,85,85,85,85,85,85,85,85],"card_choices":[{"not_picked":["Stack","Beam Cell"],"picked":"Skim","floor":1},{"not_picked":["Chaos","BootSequence"],"picked":"Conserve Battery","floor":3},{"not_picked":["Go for the Eyes","Leap"],"picked":"Self Repair","floor":5},{"not_picked":["Multi-Cast","Ball Lightning"],"picked":"Coolheaded","floor":6},{"not_picked":["Go for the Eyes","Streamline"],"picked":"Cold Snap","floor":8},{"not_picked":["Compile Driver","Double Energy+1"],"picked":"Conserve Battery+1","floor":10},{"not_picked":["Leap+1","Gash"],"picked":"Stack+1","floor":14},{"not_picked":["All For One","Meteor Strike"],"picked":"Creative AI","floor":16},{"not_picked":["Lockon","Turbo+1"],"picked":"Hologram+1","floor":18},{"not_picked":["Skim+1","Gash"],"picked":"Fusion+1","floor":19},{"not_picked":["Steam Power+1","Ball Lightning"],"picked":"Stack+1","floor":21},{"not_picked":["Stack+1","Rebound"],"picked":"BootSequence+1","floor":22}],"player_experience":821377,"relics_obtained":[{"floor":6,"key":"Mango"},{"floor":9,"key":"Toxic Egg 2"},{"floor":10,"key":"Potion Belt"}],"event_choices":[{"damage_healed":0,"gold_gain":0,"player_choice":"Ignored","damage_taken":0,"max_hp_gain":0,"max_hp_loss":0,"event_name":"Liars Game","floor":4,"gold_loss":0},{"damage_healed":0,"gold_gain":75,"player_choice":"Gather Gold","damage_taken":11,"max_hp_gain":0,"max_hp_loss":0,"event_name":"World of Goop","floor":11,"gold_loss":0},{"damage_healed":0,"gold_gain":0,"player_choice":"Take Wound","damage_taken":0,"relics_obtained":["Golden Idol"],"max_hp_gain":0,"max_hp_loss":0,"event_name":"Golden Idol","floor":13,"gold_loss":0,"cards_obtained":["Injury"]},{"damage_healed":0,"gold_gain":0,"player_choice":"Inject Mutagens","damage_taken":0,"relics_obtained":["MutagenicStrength"],"max_hp_gain":0,"max_hp_loss":0,"event_name":"Drug Dealer","floor":20,"gold_loss":0}],"is_beta":false,"boss_relics":[{"not_picked":["Tiny House","Lizard Tail"],"picked":"FrozenCore"}],"items_purged_floors":[12],"is_endless":false,"potions_floor_spawned":[1,3,10,16,18,21],"killed_by":"Gremlin Leader","ascension_level":19}