{"gold_per_floor":[114,131,131,144,144,144,69,69,94,127,147,147],"floor_reached":12,"playtime":189,"items_purged":["Strike_R"],"score":156,"play_id":"0d168c14-3561-4ca7-a4da-96e662325572","local_time":"20190309172645","is_ascension_mode":true,"campfire_choices":[{"data":"Armaments","floor":6,"key":"SMITH"},{"data":"Pommel Strike","floor":8,"key":"SMITH"}],"neow_cost":"NONE","seed_source_timestamp":793056717930703,"circlet_count":0,"master_deck":["AscendersBane","Strike_R","Strike_R","Strike_R","Strike_R","Defend_R","Defend_R","Defend_R","Defend_R","Bash+1","Pommel Strike+1","Armaments+1","Shrug It Off"],"relics":["Burning Blood","Pen Nib","Happy Flower"],"potions_floor_usage":[11],"damage_taken":[{"damage":7,"enemies":"Jaw Worm","floor":1,"turns":3},{"damage":2,"enemies":"2 Louse","floor":2,"turns":3},{"damage":10,"enemies":"Small Slimes","floor":4,"turns":3},{"damage":32,"enemies":"Gremlin Nob","floor":10,"turns":4},{"damage":39,"enemies":"Gremlin Gang","floor":11,"turns":5},{"damage":10,"enemies":"3 Sentries","floor":12,"turns":2}],"seed_played":"1708829756247138465","potions_obtained":[{"floor":2,"key":"FearPotion"},{"floor":4,"key":"SteroidPotion"}],"is_trial":false,"path_per_floor":["M","M","?","M","?","R","$","R","T","E","M","E"],"character_chosen":"IRONCLAD","items_purchased":[],"campfire_rested":0,"item_purchase_floors":[],"current_hp_per_floor":[67,71,71,67,67,67,67,67,67,41,8,0],"gold":147,"neow_bonus":"UPGRADE_CARD","is_prod":false,"is_daily":false,"chose_seed":false,"campfire_upgraded":2,"win_rate":0,"timestamp":1552152405,"path_taken":["M","M","?","M","?","R","$","R","T","E","M","E"],"build_version":"2019-01-23","purchased_purges":1,"victory":false,"max_hp_per_floor":[75,75,75,75,75,75,75,75,75,75,75,75],"card_choices":[{"not_picked":["Warcry","Second Wind"],"picked":"Pommel Strike","floor":1},{"not_picked":["Seeing Red","Pommel Strike"],"picked":"Armaments","floor":2},{"not_picked":["Seeing Red","Shockwave"],"picked":"Shrug It Off","floor":4},{"not_picked":["Body Slam","Clash","Cleave"],"picked":"SKIP","floor":10},{"not_picked":["Second Wind","Rupture","Shrug It Off"],"picked":"SKIP","floor":11}],"player_experience":549173,"relics_obtained":[{"floor":9,"key":"Pen Nib"},{"floor":10,"key":"Happy Flower"}],"event_choices":[{"damage_healed":0,"gold_gain":0,"player_choice":"Ignored","damage_taken":0,"max_hp_gain":0,"max_hp_loss":0,"event_name":"Liars Game","floor":3,"gold_loss":0},{"damage_healed":0,"gold_gain":0,"player_choice":"Ignored","damage_taken":0,"max_hp_gain":0,"max_hp_loss":0,"event_name":"Golden Idol","floor":5,"gold_loss":0}],"is_beta":false,"boss_relics":[],"items_purged_floors":[7],"is_endless":false,"potions_floor_spawned":[2,4],"killed_by":"3 Sentries","ascension_level":20}