{"gold_per_floor":[110,127,145,163,177,208,208,208,286,300,318,328,277,294,294,392,392,403,422,332,139,150,164,164,179,204,237,237,237,254,271,271,375,375,385,399,416,434,448,448,448,118,118,118,118,138,138,158,158,158],"floor_reached":50,"playtime":5676,"items_purged":[],"score":551,"play_id":"7a1f0b6b-f255-4eac-be56-c75b6d5d3000","local_time":"20190129191413","is_ascension_mode":false,"campfire_choices":[{"data":"Carnage","floor":7,"key":"SMITH"},{"data":"Anger","floor":15,"key":"SMITH"},{"floor":24,"key":"REST"},{"floor":28,"key":"REST"},{"floor":32,"key":"REST"},{"floor":40,"key":"REST"},{"data":"Armaments","floor":44,"key":"SMITH"},{"floor":49,"key":"REST"}],"neow_cost":"","seed_source_timestamp":26339237257463,"circlet_count":0,"master_deck":["Strike_R","Strike_R","Strike_R","Strike_R","Strike_R","Defend_R","Defend_R","Defend_R","Defend_R","Carnage+1","Iron Wave","Headbutt","Warcry+1","Juggernaut+1","Pommel Strike","Anger+1","Iron Wave","Headbutt","Pommel Strike","Pummel","Feed","Shrug It Off","Shrug It Off","Thinking Ahead","Shrug It Off","Battle Trance","Reaper","Sword Boomerang+1","Juggernaut+1","Clothesline+1","Cleave+1","Armaments+1","Inflame+1","Perfected Strike+1","Warcry+1","Armaments+1","Feel No Pain+1","Writhe","Warcry+1"],"relics":["Burning Blood","Darkstone Periapt","Shuriken","Velvet Choker","Bronze Scales","Mango","Astrolabe","Mercury Hourglass"],"potions_floor_usage":[6,16,16,27,50,50,50],"damage_taken":[{"damage":2,"enemies":"Small Slimes","floor":1,"turns":5},{"damage":16,"enemies":"2 Louse","floor":2,"turns":3},{"damage":0,"enemies":"Cultist","floor":3,"turns":2},{"damage":4,"enemies":"Blue Slaver","floor":4,"turns":3},{"damage":25,"enemies":"Exordium Thugs","floor":5,"turns":7},{"damage":18,"enemies":"Gremlin Nob","floor":6,"turns":5},{"damage":5,"enemies":"Looter","floor":10,"turns":2},{"damage":0,"enemies":"Large Slime","floor":11,"turns":2},{"damage":7,"enemies":"Blue Slaver","floor":12,"turns":3},{"damage":12,"enemies":"Exordium Wildlife","floor":14,"turns":3},{"damage":68,"enemies":"The Guardian","floor":16,"turns":8},{"damage":15,"enemies":"2 Thieves","floor":18,"turns":3},{"damage":14,"enemies":"Spheric Guardian","floor":19,"turns":4},{"damage":25,"enemies":"Centurion and Healer","floor":22,"turns":5},{"damage":26,"enemies":"Chosen and Byrds","floor":23,"turns":5},{"damage":7,"enemies":"3 Cultists","floor":25,"turns":5},{"damage":39,"enemies":"Slavers","floor":27,"turns":7},{"damage":25,"enemies":"Centurion and Healer","floor":30,"turns":4},{"damage":4,"enemies":"Snecko","floor":31,"turns":4},{"damage":66,"enemies":"Champ","floor":33,"turns":11},{"damage":32,"enemies":"3 Darklings","floor":35,"turns":4},{"damage":4,"enemies":"3 Shapes","floor":36,"turns":4},{"damage":24,"enemies":"Spire Growth","floor":37,"turns":5},{"damage":31,"enemies":"Transient","floor":38,"turns":5},{"damage":46,"enemies":"Writhing Mass","floor":39,"turns":6},{"damage":27,"enemies":"Sphere and 2 Shapes","floor":46,"turns":4},{"damage":27,"enemies":"Maw","floor":48,"turns":7},{"damage":116,"enemies":"Awakened One","floor":50,"turns":9}],"seed_played":"-8916734881956961311","potions_obtained":[{"floor":1,"key":"Weak Potion"},{"floor":5,"key":"SmokeBomb"},{"floor":6,"key":"SteroidPotion"},{"floor":10,"key":"BloodPotion"},{"floor":16,"key":"SkillPotion"},{"floor":18,"key":"LiquidBronze"},{"floor":22,"key":"EssenceOfSteel"},{"floor":31,"key":"SmokeBomb"},{"floor":33,"key":"LiquidBronze"},{"floor":35,"key":"SteroidPotion"},{"floor":38,"key":"AttackPotion"}],"is_trial":false,"path_per_floor":["?","?","M","?","?","$","?","M","?"],"character_chosen":"IRONCLAD","items_purchased":["Pommel Strike","Thinking Ahead","Mercury Hourglass","Ancient Potion"],"campfire_rested":5,"item_purchase_floors":[13,21,42,42],"current_hp_per_floor":[80,70,76,78,59,47,47,73,73,74,80,79,79,73,73,19,86,77,72,72,72,56,36,62,64,64,48,80,80,61,66,99,48,115,104,109,91,66,32,69,69,69,69,69,69,48,84,63,101,0],"gold":158,"neow_bonus":"","is_prod":false,"is_daily":false,"chose_seed":false,"campfire_upgraded":3,"win_rate":0.0,"timestamp":1548807253,"path_taken":["M","M","M","M","M","E","R","?","T","M","M","M","$","M","R","BOSS","M","M","?","$","M","M","R","?","T","E","R","?","M","M","R","BOSS","M","M","M","M","M","R","?","?","T","R","?","?","?","M","R","BOSS"],"build_version":"2019-01-23","purchased_purges":0,"victory":false,"max_hp_per_floor":[80,80,80,80,80,80,80,86,86,86,86,86,86,86,86,86,86,86,89,86,86,89,89,89,92,92,109,109,109,109,112,112,115,115,115,118,118,118,124,124,121,121,121,121,121,121,127,127,127,127],"card_choices":[{"not_picked":["Dropkick","Feel No Pain"],"picked":"Carnage","floor":1},{"not_picked":["Clash","Blood for Blood"],"picked":"Iron Wave","floor":2},{"not_picked":["Flex","Clothesline"],"picked":"Headbutt","floor":3},{"not_picked":["Thunderclap","Clash"],"picked":"Warcry","floor":4},{"not_picked":["Thunderclap","Battle Trance"],"picked":"Juggernaut","floor":5},{"not_picked":["Infernal Blade","Sword Boomerang"],"picked":"Pommel Strike","floor":6},{"not_picked":["Clash","Flame Barrier"],"picked":"Anger","floor":10},{"not_picked":["Flex","Ghostly Armor"],"picked":"Iron Wave","floor":11},{"not_picked":["Thunderclap","Pummel"],"picked":"Headbutt","floor":12},{"not_picked":["Cleave","Dark Embrace"],"picked":"Pummel","floor":14},{"not_picked":["Demon Form","Brutality"],"picked":"Feed","floor":16},{"not_picked":["Sword Boomerang","Rampage"],"picked":"Shrug It Off","floor":18},{"not_picked":["Iron Wave","Clothesline+1"],"picked":"Shrug It Off","floor":19},{"not_picked":["Corruption","Bloodletting"],"picked":"Disarm","floor":22},{"not_picked":["Thunderclap","Flex"],"picked":"Disarm","floor":23},{"not_picked":["Body Slam+1","Second Wind"],"picked":"Shrug It Off","floor":25},{"not_picked":["Pommel Strike","Clash"],"picked":"Battle Trance","floor":27},{"not_picked":["Battle Trance","Warcry"],"picked":"Reaper","floor":30},{"not_picked":["Fire Breathing","Clash"],"picked":"Sword Boomerang+1","floor":31},{"not_picked":["Sword Boomerang+1","Twin Strike"],"picked":"Armaments+1","floor":35},{"not_picked":["Body Slam","Flame Barrier+1"],"picked":"Inflame+1","floor":36},{"not_picked":["Shrug It Off+1","True Grit"],"picked":"Perfected Strike+1","floor":37},{"not_picked":["Battle Trance","Sword Boomerang"],"picked":"Warcry+1","floor":38},{"not_picked":["Iron Wave+1","Flame Barrier+1"],"picked":"Armaments","floor":39},{"not_picked":["Rampage","Entrench+1"],"picked":"Feel No Pain+1","floor":46},{"not_picked":["Brutality","Twin Strike+1"],"picked":"Warcry+1","floor":48}],"player_experience":0,"relics_obtained":[{"floor":6,"key":"Darkstone Periapt"},{"floor":9,"key":"Shuriken"},{"floor":26,"key":"Bronze Scales"},{"floor":27,"key":"Mango"}],"event_choices":[{"damage_healed":20,"gold_gain":0,"player_choice":"Healed and dodged fight","damage_taken":0,"max_hp_gain":0,"max_hp_loss":0,"event_name":"Mushrooms","floor":8,"gold_loss":0,"cards_obtained":["Parasite"]},{"cards_removed":["Parasite"],"damage_healed":0,"gold_gain":0,"player_choice":"Upgrade and Remove","damage_taken":0,"max_hp_gain":0,"max_hp_loss":0,"event_name":"Designer","floor":20,"gold_loss":90,"cards_upgraded":["Warcry"]},{"damage_healed":0,"gold_gain":0,"player_choice":"Upgraded","damage_taken":0,"max_hp_gain":0,"max_hp_loss":0,"event_name":"Upgrade Shrine","floor":29,"gold_loss":0,"cards_upgraded":["Juggernaut"]},{"cards_removed":["Parasite"],"damage_healed":0,"gold_gain":0,"player_choice":"Purged","damage_taken":0,"max_hp_gain":0,"max_hp_loss":0,"event_name":"Purifier","floor":41,"gold_loss":0},{"damage_healed":0,"gold_gain":0,"player_choice":"Ignored","damage_taken":0,"max_hp_gain":0,"max_hp_loss":0,"event_name":"SecretPortal","floor":45,"gold_loss":0},{"damage_healed":30,"gold_gain":0,"player_choice":"Writhe","damage_taken":0,"max_hp_gain":0,"max_hp_loss":0,"event_name":"Winding Halls","floor":47,"gold_loss":0,"cards_obtained":["Writhe"]}],"is_beta":false,"boss_relics":[{"not_picked":["Tiny House","Runic Cube"],"picked":"Velvet Choker"},{"not_picked":["Eternal Feather","Black Blood"],"picked":"Astrolabe"}],"items_purged_floors":[],"is_endless":false,"potions_floor_spawned":[1,5,6,10,16,18,22,25,31,33,35,38],"killed_by":"Awakened One","ascension_level":0}