{"gold_per_floor":[117,117,117,117,63,63,28,64,137,158,193,213,83,106,106,106],"floor_reached":16,"playtime":512,"items_purged":[],"score":259,"play_id":"a9218647-038d-4d25-b7c3-c9e3cb4916a1","local_time":"20190317215721","is_ascension_mode":true,"campfire_choices":[{"floor":6,"key":"REST"},{"data":"Whirlwind","floor":15,"key":"SMITH"}],"neow_cost":"NONE","seed_source_timestamp":446796928722414,"circlet_count":0,"master_deck":["AscendersBane","Strike_R","Strike_R","Strike_R","Strike_R","Strike_R","Defend_R","Defend_R","Defend_R","Defend_R","Bash+1","Clothesline","Reaper","Thunderclap","Shockwave","Shrug It Off","Whirlwind+1","Armaments"],"relics":["Burning Blood","NeowsBlessing","Golden Idol","Dodecahedron","Ancient Tea Set","Oddly Smooth Stone"],"potions_floor_usage":[11,16,16],"damage_taken":[{"damage":0,"enemies":"Small Slimes","floor":1,"turns":1},{"damage":0,"enemies":"Gremlin Nob","floor":8,"turns":1},{"damage":0,"enemies":"Jaw Worm","floor":10,"turns":1},{"damage":57,"enemies":"3 Sentries","floor":11,"turns":9},{"damage":6,"enemies":"2 Louse","floor":12,"turns":3},{"damage":33,"enemies":"Large Slime","floor":14,"turns":8},{"damage":31,"enemies":"The Guardian","floor":16,"turns":7}],"seed_played":"1320329870140195120","potions_obtained":[{"floor":8,"key":"Regen Potion"},{"floor":12,"key":"SpeedPotion"},{"floor":14,"key":"Dexterity Potion"}],"is_trial":false,"path_per_floor":["M","?","?","?","$","R","?","E","T","M","E","M","$","M","R","B"],"character_chosen":"IRONCLAD","items_purchased":["Clothesline","Whirlwind","Fire Potion"],"campfire_rested":1,"item_purchase_floors":[5,13,13],"current_hp_per_floor":[74,48,48,22,22,44,62,68,68,74,46,48,48,28,28,0],"gold":106,"neow_bonus":"THREE_ENEMY_KILL","is_prod":false,"is_daily":false,"chose_seed":false,"campfire_upgraded":1,"win_rate":0,"timestamp":1552874241,"path_taken":["M","?","?","?","$","R","?","E","T","M","E","M","$","M","R","BOSS"],"build_version":"2019-01-23","purchased_purges":0,"victory":false,"max_hp_per_floor":[75,75,75,75,75,75,75,75,75,75,75,75,75,75,75,75],"card_choices":[{"not_picked":["Flex","Armaments","Corruption"],"picked":"SKIP","floor":1},{"not_picked":["Perfected Strike","Rage"],"picked":"Reaper","floor":8},{"not_picked":["Armaments","Corruption"],"picked":"Thunderclap","floor":10},{"not_picked":["Evolve","Pommel Strike"],"picked":"Shockwave","floor":11},{"not_picked":["Warcry","Pummel"],"picked":"Shrug It Off","floor":12},{"not_picked":["Sword Boomerang","Perfected Strike"],"picked":"Armaments","floor":14}],"player_experience":578146,"relics_obtained":[{"floor":8,"key":"Ancient Tea Set"},{"floor":11,"key":"Oddly Smooth Stone"}],"event_choices":[{"damage_healed":0,"gold_gain":0,"player_choice":"Take Damage","damage_taken":26,"relics_obtained":["Golden Idol"],"max_hp_gain":0,"max_hp_loss":0,"event_name":"Golden Idol","floor":2,"gold_loss":0},{"damage_healed":0,"gold_gain":0,"player_choice":"Grow","damage_taken":0,"max_hp_gain":0,"max_hp_loss":0,"event_name":"Living Wall","floor":3,"gold_loss":0,"cards_upgraded":["Bash"]},{"damage_healed":0,"gold_gain":0,"player_choice":"Success","damage_taken":26,"relics_obtained":["Dodecahedron"],"max_hp_gain":0,"max_hp_loss":0,"event_name":"Scrap Ooze","floor":4,"gold_loss":0},{"damage_healed":18,"gold_gain":0,"player_choice":"Healed","damage_taken":0,"max_hp_gain":0,"max_hp_loss":0,"event_name":"The Cleric","floor":7,"gold_loss":35}],"is_beta":false,"boss_relics":[],"items_purged_floors":[],"is_endless":false,"potions_floor_spawned":[8,12,14],"killed_by":"The Guardian","ascension_level":19}