{"gold_per_floor":[115,115,76,91,10,10,40,40,40,59,87,107,117,42,42,113,113,124,36,56,71,71,71,103,103,103,114,132,132,152,183,183,257,257,276,289,289,307,320,320,152,152,179,179,179,179,100,110,110,110],"floor_reached":51,"playtime":1410,"items_purged":["Strike_R"],"score":1352,"play_id":"3eb34c91-7e96-46ab-941e-b0652d637deb","local_time":"20190323235408","is_ascension_mode":true,"campfire_choices":[{"data":"Inflame","floor":6.0,"key":"SMITH"},{"data":"Inflame","floor":8.0,"key":"SMITH"},{"floor":15.0,"key":"REST"},{"floor":23.0,"key":"REST"},{"data":"Bash","floor":25.0,"key":"SMITH"},{"data":"Carnage","floor":29.0,"key":"SMITH"},{"floor":32.0,"key":"REST"},{"floor":40.0,"key":"REST"},{"data":"Ghostly Armor","floor":44.0,"key":"SMITH"},{"floor":46.0,"key":"REST"},{"floor":49.0,"key":"REST"}],"neow_cost":"NONE","seed_source_timestamp":303612633526755,"circlet_count":0,"master_deck":["AscendersBane","Strike_R","Strike_R+1","Strike_R","Strike_R+1","Defend_R","Defend_R","Defend_R","Bash+1","Inflame+1","Inflame+1","Twin Strike+1","Pommel Strike+1","Pummel+1","Fiend Fire+1","Ghostly Armor+1","Whirlwind+1","Pummel+1","Pommel Strike+1","Pummel+1","Twin Strike+1","Demon Form"],"special_seed":0,"relics":["Burning Blood","Whetstone","Bronze Scales","Molten Egg 2","Blue Candle","Singing Bowl","Busted Crown","Vajra","Ornamental Fan","Darkstone Periapt","Snecko Eye","Bag of Marbles","Orichalcum"],"potions_floor_usage":[50],"damage_taken":[{"damage":4.0,"enemies":"Jaw Worm","floor":1.0,"turns":3.0},{"damage":1.0,"enemies":"Cultist","floor":4.0,"turns":3.0},{"damage":32.0,"enemies":"Gremlin Nob","floor":7.0,"turns":4.0},{"damage":4.0,"enemies":"Small Slimes","floor":10.0,"turns":3.0},{"damage":38.0,"enemies":"3 Sentries","floor":11.0,"turns":6.0},{"damage":13.0,"enemies":"Red Slaver","floor":12.0,"turns":3.0},{"damage":8.0,"enemies":"Blue Slaver","floor":13.0,"turns":3.0},{"damage":50.0,"enemies":"Slime Boss","floor":16.0,"turns":9.0},{"damage":6.0,"enemies":"Spheric Guardian","floor":18.0,"turns":3.0},{"damage":11.0,"enemies":"2 Thieves","floor":20.0,"turns":2.0},{"damage":20.0,"enemies":"Chosen and Byrds","floor":21.0,"turns":4.0},{"damage":47.0,"enemies":"Slavers","floor":24.0,"turns":4.0},{"damage":0.0,"enemies":"Cultist and Chosen","floor":27.0,"turns":3.0},{"damage":8.0,"enemies":"3 Cultists","floor":28.0,"turns":4.0},{"damage":0.0,"enemies":"Centurion and Healer","floor":30.0,"turns":3.0},{"damage":0.0,"enemies":"Gremlin Leader","floor":31.0,"turns":5.0},{"damage":54.0,"enemies":"Champ","floor":33.0,"turns":10.0},{"damage":11.0,"enemies":"Orb Walker","floor":35.0,"turns":2.0},{"damage":7.0,"enemies":"3 Darklings","floor":36.0,"turns":3.0},{"damage":0.0,"enemies":"Jaw Worm Horde","floor":38.0,"turns":2.0},{"damage":62.0,"enemies":"Sphere and 2 Shapes","floor":39.0,"turns":4.0},{"damage":31.0,"enemies":"Writhing Mass","floor":48.0,"turns":4.0},{"damage":49,"enemies":"Awakened One","floor":50,"turns":5}],"seed_played":"-2950610400348004724","potions_obtained":[{"floor":1.0,"key":"Explosive Potion"},{"floor":7.0,"key":"Energy Potion"},{"floor":13.0,"key":"Regen Potion"},{"floor":16.0,"key":"Dexterity Potion"},{"floor":20.0,"key":"Ancient Potion"},{"floor":31.0,"key":"SkillPotion"},{"floor":36.0,"key":"Poison Potion"},{"floor":39.0,"key":"Swift Potion"}],"is_trial":false,"path_per_floor":["M","?","$","M","$","R","E","R","T","M","E","M","M","$","R","B",null,"M","$","M","M","?","R","E","R","T","M","M","R","M","E","R","B",null,"M","M","?","M","M","R","$","?","T","R","?","R","$","M","R","B",null],"character_chosen":"IRONCLAD","items_purchased":["Inflame","Inflame","Whirlwind+1","Bag of Marbles","Demon Form"],"campfire_rested":6,"item_purchase_floors":[3,5,19,41,47],"current_hp_per_floor":[70,70,70,75,75,75,49,49,49,51,21,14,14,14,37,8,61,61,61,58,46,46,70,31,31,31,39,37,37,45,53,80,34,78,75,74,95,97,43,72,72,72,72,72,72,99,99,76,101,58],"gold":110,"neow_bonus":"RANDOM_COMMON_RELIC","is_prod":false,"is_daily":false,"chose_seed":false,"campfire_upgraded":5,"win_rate":0,"timestamp":1553381648,"path_taken":["M","?","$","?","$","R","E","R","T","M","E","M","M","?","R","BOSS","M","$","M","M","?","R","E","R","T","M","?","R","M","E","R","BOSS","M","M","?","M","M","R","?","?","T","R","?","R","$","M","R","BOSS"],"build_version":"2019-01-23","purchased_purges":1,"victory":true,"max_hp_per_floor":[75,75,75,75,75,75,75,75,75,75,77,77,79,79,79,79,79,79,79,81,83,83,83,85,85,85,87,87,87,89,91,91,93,93,95,95,95,97,99,99,99,99,99,99,99,99,99,101,101,101],"card_choices":[{"not_picked":["Blood for Blood","Pommel Strike"],"picked":"Carnage","floor":1.0},{"not_picked":["Dropkick","Intimidate","Combust"],"picked":"SKIP","floor":4.0},{"not_picked":["Sword Boomerang","Anger"],"picked":"Twin Strike","floor":7.0},{"not_picked":["Hemokinesis+1","Clothesline+1"],"picked":"Pommel Strike+1","floor":10.0},{"not_picked":["Berserk","Headbutt+1","Anger+1"],"picked":"Singing Bowl","floor":11.0},{"not_picked":["Flex","Thunderclap+1"],"picked":"Pummel+1","floor":12.0},{"not_picked":["Heavy Blade+1","Dropkick+1","Burning Pact"],"picked":"Singing Bowl","floor":13.0},{"not_picked":["Dark Embrace","Barricade"],"picked":"Fiend Fire+1","floor":16.0},{"not_picked":[],"picked":"Ghostly Armor","floor":18.0},{"not_picked":["Entrench+1"],"picked":"Singing Bowl","floor":20.0},{"not_picked":["Flex"],"picked":"Singing Bowl","floor":21.0},{"not_picked":["Clash+1"],"picked":"Singing Bowl","floor":24.0},{"not_picked":["Feel No Pain"],"picked":"Singing Bowl","floor":27.0},{"not_picked":[],"picked":"Pummel+1","floor":28.0},{"not_picked":["Thunderclap+1"],"picked":"Singing Bowl","floor":30.0},{"not_picked":["Armaments"],"picked":"Singing Bowl","floor":31.0},{"not_picked":["Berserk"],"picked":"Singing Bowl","floor":33.0},{"not_picked":["Sword Boomerang+1"],"picked":"Singing Bowl","floor":35.0},{"not_picked":[],"picked":"Twin Strike+1","floor":36.0},{"not_picked":["True Grit"],"picked":"Singing Bowl","floor":38.0},{"not_picked":["Havoc"],"picked":"Singing Bowl","floor":39.0},{"not_picked":["Sword Boomerang+1"],"picked":"Singing Bowl","floor":48.0}],"player_experience":1096180,"relics_obtained":[{"floor":7.0,"key":"Molten Egg 2"},{"floor":9.0,"key":"Blue Candle"},{"floor":11.0,"key":"Singing Bowl"},{"floor":24.0,"key":"Vajra"},{"floor":26.0,"key":"Ornamental Fan"},{"floor":31.0,"key":"Darkstone Periapt"},{"floor":43.0,"key":"Orichalcum"}],"event_choices":[{"damage_healed":0.0,"max_hp_gain":0.0,"max_hp_loss":0.0,"gold_gain":0.0,"event_name":"WeMeetAgain","player_choice":"Gave Potion","floor":2.0,"gold_loss":0.0,"damage_taken":0.0,"relics_obtained":["Bronze Scales"]},{"damage_healed":0.0,"max_hp_gain":0.0,"max_hp_loss":0.0,"gold_gain":0.0,"event_name":"Match and Keep!","player_choice":"2 cards matched","floor":22.0,"gold_loss":0.0,"damage_taken":0.0,"cards_obtained":["Pummel","Pommel Strike"]},{"cards_removed":["Carnage"],"damage_healed":21.0,"max_hp_gain":0.0,"max_hp_loss":0.0,"gold_gain":0.0,"event_name":"Bonfire Elementals","player_choice":"Offered Uncommon","floor":37.0,"gold_loss":0.0,"damage_taken":0.0},{"cards_removed":["Defend_R"],"damage_healed":0.0,"max_hp_gain":0.0,"max_hp_loss":0.0,"gold_gain":0.0,"event_name":"Falling","player_choice":"Removed Skill","floor":42.0,"gold_loss":0.0,"damage_taken":0.0},{"damage_healed":0.0,"max_hp_gain":0.0,"max_hp_loss":0.0,"gold_gain":0.0,"event_name":"Tomb of Lord Red Mask","player_choice":"Ignored","floor":45.0,"gold_loss":0.0,"damage_taken":0.0}],"is_beta":false,"boss_relics":[{"not_picked":["Runic Dome","Black Star"],"picked":"Busted Crown"},{"not_picked":["Empty Cage","Runic Pyramid"],"picked":"Snecko Eye"}],"items_purged_floors":[14],"is_endless":false,"potions_floor_spawned":[1,7,13,16,20,31,36,39],"ascension_level":18}