{"gold_per_floor":[110,110,110,71,87,87,122,122,175,190,224,236,124,202,202,281,281,281,281,281,78,78,78,78,78,78,78,78,78,78],"floor_reached":30,"playtime":668,"items_purged":["Strike_G","Strike_G"],"score":629,"play_id":"c8320a81-8b7d-4f31-8b7b-f582c7433a32","local_time":"20190109212502","is_ascension_mode":true,"campfire_choices":[{"data":"Caltrops","floor":6.0,"key":"SMITH"},{"data":"Well Laid Plans","floor":8.0,"key":"SMITH"},{"floor":15.0,"key":"REST"},{"floor":24.0,"key":"REST"},{"data":"Catalyst","floor":27,"key":"SMITH"}],"neow_cost":"NONE","seed_source_timestamp":6472557117440,"circlet_count":0,"master_deck":["AscendersBane","Defend_G","Defend_G","Defend_G","Defend_G","Defend_G","Strike_G","Strike_G","Survivor","Neutralize","Crippling Poison","Well Laid Plans+1","Caltrops+1","Bouncing Flask","Flying Knee","PiercingWail","Catalyst+1","Noxious Fumes+1","Noxious Fumes+1","Corpse Explosion","PiercingWail+1","Dramatic Entrance+1","Writhe","Cloak And Dagger","Neutralize+1","Catalyst","Backflip"],"special_seed":0,"relics":["Ring of the Snake","NeowsBlessing","Du-Vu Doll","Frozen Egg 2","Art of War","Snake Skull","Molten Egg 2","Ectoplasm","Pen Nib","Pocketwatch","Paper Crane"],"potions_floor_usage":[29],"damage_taken":[{"damage":0.0,"enemies":"Cultist","floor":1.0,"turns":1.0},{"damage":0.0,"enemies":"2 Louse","floor":5.0,"turns":1.0},{"damage":0.0,"enemies":"Gremlin Nob","floor":7.0,"turns":1.0},{"damage":1.0,"enemies":"Jaw Worm","floor":10.0,"turns":4.0},{"damage":16.0,"enemies":"3 Sentries","floor":11.0,"turns":7.0},{"damage":9.0,"enemies":"3 Louse","floor":12.0,"turns":2.0},{"damage":19.0,"enemies":"Slime Boss","floor":16.0,"turns":6.0},{"damage":7.0,"enemies":"Chosen","floor":18.0,"turns":5.0},{"damage":15.0,"enemies":"Shell Parasite","floor":20.0,"turns":4.0},{"damage":0.0,"enemies":"Gremlin Leader","floor":23.0,"turns":5.0},{"damage":26,"enemies":"Cultist and Chosen","floor":28,"turns":3},{"damage":0,"enemies":"Snake Plant","floor":29,"turns":1},{"damage":12,"enemies":"Centurion and Healer","floor":30,"turns":1}],"seed_played":"-73952314380077951","potions_obtained":[{"floor":5.0,"key":"SteroidPotion"},{"floor":7.0,"key":"Strength Potion"},{"floor":16.0,"key":"AttackPotion"},{"floor":28,"key":"AttackPotion"},{"floor":29,"key":"Poison Potion"}],"is_trial":false,"path_per_floor":["M","?","?","$","M","R","E","R","T","M","E","M","$","T","R","B",null,"M","?","M","$","?","E","R","?","T","R","M","M","M"],"character_chosen":"THE_SILENT","items_purchased":["Caltrops","Noxious Fumes+1","Dramatic Entrance+1"],"campfire_rested":2,"item_purchase_floors":[4,13,21],"current_hp_per_floor":[59,54,54,54,54,54,54,54,54,53,37,28,28,28,47,28,57,50,32,17,17,17,17,38,38,38,38,12,12,0],"gold":78,"neow_bonus":"THREE_ENEMY_KILL","is_prod":false,"is_daily":false,"chose_seed":false,"campfire_upgraded":3,"win_rate":0,"timestamp":1547065502,"path_taken":["M","?","?","$","M","R","E","R","T","M","E","?","$","?","R","BOSS","M","?","M","$","?","E","R","?","T","R","?","M","M"],"build_version":"2019-01-03v4","purchased_purges":2,"victory":false,"max_hp_per_floor":[66,66,66,66,66,66,66,66,66,66,66,66,66,66,66,66,66,66,71,71,71,71,71,71,71,71,71,71,71,71],"card_choices":[{"not_picked":["Underhanded Strike","Dagger Spray"],"picked":"Crippling Poison","floor":1.0},{"not_picked":["Bane","Backflip"],"picked":"Bouncing Flask","floor":5.0},{"not_picked":["Eviscerate","Deadly Poison"],"picked":"Flying Knee","floor":7.0},{"not_picked":["Poisoned Stab","Bouncing Flask"],"picked":"PiercingWail","floor":10.0},{"not_picked":["Flying Knee","Outmaneuver"],"picked":"Catalyst","floor":11.0},{"not_picked":["Backflip","Blur"],"picked":"Noxious Fumes+1","floor":12.0},{"not_picked":["Wraith Form v2+1","Phantasmal Killer"],"picked":"Corpse Explosion","floor":16.0},{"not_picked":["Underhanded Strike+1","Poisoned Stab+1"],"picked":"PiercingWail+1","floor":18.0},{"not_picked":["Outmaneuver","Skewer+1","Underhanded Strike+1"],"picked":"SKIP","floor":20.0},{"not_picked":["Slice+1","Flying Knee+1","Quick Slash+1"],"picked":"SKIP","floor":23.0},{"not_picked":["Sucker Punch+1","Setup"],"picked":"Catalyst","floor":28},{"not_picked":["Skewer+1","Doppelganger"],"picked":"Backflip","floor":29}],"player_experience":497816,"relics_obtained":[{"floor":7.0,"key":"Frozen Egg 2"},{"floor":9.0,"key":"Art of War"},{"floor":11.0,"key":"Snake Skull"},{"floor":14.0,"key":"Molten Egg 2"},{"floor":23.0,"key":"Pocketwatch"},{"floor":26,"key":"Paper Crane"}],"event_choices":[{"damage_healed":0.0,"max_hp_gain":0.0,"max_hp_loss":0.0,"gold_gain":0.0,"event_name":"Scrap Ooze","player_choice":"Success","floor":2.0,"gold_loss":0.0,"damage_taken":5.0,"relics_obtained":["Du-Vu Doll"]},{"damage_healed":0.0,"max_hp_gain":0.0,"max_hp_loss":0.0,"gold_gain":0.0,"cards_transformed":["Strike_G"],"event_name":"Transmorgrifier","player_choice":"Transformed","floor":3.0,"gold_loss":0.0,"damage_taken":0.0,"cards_obtained":["Well Laid Plans"]},{"damage_healed":0.0,"max_hp_gain":5.0,"max_hp_loss":0.0,"gold_gain":0.0,"event_name":"Forgotten Altar","player_choice":"Shed Blood","floor":19.0,"gold_loss":0.0,"damage_taken":23.0},{"damage_healed":0.0,"max_hp_gain":0.0,"max_hp_loss":0.0,"gold_gain":0.0,"event_name":"The Mausoleum","player_choice":"Opened","floor":22.0,"gold_loss":0.0,"damage_taken":0.0,"relics_obtained":["Pen Nib"],"cards_obtained":["Writhe"]},{"damage_healed":0,"gold_gain":0,"player_choice":"2 cards matched","damage_taken":0,"max_hp_gain":0,"max_hp_loss":0,"event_name":"Match and Keep!","floor":25,"gold_loss":0,"cards_obtained":["Cloak And Dagger","Neutralize"]}],"is_beta":false,"boss_relics":[{"not_picked":["Lizard Tail","Busted Crown"],"picked":"Ectoplasm"}],"items_purged_floors":[13,21],"is_endless":false,"potions_floor_spawned":[5,7,16,28,29],"killed_by":"Centurion and Healer","ascension_level":18}