{"gold_per_floor":[111,125,105,17,27,27,52,17,71,71,87,87,105,116,116,194,194,212,262,262,262,35,35,55,55,55,55,55,0,0,14,14,89,89,100,100,100,100,119,119,119,149,172,172,97,97,130,147,147,147],"floor_reached":50,"playtime":1409,"items_purged":["Zap"],"score":1008,"play_id":"dccbecee-00da-4212-a478-0a7347259995","local_time":"20190222174735","is_ascension_mode":true,"campfire_choices":[{"data":"Sunder","floor":6.0,"key":"SMITH"},{"floor":12.0,"key":"REST"},{"floor":15.0,"key":"REST"},{"data":"Defragment","floor":23.0,"key":"SMITH"},{"floor":28.0,"key":"REST"},{"floor":32.0,"key":"REST"},{"floor":40.0,"key":"REST"},{"floor":46.0,"key":"REST"},{"floor":49.0,"key":"REST"}],"neow_cost":"PERCENT_DAMAGE","seed_source_timestamp":60589121611593,"circlet_count":0,"master_deck":["AscendersBane","Dualcast","Meteor Strike","Sunder+1","Ball Lightning","Reinforced Body","Ball Lightning","Cold Snap","Defragment+1","Seek","Compile Driver","Defragment","Hello World","Seek","Creative AI","Core Surge","Skim","Rebound","Turbo","Conserve Battery","Electrodynamics","Writhe","Turbo+1","Capacitor+1"],"special_seed":0,"relics":["Cracked Core","Boot","Juzu Bracelet","Pandora\u0027s Box","MutagenicStrength","Happy Flower","DataDisk","Ginger","Nuclear Battery","Singing Bowl","Bag of Preparation","Orichalcum"],"potions_floor_usage":[50],"damage_taken":[{"damage":11.0,"enemies":"Cultist","floor":1.0,"turns":4.0},{"damage":0.0,"enemies":"2 Louse","floor":2.0,"turns":1.0},{"damage":0.0,"enemies":"Small Slimes","floor":5.0,"turns":3.0},{"damage":11.0,"enemies":"Lagavulin","floor":7.0,"turns":5.0},{"damage":0.0,"enemies":"Gremlin Nob","floor":10.0,"turns":1.0},{"damage":30.0,"enemies":"Exordium Thugs","floor":11.0,"turns":4.0},{"damage":0.0,"enemies":"2 Fungi Beasts","floor":13.0,"turns":4.0},{"damage":0.0,"enemies":"Looter","floor":14.0,"turns":2.0},{"damage":4.0,"enemies":"Slime Boss","floor":16.0,"turns":8.0},{"damage":22.0,"enemies":"Shell Parasite","floor":18.0,"turns":5.0},{"damage":18.0,"enemies":"3 Byrds","floor":24.0,"turns":4.0},{"damage":0.0,"enemies":"Sentry and Sphere","floor":31.0,"turns":4.0},{"damage":14.0,"enemies":"Champ","floor":33.0,"turns":15.0},{"damage":28.0,"enemies":"3 Darklings","floor":35.0,"turns":4.0},{"damage":10.0,"enemies":"Orb Walker","floor":39.0,"turns":2.0},{"damage":22.0,"enemies":"Nemesis","floor":42.0,"turns":7.0},{"damage":2.0,"enemies":"Reptomancer","floor":47.0,"turns":6.0},{"damage":6.0,"enemies":"Spire Growth","floor":48.0,"turns":4.0},{"damage":74,"enemies":"Time Eater","floor":50,"turns":11}],"seed_played":"4397693074233510050","potions_obtained":[{"floor":1.0,"key":"Weak Potion"},{"floor":3.0,"key":"SmokeBomb"},{"floor":7.0,"key":"Dexterity Potion"},{"floor":13.0,"key":"SkillPotion"},{"floor":18.0,"key":"Weak Potion"},{"floor":39.0,"key":"PowerPotion"},{"floor":44.0,"key":"SkillPotion"},{"floor":47.0,"key":"Energy Potion"}],"is_trial":false,"path_per_floor":["M","M","?","$","M","R","E","?","T","E","M","R","M","M","R","B",null,"M","?","$","?","$","R","M","?","T","?","R","?","$","M","R","B",null,"M","?","?","?","M","R","?","E","T","?","$","R","E","M","R","B"],"character_chosen":"DEFECT","items_purchased":["Reinforced Body","Turbo","Happy Flower"],"campfire_rested":7,"item_purchase_floors":[4,22,22],"current_hp_per_floor":[35,35,35,35,35,35,24,41,41,41,11,32,32,32,53,49,66,44,44,44,44,44,44,26,26,26,26,47,47,47,47,68,54,67,39,39,39,39,29,50,50,28,28,28,28,49,49,45,67,0],"gold":147,"neow_bonus":"THREE_RARE_CARDS","is_prod":false,"is_daily":false,"chose_seed":false,"campfire_upgraded":2,"win_rate":0,"timestamp":1550857655,"path_taken":["M","M","?","$","?","R","E","?","T","E","M","R","M","M","R","BOSS","M","?","$","?","$","R","M","?","T","?","R","?","?","M","R","BOSS","M","?","?","?","M","R","?","E","T","?","$","R","E","M","R","BOSS"],"build_version":"2019-01-23","purchased_purges":1,"victory":false,"max_hp_per_floor":[71,71,71,71,71,71,71,71,71,71,71,71,71,71,71,71,71,71,71,71,71,71,71,71,71,71,71,71,71,71,71,71,71,71,71,71,71,71,71,71,71,71,71,71,71,71,73,75,75,75],"card_choices":[{"not_picked":["Thunder Strike","Amplify"],"picked":"Meteor Strike","floor":0.0},{"not_picked":["Turbo","Barrage"],"picked":"Sunder","floor":1.0},{"not_picked":["Streamline","Turbo"],"picked":"Ball Lightning","floor":2.0},{"not_picked":["Coolheaded","Skim"],"picked":"Ball Lightning","floor":5.0},{"not_picked":["Streamline","Compile Driver"],"picked":"Leap","floor":7.0},{"not_picked":["Barrage","Leap"],"picked":"Cold Snap","floor":11.0},{"not_picked":["Barrage","BootSequence"],"picked":"Defragment","floor":13.0},{"not_picked":["Chaos","Heatsinks","Darkness"],"picked":"SKIP","floor":14.0},{"not_picked":["Thunder Strike","Hyperbeam"],"picked":"Seek","floor":16.0},{"not_picked":["Compile Driver","Redo","Rebound"],"picked":"SKIP","floor":18.0},{"not_picked":["Gash","FTL"],"picked":"Conserve Battery","floor":24.0},{"not_picked":["Scrape","Hologram","Ball Lightning"],"picked":"SKIP","floor":31.0},{"not_picked":["Lockon","Stack+1"],"picked":"Turbo+1","floor":35.0},{"not_picked":["Streamline","Rebound","Reinforced Body+1"],"picked":"SKIP","floor":39.0},{"not_picked":["Streamline","Stack"],"picked":"Capacitor+1","floor":42.0},{"not_picked":["Aggregate","BootSequence+1","Static Discharge"],"picked":"Singing Bowl","floor":47.0},{"not_picked":["Doom and Gloom","Stack","Sweeping Beam"],"picked":"Singing Bowl","floor":48.0}],"player_experience":538178,"relics_obtained":[{"floor":7.0,"key":"Boot"},{"floor":9.0,"key":"Juzu Bracelet"},{"floor":26.0,"key":"DataDisk"},{"floor":42.0,"key":"Singing Bowl"},{"floor":43.0,"key":"Bag of Preparation"},{"floor":47.0,"key":"Orichalcum"}],"event_choices":[{"damage_healed":0.0,"max_hp_gain":0.0,"max_hp_loss":0.0,"gold_gain":0.0,"event_name":"The Woman in Blue","player_choice":"Bought 1 Potion","floor":3.0,"gold_loss":0.0,"damage_taken":0.0},{"damage_healed":17.0,"max_hp_gain":0.0,"max_hp_loss":0.0,"gold_gain":0.0,"event_name":"The Cleric","player_choice":"Healed","floor":8.0,"gold_loss":35.0,"damage_taken":0.0},{"damage_healed":0.0,"max_hp_gain":0.0,"max_hp_loss":0.0,"gold_gain":50.0,"event_name":"Nest","player_choice":"Stole From Cult","floor":19.0,"gold_loss":0.0,"damage_taken":0.0},{"damage_healed":0.0,"max_hp_gain":0.0,"max_hp_loss":0.0,"gold_gain":0.0,"event_name":"Drug Dealer","player_choice":"Inject Mutagens","floor":21.0,"gold_loss":0.0,"damage_taken":0.0,"relics_obtained":["MutagenicStrength"]},{"damage_healed":0.0,"max_hp_gain":0.0,"max_hp_loss":0.0,"gold_gain":0.0,"event_name":"The Library","player_choice":"Read","floor":25.0,"gold_loss":0.0,"damage_taken":0.0,"cards_obtained":["Electrodynamics"]},{"damage_healed":0.0,"max_hp_gain":0.0,"max_hp_loss":0.0,"gold_gain":0.0,"event_name":"The Mausoleum","player_choice":"Opened","floor":27.0,"gold_loss":0.0,"damage_taken":0.0,"relics_obtained":["Ginger"],"cards_obtained":["Writhe"]},{"damage_healed":0.0,"max_hp_gain":0.0,"max_hp_loss":0.0,"gold_gain":0.0,"event_name":"Masked Bandits","player_choice":"Paid Fearfully","floor":29.0,"gold_loss":55.0,"damage_taken":0.0},{"damage_healed":0.0,"max_hp_gain":0.0,"max_hp_loss":0.0,"gold_gain":0.0,"event_name":"Mysterious Sphere","player_choice":"Ignored","floor":36.0,"gold_loss":0.0,"damage_taken":0.0},{"cards_removed":["Leap"],"damage_healed":0.0,"max_hp_gain":0.0,"max_hp_loss":0.0,"gold_gain":0.0,"event_name":"Falling","player_choice":"Removed Skill","floor":37.0,"gold_loss":0.0,"damage_taken":0.0},{"damage_healed":0.0,"max_hp_gain":0.0,"max_hp_loss":0.0,"gold_gain":0.0,"event_name":"SensoryStone","player_choice":"Memory 1","floor":38.0,"gold_loss":0.0,"damage_taken":0.0},{"damage_healed":0.0,"max_hp_gain":0.0,"max_hp_loss":0.0,"gold_gain":0.0,"event_name":"SecretPortal","player_choice":"Ignored","floor":41.0,"gold_loss":0.0,"damage_taken":0.0},{"damage_healed":0.0,"max_hp_gain":0.0,"max_hp_loss":0.0,"gold_gain":0.0,"event_name":"Lab","player_choice":"Got Potions","floor":44.0,"gold_loss":0.0,"damage_taken":0.0}],"is_beta":false,"boss_relics":[{"not_picked":["Black Star","Eternal Feather"],"picked":"Pandora\u0027s Box"},{"not_picked":["Busted Crown","White Beast Statue"],"picked":"Nuclear Battery"}],"items_purged_floors":[45],"is_endless":false,"potions_floor_spawned":[1,7,10,13,18,39,47],"killed_by":"Time Eater","ascension_level":20}