{"gold_per_floor":[118,43,43,56,131,131,166,181,181,194,194,194],"floor_reached":12,"playtime":425,"items_purged":[],"score":152,"play_id":"eadc21e8-acb6-49ec-a561-61b51941eedc","local_time":"20190120151612","is_ascension_mode":true,"campfire_choices":[{"data":"Die Die Die","floor":6.0,"key":"SMITH"}],"neow_cost":"TEN_PERCENT_HP_LOSS","seed_source_timestamp":103048966469973,"circlet_count":0,"master_deck":["AscendersBane","Defend_G","Defend_G","Defend_G","Defend_G","Defend_G","Strike_G","Strike_G","Strike_G","Strike_G","Survivor","Neutralize","Die Die Die+1","Quick Slash","Night Terror","Noxious Fumes+1","Cloak And Dagger"],"special_seed":0,"relics":["Ring of the Snake","Question Card","Centennial Puzzle"],"potions_floor_usage":[12],"damage_taken":[{"damage":3.0,"enemies":"Jaw Worm","floor":1.0,"turns":6.0},{"damage":0.0,"enemies":"2 Louse","floor":4.0,"turns":2.0},{"damage":31.0,"enemies":"3 Sentries","floor":7.0,"turns":11.0},{"damage":0.0,"enemies":"Small Slimes","floor":8.0,"turns":1.0},{"damage":6.0,"enemies":"Exordium Thugs","floor":10.0,"turns":5.0},{"damage":14,"enemies":"Red Slaver","floor":12,"turns":3}],"seed_played":"934030479579120772","potions_obtained":[{"floor":1.0,"key":"SneckoOil"}],"is_trial":false,"path_per_floor":["M","?","?","M","?","R","E","M","T","M","?","M"],"character_chosen":"THE_SILENT","items_purchased":[],"campfire_rested":0,"item_purchase_floors":[],"current_hp_per_floor":[56,56,56,56,45,45,14,14,14,8,8,0],"gold":194,"neow_bonus":"THREE_RARE_CARDS","is_prod":false,"is_daily":false,"chose_seed":false,"campfire_upgraded":1,"win_rate":0,"timestamp":1547997372,"path_taken":["M","?","?","M","?","R","E","M","T","M","?","M"],"build_version":"2019-01-17v2","purchased_purges":0,"victory":false,"max_hp_per_floor":[60,60,60,60,60,60,60,60,60,60,60,60],"card_choices":[{"not_picked":["Tools of the Trade","Phantasmal Killer"],"picked":"Die Die Die","floor":0.0},{"not_picked":["Tactician","Choke","Bane"],"picked":"SKIP","floor":1.0},{"not_picked":["PiercingWail","Expertise"],"picked":"Quick Slash","floor":4.0},{"not_picked":["Slice","Sucker Punch"],"picked":"Night Terror","floor":7.0},{"not_picked":["Underhanded Strike","Flying Knee","Blade Dance"],"picked":"Noxious Fumes","floor":8.0},{"not_picked":["Finisher","Calculated Gamble","Prepared"],"picked":"Cloak And Dagger","floor":10.0}],"player_experience":509984,"relics_obtained":[{"floor":7.0,"key":"Question Card"},{"floor":9.0,"key":"Centennial Puzzle"}],"event_choices":[{"cards_removed":["Strike_G"],"damage_healed":0.0,"max_hp_gain":0.0,"max_hp_loss":0.0,"gold_gain":0.0,"event_name":"The Cleric","player_choice":"Card Removal","floor":2.0,"gold_loss":75.0,"damage_taken":0.0},{"damage_healed":0.0,"max_hp_gain":0.0,"max_hp_loss":0.0,"gold_gain":0.0,"event_name":"Liars Game","player_choice":"Ignored","floor":3.0,"gold_loss":0.0,"damage_taken":0.0},{"damage_healed":0.0,"max_hp_gain":0.0,"max_hp_loss":0.0,"gold_gain":75.0,"event_name":"World of Goop","player_choice":"Gather Gold","floor":5.0,"gold_loss":0.0,"damage_taken":11.0},{"damage_healed":0.0,"max_hp_gain":0.0,"max_hp_loss":0.0,"gold_gain":0.0,"event_name":"Living Wall","player_choice":"Grow","floor":11.0,"gold_loss":0.0,"damage_taken":0.0,"cards_upgraded":["Noxious Fumes"]}],"is_beta":false,"boss_relics":[],"items_purged_floors":[],"is_endless":false,"potions_floor_spawned":[1],"killed_by":"Red Slaver","ascension_level":19}