{"gold_per_floor":[116,116,132,97,40,69,69,104,104,104,124,149,149,204,204,280,280,297,130,140,65,79,110,110],"floor_reached":24,"playtime":1218,"items_purged":["Strike_B"],"score":429,"play_id":"5096a54d-1978-417b-b32e-e1a4f5727d65","local_time":"20190305100519","is_ascension_mode":true,"campfire_choices":[{"data":"Zap","floor":7,"key":"SMITH"},{"floor":10,"key":"REST"},{"data":"Dualcast","floor":13,"key":"SMITH"},{"data":"Go for the Eyes","floor":15,"key":"SMITH"}],"neow_cost":"NONE","seed_source_timestamp":286893598588601,"circlet_count":0,"master_deck":["AscendersBane","Strike_B","Defend_B","Defend_B","Defend_B","Defend_B","Zap+1","Dualcast+1","Reboot","Conserve Battery","Sweeping Beam","Cold Snap","Rainbow","Go for the Eyes+1","Multi-Cast","Go for the Eyes","Trip","Hologram","Doom and Gloom+1","Ball Lightning","All For One"],"relics":["FrozenCore","Emotion Chip","Kunai","Ornamental Fan","Blood Vial","Tiny Chest","Oddly Smooth Stone"],"potions_floor_usage":[6,8,16,18,23,23],"damage_taken":[{"damage":10,"enemies":"2 Louse","floor":1,"turns":3},{"damage":4,"enemies":"Small Slimes","floor":3,"turns":4},{"damage":13,"enemies":"3 Sentries","floor":6,"turns":4},{"damage":10,"enemies":"Lagavulin","floor":8,"turns":7},{"damage":0,"enemies":"Jaw Worm","floor":11,"turns":3},{"damage":9,"enemies":"3 Sentries","floor":14,"turns":6},{"damage":36,"enemies":"Hexaghost","floor":16,"turns":13},{"damage":20,"enemies":"3 Byrds","floor":18,"turns":6},{"damage":15,"enemies":"Shell Parasite","floor":20,"turns":10},{"damage":7,"enemies":"Centurion and Healer","floor":22,"turns":7},{"damage":22,"enemies":"Slavers","floor":23,"turns":4},{"damage":11,"enemies":"Snecko","floor":24,"turns":2}],"seed_played":"-2748048072260059146","potions_obtained":[{"floor":1,"key":"PowerPotion"},{"floor":6,"key":"EssenceOfSteel"},{"floor":14,"key":"GamblersBrew"},{"floor":16,"key":"Block Potion"},{"floor":18,"key":"FocusPotion"},{"floor":20,"key":"Block Potion"}],"is_trial":false,"path_per_floor":["M","?","M","?","$","E","R","E","T","R","M","T","R","E","R","B",null,"M","$","M","$","M","E","M"],"character_chosen":"DEFECT","items_purchased":["Sweeping Beam","Trip","Hologram"],"campfire_rested":1,"item_purchase_floors":[5,19,19],"current_hp_per_floor":[54,47,43,60,60,47,47,37,37,58,58,58,58,51,51,17,58,40,40,27,27,22,2,0],"gold":110,"neow_bonus":"TRANSFORM_CARD","is_prod":false,"is_daily":false,"chose_seed":false,"campfire_upgraded":3,"win_rate":0,"timestamp":1551776719,"path_taken":["M","?","M","?","$","E","R","E","T","R","M","?","R","E","R","BOSS","M","$","M","$","M","E","M"],"build_version":"2019-01-23","purchased_purges":1,"victory":false,"max_hp_per_floor":[71,71,71,71,71,71,71,71,71,71,71,71,71,71,71,71,71,71,71,71,71,71,71,71],"card_choices":[{"not_picked":["Aggregate","Steam","Leap"],"picked":"SKIP","floor":1},{"not_picked":["Redo","Scrape"],"picked":"Conserve Battery","floor":3},{"not_picked":["Compile Driver","Melter"],"picked":"Cold Snap","floor":6},{"not_picked":["Compile Driver","Recycle"],"picked":"Rainbow","floor":8},{"not_picked":["Streamline","Stack","Sweeping Beam"],"picked":"SKIP","floor":11},{"not_picked":["Electrodynamics","Hello World"],"picked":"Go for the Eyes","floor":14},{"not_picked":["Meteor Strike","Thunder Strike"],"picked":"Multi-Cast","floor":16},{"not_picked":["Barrage","Static Discharge"],"picked":"Go for the Eyes","floor":18},{"not_picked":["Darkness","Go for the Eyes"],"picked":"Doom and Gloom+1","floor":20},{"not_picked":["Stack","Force Field"],"picked":"Ball Lightning","floor":22},{"not_picked":["Conserve Battery","Go for the Eyes"],"picked":"All For One","floor":23}],"player_experience":873886,"relics_obtained":[{"floor":6,"key":"Emotion Chip"},{"floor":8,"key":"Kunai"},{"floor":9,"key":"Ornamental Fan"},{"floor":12,"key":"Blood Vial"},{"floor":14,"key":"Tiny Chest"},{"floor":23,"key":"Oddly Smooth Stone"}],"event_choices":[{"cards_removed":["Strike_B"],"damage_healed":0,"gold_gain":0,"player_choice":"Card Removal","damage_taken":7,"max_hp_gain":0,"max_hp_loss":0,"event_name":"Golden Wing","floor":2,"gold_loss":0},{"damage_healed":17,"gold_gain":0,"player_choice":"Healed","damage_taken":0,"max_hp_gain":0,"max_hp_loss":0,"event_name":"The Cleric","floor":4,"gold_loss":35}],"is_beta":false,"boss_relics":[{"not_picked":["Velvet Choker","Lizard Tail"],"picked":"FrozenCore"}],"items_purged_floors":[21],"is_endless":false,"potions_floor_spawned":[1,6,14,16,18,20],"killed_by":"Snecko","ascension_level":17}