{"gold_per_floor":[115,125,125,125,125,153,153,179,205,223,223,237,237,19,19,92,92,0,0,0,14,14],"floor_reached":22,"playtime":689,"items_purged":[],"score":530,"play_id":"e345d3f4-3539-4877-a2d7-1809f9455194","local_time":"20190314195256","is_ascension_mode":true,"campfire_choices":[{"data":"Well Laid Plans","floor":7.0,"key":"SMITH"},{"data":"Footwork","floor":11.0,"key":"SMITH"},{"floor":15,"key":"REST"}],"neow_cost":"NONE","seed_source_timestamp":73916346249037,"circlet_count":0,"master_deck":["AscendersBane","Defend_G","Defend_G","Defend_G","Defend_G","Defend_G","Strike_G","Strike_G","Strike_G","Strike_G","Strike_G","Survivor","Neutralize+1","Well Laid Plans+1","Finisher","Footwork+1","Noxious Fumes","Envenom","PiercingWail","Infinite Blades","After Image","Dagger Spray+1","RitualDagger"],"special_seed":0,"relics":["Ring of the Snake","NeowsBlessing","Orichalcum","Happy Flower","Bag of Marbles","Blood Vial","Snake Skull","Fusion Hammer","Art of War"],"potions_floor_usage":[16,16,22],"damage_taken":[{"damage":0.0,"enemies":"2 Louse","floor":1.0,"turns":1.0},{"damage":0.0,"enemies":"Small Slimes","floor":2.0,"turns":1.0},{"damage":0.0,"enemies":"Lagavulin","floor":6.0,"turns":1.0},{"damage":27.0,"enemies":"Gremlin Nob","floor":8.0,"turns":4.0},{"damage":4.0,"enemies":"Jaw Worm","floor":10.0,"turns":2.0},{"damage":10.0,"enemies":"3 Louse","floor":12.0,"turns":6.0},{"damage":0,"enemies":"Hexaghost","floor":16,"turns":6},{"damage":11,"enemies":"2 Thieves","floor":18,"turns":5},{"damage":18,"enemies":"Spheric Guardian","floor":21,"turns":6},{"damage":42,"enemies":"Cultist and Chosen","floor":22,"turns":6}],"seed_played":"-9042816289401294147","potions_obtained":[{"floor":1.0,"key":"SteroidPotion"},{"floor":6.0,"key":"SkillPotion"},{"floor":12.0,"key":"Strength Potion"},{"floor":16,"key":"GamblersBrew"}],"is_trial":false,"path_per_floor":["M","M","?","?","?","E","R","E","T","M","R","M","?","$","R","B",null,"M","T","?","M","M"],"character_chosen":"THE_SILENT","items_purchased":["Snake Skull","PowerPotion"],"campfire_rested":1,"item_purchase_floors":[14,14],"current_hp_per_floor":[59,59,64,59,59,59,59,32,32,30,30,22,22,22,43,45,65,56,56,50,34,0],"gold":14,"neow_bonus":"THREE_ENEMY_KILL","is_prod":false,"is_daily":false,"chose_seed":false,"campfire_upgraded":2,"win_rate":0,"timestamp":1552589576,"path_taken":["M","M","?","?","?","E","R","E","T","M","R","?","?","$","R","BOSS","M","?","?","M","M"],"build_version":"2019-01-23","purchased_purges":0,"victory":false,"max_hp_per_floor":[66,66,71,71,71,71,71,71,71,71,71,71,71,71,71,71,71,71,71,71,71,71],"card_choices":[{"not_picked":["Skewer","Calculated Gamble"],"picked":"Well Laid Plans","floor":1.0},{"not_picked":["Acrobatics","Dagger Throw","Bane"],"picked":"SKIP","floor":2.0},{"not_picked":["Heel Hook","Grand Finale","Flying Knee"],"picked":"SKIP","floor":6.0},{"not_picked":["Sucker Punch","Deflect"],"picked":"Finisher","floor":8.0},{"not_picked":["Poisoned Stab","Deadly Poison"],"picked":"Footwork","floor":10.0},{"not_picked":["Footwork","Blur"],"picked":"Noxious Fumes","floor":12.0},{"not_picked":["A Thousand Cuts","Corpse Explosion"],"picked":"After Image","floor":16},{"not_picked":["Acrobatics","Prepared"],"picked":"Dagger Spray+1","floor":18},{"not_picked":["Distraction","Flechettes+1","Deadly Poison"],"picked":"SKIP","floor":21}],"player_experience":1014040,"relics_obtained":[{"floor":6.0,"key":"Happy Flower"},{"floor":8.0,"key":"Bag of Marbles"},{"floor":9.0,"key":"Blood Vial"},{"floor":19,"key":"Art of War"}],"event_choices":[{"damage_healed":0.0,"max_hp_gain":5.0,"max_hp_loss":0.0,"gold_gain":0.0,"event_name":"Big Fish","player_choice":"Donut","floor":3.0,"gold_loss":0.0,"damage_taken":0.0},{"damage_healed":0.0,"max_hp_gain":0.0,"max_hp_loss":0.0,"gold_gain":0.0,"event_name":"Scrap Ooze","player_choice":"Success","floor":4.0,"gold_loss":0.0,"damage_taken":5.0,"relics_obtained":["Orichalcum"]},{"damage_healed":0.0,"max_hp_gain":0.0,"max_hp_loss":0.0,"gold_gain":0.0,"event_name":"Living Wall","player_choice":"Grow","floor":5.0,"gold_loss":0.0,"damage_taken":0.0,"cards_upgraded":["Neutralize"]},{"damage_healed":0,"gold_gain":0,"player_choice":"3 cards matched","damage_taken":0,"max_hp_gain":0,"max_hp_loss":0,"event_name":"Match and Keep!","floor":13,"gold_loss":0,"cards_obtained":["Envenom","PiercingWail","Infinite Blades"]},{"damage_healed":0,"gold_gain":0,"player_choice":"Joined the Cult","damage_taken":6,"max_hp_gain":0,"max_hp_loss":0,"event_name":"Nest","floor":20,"gold_loss":0,"cards_obtained":["RitualDagger"]}],"is_beta":false,"boss_relics":[{"not_picked":["Runic Dome","White Beast Statue"],"picked":"Fusion Hammer"}],"items_purged_floors":[],"is_endless":false,"potions_floor_spawned":[1,6,12,16],"killed_by":"Cultist and Chosen","ascension_level":20}