{"gold_per_floor":[119,44,56,2,20,20,45,58,58,58,86,140,140,171,171,171],"floor_reached":16,"playtime":437,"items_purged":[],"score":230,"play_id":"751fa24e-c14c-4f1c-82be-c1407fab4369","local_time":"20190120150731","is_ascension_mode":true,"campfire_choices":[{"data":"Dagger Throw","floor":6,"key":"SMITH"},{"floor":10,"key":"REST"},{"data":"Predator","floor":15,"key":"SMITH"}],"neow_cost":"NONE","seed_source_timestamp":102567531488711,"circlet_count":0,"master_deck":["AscendersBane","Defend_G","Defend_G","Defend_G","Defend_G","Defend_G","Strike_G","Strike_G","Strike_G","Strike_G","Survivor","Neutralize","Backflip","Dagger Throw+1","Blur","Predator+1","Well Laid Plans","PiercingWail"],"relics":["Ring of the Snake","Bag of Marbles","PreservedInsect","The Courier","Art of War","Letter Opener","Bottled Lightning"],"potions_floor_usage":[7,14,16],"damage_taken":[{"damage":2,"enemies":"Small Slimes","floor":1,"turns":4},{"damage":2,"enemies":"2 Louse","floor":3,"turns":3},{"damage":1,"enemies":"Cultist","floor":5,"turns":5},{"damage":20,"enemies":"Lagavulin","floor":7,"turns":4},{"damage":3,"enemies":"Looter","floor":8,"turns":4},{"damage":8,"enemies":"Gremlin Nob","floor":11,"turns":3},{"damage":25,"enemies":"Lagavulin","floor":14,"turns":4},{"damage":22,"enemies":"Hexaghost","floor":16,"turns":14}],"seed_played":"-1248816986553746067","potions_obtained":[{"floor":5,"key":"Poison Potion"},{"floor":7,"key":"Explosive Potion"},{"floor":14,"key":"Weak Potion"}],"is_trial":false,"path_per_floor":["M","?","M","?","M","R","E","M","T","R","E","?","?","E","R","B"],"character_chosen":"THE_SILENT","items_purchased":[],"campfire_rested":1,"item_purchase_floors":[],"current_hp_per_floor":[57,57,55,55,54,54,34,31,31,50,42,42,47,22,22,0],"gold":171,"neow_bonus":"RANDOM_COMMON_RELIC","is_prod":false,"is_daily":false,"chose_seed":false,"campfire_upgraded":2,"win_rate":0,"timestamp":1547996851,"path_taken":["M","?","M","?","M","R","E","?","T","R","E","?","?","E","R","BOSS"],"build_version":"2019-01-17v2","purchased_purges":0,"victory":false,"max_hp_per_floor":[66,66,66,66,66,66,66,66,66,66,66,66,71,71,71,71],"card_choices":[{"not_picked":["Prepared","Deadly Poison"],"picked":"Backflip","floor":1},{"not_picked":["Prepared","Deadly Poison","Outmaneuver"],"picked":"SKIP","floor":3},{"not_picked":["Expertise","Underhanded Strike"],"picked":"Dagger Throw","floor":5},{"not_picked":["Endless Agony","Expertise"],"picked":"Blur","floor":7},{"not_picked":["Slice","Backflip"],"picked":"Predator","floor":8},{"not_picked":["Wraith Form v2","Bane"],"picked":"Well Laid Plans","floor":11},{"not_picked":["Expertise","Tools of the Trade"],"picked":"PiercingWail","floor":14}],"player_experience":509547,"relics_obtained":[{"floor":7,"key":"The Courier"},{"floor":9,"key":"Art of War"},{"floor":11,"key":"Letter Opener"},{"floor":14,"key":"Bottled Lightning"}],"event_choices":[{"cards_removed":["Strike_G"],"damage_healed":0,"gold_gain":0,"player_choice":"Card Removal","damage_taken":0,"max_hp_gain":0,"max_hp_loss":0,"event_name":"The Cleric","floor":2,"gold_loss":75},{"damage_healed":0,"gold_gain":0,"player_choice":"Paid Gold","damage_taken":0,"relics_obtained":["PreservedInsect"],"max_hp_gain":0,"max_hp_loss":0,"event_name":"WeMeetAgain","floor":4,"gold_loss":54},{"damage_healed":0,"gold_gain":54,"player_choice":"Gained Gold","damage_taken":0,"max_hp_gain":0,"max_hp_loss":0,"event_name":"Golden Wing","floor":12,"gold_loss":0},{"damage_healed":0,"gold_gain":0,"player_choice":"Donut","damage_taken":0,"max_hp_gain":5,"max_hp_loss":0,"event_name":"Big Fish","floor":13,"gold_loss":0}],"is_beta":false,"boss_relics":[],"items_purged_floors":[],"is_endless":false,"potions_floor_spawned":[5,7,14],"killed_by":"Hexaghost","ascension_level":19}