{"gold_per_floor":[109,1,76,76,86,112,112,123,123,142,8,36,36,46,46,46],"floor_reached":16,"playtime":334,"items_purged":["Strike_R"],"score":270,"play_id":"2893b516-6de1-41e4-bd4e-3666ce7d595a","local_time":"20190324095735","is_ascension_mode":true,"campfire_choices":[{"data":"Body Slam","floor":7.0,"key":"SMITH"},{"data":"Shrug It Off","floor":13.0,"key":"SMITH"},{"floor":15.0,"key":"REST"}],"neow_cost":"NONE","seed_source_timestamp":233948171816439,"circlet_count":0,"master_deck":["AscendersBane","Strike_R","Strike_R","Strike_R","Defend_R","Defend_R","Defend_R","Defend_R","Bash","Anger","Shrug It Off","Wild Strike","Body Slam+1","Shrug It Off+1","Spot Weakness"],"special_seed":0,"relics":["Burning Blood","NeowsBlessing","Self Forming Clay","Darkstone Periapt","Pen Nib"],"potions_floor_usage":[16],"damage_taken":[{"damage":0.0,"enemies":"2 Louse","floor":1.0,"turns":2.0},{"damage":0.0,"enemies":"Small Slimes","floor":5.0,"turns":1.0},{"damage":0.0,"enemies":"3 Sentries","floor":6.0,"turns":2.0},{"damage":0.0,"enemies":"Cultist","floor":8.0,"turns":3.0},{"damage":13.0,"enemies":"Exordium Wildlife","floor":10.0,"turns":3.0},{"damage":39.0,"enemies":"Lagavulin","floor":12.0,"turns":8.0},{"damage":12.0,"enemies":"Lots of Slimes","floor":14.0,"turns":5.0},{"damage":42,"enemies":"Slime Boss","floor":16,"turns":9}],"seed_played":"4312802273579204054","potions_obtained":[{"floor":1.0,"key":"Dexterity Potion"},{"floor":12.0,"key":"Weak Potion"}],"is_trial":false,"path_per_floor":["M","$","?","?","M","E","R","M","T","M","$","E","R","M","R","B"],"character_chosen":"IRONCLAD","items_purchased":["Shrug It Off","Wild Strike","Shrug It Off"],"campfire_rested":1,"item_purchase_floors":[2,2,11],"current_hp_per_floor":[74,74,63,63,69,75,75,75,75,68,68,35,35,29,51,9],"gold":46,"neow_bonus":"THREE_ENEMY_KILL","is_prod":false,"is_daily":false,"chose_seed":false,"campfire_upgraded":2,"win_rate":0,"timestamp":1553421455,"path_taken":["M","$","?","?","?","E","R","M","T","M","$","E","R","M","R","BOSS"],"build_version":"2019-01-23","purchased_purges":1,"victory":false,"max_hp_per_floor":[75,75,75,75,75,75,75,75,75,75,75,75,75,75,75,75],"card_choices":[{"not_picked":["Rupture","Second Wind"],"picked":"Anger","floor":1.0},{"not_picked":["Havoc","Wild Strike","Twin Strike"],"picked":"SKIP","floor":5.0},{"not_picked":["Cleave","Dropkick"],"picked":"Body Slam","floor":6.0},{"not_picked":["Iron Wave","Heavy Blade","Second Wind"],"picked":"SKIP","floor":8.0},{"not_picked":["Warcry","Sword Boomerang","Pommel Strike"],"picked":"SKIP","floor":10.0},{"not_picked":["Carnage","Corruption"],"picked":"Spot Weakness","floor":12.0},{"not_picked":["Sword Boomerang","Shrug It Off","Iron Wave"],"picked":"SKIP","floor":14.0}],"player_experience":570314,"relics_obtained":[{"floor":6.0,"key":"Self Forming Clay"},{"floor":9.0,"key":"Darkstone Periapt"},{"floor":12.0,"key":"Pen Nib"}],"event_choices":[{"damage_healed":0.0,"max_hp_gain":0.0,"max_hp_loss":0.0,"gold_gain":75.0,"event_name":"World of Goop","player_choice":"Gather Gold","floor":3.0,"gold_loss":0.0,"damage_taken":11.0},{"cards_removed":["Strike_R"],"damage_healed":0.0,"max_hp_gain":0.0,"max_hp_loss":0.0,"gold_gain":0.0,"event_name":"Purifier","player_choice":"Purged","floor":4.0,"gold_loss":0.0,"damage_taken":0.0}],"is_beta":false,"boss_relics":[],"items_purged_floors":[11],"is_endless":false,"potions_floor_spawned":[1,12,14],"killed_by":"Slime Boss","ascension_level":20}