{"gold_per_floor":[117,42,42,54,2,2,27,27,27,27,39,39,39],"floor_reached":13,"playtime":230,"items_purged":[],"score":142,"play_id":"7dbd3e58-4e91-4ade-adb3-e4a3abab31c6","local_time":"20190209144241","is_ascension_mode":true,"campfire_choices":[{"data":"Twin Strike","floor":6.0,"key":"SMITH"},{"data":"Dropkick","floor":8.0,"key":"SMITH"},{"data":"Wild Strike","floor":10.0,"key":"SMITH"}],"neow_cost":"","seed_source_timestamp":598013220341224,"circlet_count":0,"master_deck":["AscendersBane","Strike_R","Strike_R","Strike_R","Defend_R+1","Defend_R","Defend_R","Defend_R+1","Bash","Twin Strike+1","Thunderclap","Wild Strike+1","Dropkick+1","Ghostly Armor"],"special_seed":0,"relics":["Burning Blood","Bird Faced Urn","Ornamental Fan"],"potions_floor_usage":[],"damage_taken":[{"damage":6.0,"enemies":"Cultist","floor":1.0,"turns":4.0},{"damage":3.0,"enemies":"2 Louse","floor":4.0,"turns":3.0},{"damage":30.0,"enemies":"3 Sentries","floor":7.0,"turns":7.0},{"damage":7.0,"enemies":"Jaw Worm","floor":11.0,"turns":3.0},{"damage":17,"enemies":"Gremlin Gang","floor":13,"turns":5}],"seed_played":"-8141446804307594126","potions_obtained":[{"floor":4.0,"key":"LiquidBronze"}],"is_trial":true,"path_per_floor":["M","?","?","M","$","R","E","R","T","R","M","?","M"],"character_chosen":"IRONCLAD","items_purchased":["Wild Strike"],"campfire_rested":0,"item_purchase_floors":[5],"current_hp_per_floor":[68,68,61,64,64,64,40,40,40,40,39,16,0],"gold":39,"neow_bonus":"","is_prod":false,"is_daily":false,"chose_seed":false,"campfire_upgraded":3,"win_rate":0,"timestamp":1549723361,"path_taken":["M","?","?","M","?","R","E","R","T","R","?","?","M"],"build_version":"2019-01-23","purchased_purges":0,"victory":false,"max_hp_per_floor":[75,75,75,75,75,75,75,75,75,75,75,75,75],"card_choices":[{"not_picked":["Perfected Strike","Flex"],"picked":"Twin Strike","floor":1.0},{"not_picked":["Warcry","Anger"],"picked":"Thunderclap","floor":4.0},{"not_picked":["Heavy Blade","Uppercut"],"picked":"Dropkick","floor":7.0},{"not_picked":["Clothesline","Cleave"],"picked":"Ghostly Armor","floor":11.0}],"player_experience":525444,"relics_obtained":[{"floor":7.0,"key":"Bird Faced Urn"},{"floor":9.0,"key":"Ornamental Fan"}],"event_choices":[{"cards_removed":["Strike_R"],"damage_healed":0.0,"max_hp_gain":0.0,"max_hp_loss":0.0,"gold_gain":0.0,"event_name":"The Cleric","player_choice":"Card Removal","floor":2.0,"gold_loss":75.0,"damage_taken":0.0},{"cards_removed":["Strike_R"],"damage_healed":0.0,"max_hp_gain":0.0,"max_hp_loss":0.0,"gold_gain":0.0,"event_name":"Golden Wing","player_choice":"Card Removal","floor":3.0,"gold_loss":0.0,"damage_taken":7.0},{"damage_healed":0.0,"max_hp_gain":0.0,"max_hp_loss":0.0,"gold_gain":0.0,"event_name":"Shining Light","player_choice":"Entered Light","floor":12.0,"gold_loss":0.0,"damage_taken":23.0,"cards_upgraded":["Defend_R","Defend_R"]}],"is_beta":false,"boss_relics":[],"items_purged_floors":[],"is_endless":true,"potions_floor_spawned":[4],"killed_by":"Gremlin Gang","ascension_level":15}