{"gold_per_floor":[213,223,235,87,97,97,122,122,122,297,311,261,89,89,89,187,187,204,221,96,108,108,108,108,108,108,120,132,143,143,171,171,271,271,281,233,244,244,259,292,292,302,302,337,354,354,454,465,465,465,465,465,42,72,72],"floor_reached":55,"playtime":2384,"items_purged":["Strike_R","Doubt","Strike_R"],"score":854,"play_id":"1579b889-7216-4ac3-a100-a485f276c975","local_time":"20190322191121","is_ascension_mode":true,"campfire_choices":[{"data":"Bludgeon","floor":6.0,"key":"SMITH"},{"data":"Disarm","floor":15.0,"key":"SMITH"},{"data":"Feed","floor":23.0,"key":"SMITH"},{"data":"Clothesline","floor":25.0,"key":"SMITH"},{"data":"Bash","floor":30.0,"key":"SMITH"},{"data":"Cleave","floor":32.0,"key":"SMITH"},{"data":"Exhume","floor":41.0,"key":"SMITH"},{"floor":46.0,"key":"REST"},{"floor":49.0,"key":"RECALL"},{"data":"Offering","floor":52.0,"key":"SMITH"}],"neow_cost":"NONE","seed_source_timestamp":0,"circlet_count":0,"master_deck":["Strike_R","Strike_R","Defend_R+1","Defend_R","Defend_R","Bash+1","Cleave+1","Warcry+1","Bludgeon+1","Feed+1","Clothesline+1","Disarm+1","Offering+1","True Grit+1","Shrug It Off+1","Rampage+1","Exhume+1","Body Slam+1","Power Through+1","Wild Strike+1","Armaments+1","Limit Break"],"special_seed":0,"relics":["Burning Blood","Blood Vial","War Paint","Lantern","Velvet Choker","MutagenicStrength","Letter Opener","Black Star","PreservedInsect","Juzu Bracelet","Gambling Chip","Ornamental Fan","Art of War","Charon\u0027s Ashes","Dead Branch","Incense Burner","Kunai"],"potions_floor_usage":[55,55],"damage_taken":[{"damage":6.0,"enemies":"Cultist","floor":1.0,"turns":3.0},{"damage":14.0,"enemies":"Jaw Worm","floor":2.0,"turns":3.0},{"damage":8.0,"enemies":"2 Louse","floor":3.0,"turns":3.0},{"damage":14.0,"enemies":"Large Slime","floor":5.0,"turns":6.0},{"damage":25.0,"enemies":"3 Sentries","floor":7.0,"turns":7.0},{"damage":3.0,"enemies":"Looter","floor":11.0,"turns":3.0},{"damage":27.0,"enemies":"Hexaghost","floor":16.0,"turns":9.0},{"damage":22.0,"enemies":"3 Byrds","floor":18.0,"turns":6.0},{"damage":6.0,"enemies":"Chosen","floor":19.0,"turns":3.0},{"damage":2.0,"enemies":"Centurion and Healer","floor":21.0,"turns":5.0},{"damage":0.0,"enemies":"Snecko","floor":27.0,"turns":2.0},{"damage":18.0,"enemies":"Cultist and Chosen","floor":28.0,"turns":4.0},{"damage":20.0,"enemies":"Centurion and Healer","floor":29.0,"turns":4.0},{"damage":10.0,"enemies":"Gremlin Leader","floor":31.0,"turns":4.0},{"damage":81.0,"enemies":"Automaton","floor":33.0,"turns":11.0},{"damage":18.0,"enemies":"Orb Walker","floor":35.0,"turns":4.0},{"damage":35.0,"enemies":"3 Darklings","floor":37.0,"turns":4.0},{"damage":6.0,"enemies":"Spire Growth","floor":39.0,"turns":3.0},{"damage":22.0,"enemies":"Nemesis","floor":40.0,"turns":7.0},{"damage":30.0,"enemies":"Transient","floor":42.0,"turns":5.0},{"damage":8.0,"enemies":"Giant Head","floor":44.0,"turns":6.0},{"damage":12.0,"enemies":"Sphere and 2 Shapes","floor":45.0,"turns":3.0},{"damage":6.0,"enemies":"Mind Bloom Boss Battle","floor":47.0,"turns":5.0},{"damage":6.0,"enemies":"Jaw Worm Horde","floor":48.0,"turns":3.0},{"damage":65.0,"enemies":"Awakened One","floor":50.0,"turns":23.0},{"damage":40.0,"enemies":"Shield and Spear","floor":54.0,"turns":4.0},{"damage":109,"enemies":"The Heart","floor":55,"turns":8}],"seed_played":"8413341457081002564","potions_obtained":[{"floor":2.0,"key":"Block Potion"},{"floor":3.0,"key":"Dexterity Potion"},{"floor":7.0,"key":"Dexterity Potion"},{"floor":18.0,"key":"Poison Potion"},{"floor":19.0,"key":"GamblersBrew"},{"floor":28.0,"key":"SteroidPotion"},{"floor":31.0,"key":"Fruit Juice"},{"floor":39.0,"key":"Energy Potion"},{"floor":44.0,"key":"Strength Potion"}],"is_trial":false,"path_per_floor":["M","M","M","$","M","R","E","?","T","?","M","?","$","T","R","B",null,"M","M","$","M","?","R","?","R","T","M","M","M","R","E","R","B",null,"M","$","M","?","M","E","R","M","T","E","M","R","?","M","R","B",null,"R","$","E","B"],"character_chosen":"IRONCLAD","items_purchased":["Bludgeon","Disarm","Strength Potion","Dead Branch","Limit Break"],"campfire_rested":1,"item_purchase_floors":[4,13,36,53,53],"current_hp_per_floor":[80,72,70,70,62,62,43,48,48,48,56,56,56,56,56,37,88,75,80,80,89,89,89,89,89,89,97,89,81,81,83,88,19,118,106,106,79,79,81,67,67,45,45,45,45,81,87,97,97,44,138,138,138,104,0],"gold":72,"neow_bonus":"HUNDRED_GOLD","is_prod":false,"is_daily":false,"chose_seed":true,"campfire_upgraded":8,"win_rate":0,"timestamp":1553281881,"path_taken":["M","M","M","?","M","R","E","?","T","?","M","?","$","?","R","BOSS","M","M","$","?","?","R","?","R","T","M","?","M","R","E","R","BOSS","M","$","M","?","M","E","R","M","T","E","M","R","?","M","R","BOSS","R","$","E","BOSS"],"build_version":"2019-01-23","purchased_purges":3,"victory":false,"max_hp_per_floor":[80,80,80,80,80,80,80,85,85,85,88,88,88,88,88,88,88,91,94,94,97,97,97,97,97,97,97,101,105,105,109,114,118,118,118,118,118,118,118,118,118,118,118,118,122,122,126,134,134,138,138,138,138,138,138],"card_choices":[{"not_picked":["Iron Wave","Clash"],"picked":"Cleave","floor":1.0},{"not_picked":["Clash","Pommel Strike"],"picked":"Warcry","floor":2.0},{"not_picked":["Anger","Bloodletting","Clash"],"picked":"SKIP","floor":3.0},{"not_picked":["Twin Strike","Hemokinesis"],"picked":"Feed","floor":5.0},{"not_picked":["Cleave","Corruption"],"picked":"Clothesline","floor":7.0},{"not_picked":["Seeing Red","Fire Breathing","Corruption"],"picked":"SKIP","floor":11.0},{"not_picked":["Demon Form","Juggernaut"],"picked":"Offering","floor":16.0},{"not_picked":["Warcry+1","Hemokinesis+1","Perfected Strike"],"picked":"SKIP","floor":18.0},{"not_picked":["Twin Strike","Hemokinesis+1"],"picked":"True Grit+1","floor":19.0},{"not_picked":["Thunderclap+1","Fire Breathing"],"picked":"Pommel Strike+1","floor":21.0},{"not_picked":["Iron Wave","Sword Boomerang"],"picked":"Shrug It Off+1","floor":27.0},{"not_picked":["Fire Breathing","Perfected Strike"],"picked":"Rampage+1","floor":28.0},{"not_picked":["True Grit","Juggernaut","Twin Strike"],"picked":"SKIP","floor":29.0},{"not_picked":["Second Wind","Thunderclap","Combust"],"picked":"SKIP","floor":31.0},{"not_picked":["Juggernaut","Limit Break"],"picked":"Exhume","floor":33.0},{"not_picked":["Armaments+1","Whirlwind+1","Sever Soul"],"picked":"SKIP","floor":35.0},{"not_picked":["Sentinel+1","Shrug It Off"],"picked":"Body Slam+1","floor":37.0},{"not_picked":["Sword Boomerang","Whirlwind+1"],"picked":"Power Through+1","floor":39.0},{"not_picked":["Clash+1","Limit Break","Warcry"],"picked":"SKIP","floor":40.0},{"not_picked":["Warcry","Cleave+1","Sword Boomerang"],"picked":"SKIP","floor":42.0},{"not_picked":["Perfected Strike","Warcry+1"],"picked":"Wild Strike+1","floor":44.0},{"not_picked":["Flex","Body Slam+1","True Grit+1"],"picked":"SKIP","floor":45.0},{"not_picked":["Havoc+1","Perfected Strike"],"picked":"Armaments+1","floor":47.0},{"not_picked":["Rupture","Battle Trance+1","Dual Wield"],"picked":"SKIP","floor":48.0},{"not_picked":["Power Through","Perfected Strike+1","Warcry+1"],"picked":"SKIP","floor":54.0}],"player_experience":565613,"relics_obtained":[{"floor":7.0,"key":"Blood Vial"},{"floor":9.0,"key":"War Paint"},{"floor":14.0,"key":"Lantern"},{"floor":31.0,"key":"Letter Opener"},{"floor":40.0,"key":"PreservedInsect"},{"floor":40.0,"key":"Juzu Bracelet"},{"floor":43.0,"key":"Gambling Chip"},{"floor":44.0,"key":"Ornamental Fan"},{"floor":44.0,"key":"Art of War"},{"floor":47.0,"key":"Charon\u0027s Ashes"},{"floor":54.0,"key":"Incense Burner"},{"floor":54.0,"key":"Kunai"}],"event_choices":[{"damage_healed":0.0,"max_hp_gain":5.0,"max_hp_loss":0.0,"gold_gain":0.0,"event_name":"Big Fish","player_choice":"Donut","floor":8.0,"gold_loss":0.0,"damage_taken":0.0},{"damage_healed":0.0,"max_hp_gain":0.0,"max_hp_loss":0.0,"gold_gain":175.0,"event_name":"Liars Game","player_choice":"AGREE","floor":10.0,"gold_loss":0.0,"damage_taken":0.0,"cards_obtained":["Doubt"]},{"cards_removed":["Strike_R"],"damage_healed":0.0,"max_hp_gain":0.0,"max_hp_loss":0.0,"gold_gain":0.0,"event_name":"The Cleric","player_choice":"Card Removal","floor":12.0,"gold_loss":50.0,"damage_taken":0.0},{"damage_healed":0.0,"max_hp_gain":0.0,"max_hp_loss":0.0,"gold_gain":0.0,"event_name":"Drug Dealer","player_choice":"Inject Mutagens","floor":22.0,"gold_loss":0.0,"damage_taken":0.0,"relics_obtained":["MutagenicStrength"]},{"cards_removed":["Defend_R"],"damage_healed":0.0,"max_hp_gain":0.0,"max_hp_loss":0.0,"gold_gain":0.0,"event_name":"Purifier","player_choice":"Purged","floor":24.0,"gold_loss":0.0,"damage_taken":0.0},{"cards_removed":["Pommel Strike"],"damage_healed":0.0,"max_hp_gain":0.0,"max_hp_loss":0.0,"gold_gain":0.0,"event_name":"Falling","player_choice":"Removed Attack","floor":38.0,"gold_loss":0.0,"damage_taken":0.0},{"damage_healed":0.0,"max_hp_gain":0.0,"max_hp_loss":0.0,"gold_gain":0.0,"event_name":"MindBloom","player_choice":"Fight","floor":47.0,"gold_loss":0.0,"damage_taken":0.0}],"is_beta":false,"boss_relics":[{"not_picked":["Tiny House","Philosopher\u0027s Stone"],"picked":"Velvet Choker"},{"not_picked":["Lizard Tail","Runic Cube"],"picked":"Black Star"}],"items_purged_floors":[4,13,20],"is_endless":false,"potions_floor_spawned":[2,3,7,18,19,28,31,39,44,45,47,48],"killed_by":"The Heart","ascension_level":3}