{"gold_per_floor":[109,109,121,10,27,27,54,54,54,82,82,100,130,130,130,205,205,225,59,77,77,77,77,93,113,113,127,127,158,158],"floor_reached":30,"playtime":1287,"items_purged":["Strike_B"],"score":496,"play_id":"d7f73500-f4c5-4b23-a043-a56fbfe3be6c","local_time":"20190305105606","is_ascension_mode":true,"campfire_choices":[{"data":"Genetic Algorithm","floor":6.0,"key":"SMITH"},{"data":"Hologram","floor":8.0,"key":"SMITH"},{"data":"Defragment","floor":11.0,"key":"SMITH"},{"floor":15.0,"key":"REST"},{"data":"Zap","floor":23.0,"key":"SMITH"},{"floor":28.0,"key":"REST"}],"neow_cost":"NONE","seed_source_timestamp":289835330338436,"circlet_count":0,"master_deck":["AscendersBane","Strike_B","Strike_B","Strike_B","Defend_B","Defend_B","Defend_B","Defend_B","Zap+1","Dualcast","Streamline+1","Ball Lightning","Hologram+1","Chill","Genetic Algorithm+1","Conserve Battery+1","Defragment+1","Coolheaded+1","Creative AI+1","Reinforced Body+1","Chill+1"],"special_seed":0,"relics":["Cracked Core","Toxic Egg 2","Singing Bowl","Calipers","Ancient Tea Set","Sozu","Juzu Bracelet","MutagenicStrength","Ice Cream","Bronze Scales"],"potions_floor_usage":[],"damage_taken":[{"damage":1.0,"enemies":"Cultist","floor":1.0,"turns":3.0},{"damage":0.0,"enemies":"2 Louse","floor":3.0,"turns":2.0},{"damage":5.0,"enemies":"Small Slimes","floor":5.0,"turns":2.0},{"damage":4.0,"enemies":"3 Sentries","floor":7.0,"turns":7.0},{"damage":19.0,"enemies":"Gremlin Nob","floor":10.0,"turns":4.0},{"damage":2.0,"enemies":"Gremlin Gang","floor":12.0,"turns":5.0},{"damage":15.0,"enemies":"3 Sentries","floor":13.0,"turns":4.0},{"damage":21.0,"enemies":"Hexaghost","floor":16.0,"turns":11.0},{"damage":1.0,"enemies":"Spheric Guardian","floor":18.0,"turns":5.0},{"damage":4.0,"enemies":"Shell Parasite","floor":20.0,"turns":7.0},{"damage":7.0,"enemies":"Centurion and Healer","floor":24.0,"turns":8.0},{"damage":23.0,"enemies":"Shelled Parasite and Fungi","floor":25.0,"turns":7.0},{"damage":0.0,"enemies":"Snecko","floor":27.0,"turns":6.0},{"damage":39.0,"enemies":"Slavers","floor":29.0,"turns":7.0},{"damage":20,"enemies":"Snake Plant","floor":30,"turns":2}],"seed_played":"-3084503041068022830","potions_obtained":[{"floor":3.0,"key":"LiquidBronze"},{"floor":7.0,"key":"Ancient Potion"},{"floor":10.0,"key":"Poison Potion"},{"floor":12.0,"key":"SkillPotion"},{"floor":16.0,"key":"SteroidPotion"}],"is_trial":false,"path_per_floor":["M","?","M","$","M","R","E","R","T","E","R","M","E","?","R","B",null,"M","$","M","?","?","R","M","M","T","M","R","E","M"],"character_chosen":"DEFECT","items_purchased":["Chill","Juzu Bracelet"],"campfire_rested":2,"item_purchase_floors":[4,19],"current_hp_per_floor":[63,63,63,63,58,58,54,54,54,35,35,33,20,20,41,20,60,59,59,57,57,57,57,52,31,31,33,57,18,0],"gold":158,"neow_bonus":"THREE_CARDS","is_prod":false,"is_daily":false,"chose_seed":false,"campfire_upgraded":4,"win_rate":0,"timestamp":1551779766,"path_taken":["M","?","M","$","M","R","E","R","T","E","R","M","E","?","R","BOSS","M","$","M","?","?","R","M","M","T","M","R","E","M"],"build_version":"2019-01-23","purchased_purges":1,"victory":false,"max_hp_per_floor":[71,71,71,71,71,71,71,71,71,71,71,71,73,73,73,73,73,73,73,75,75,75,75,77,79,79,81,81,81,81],"card_choices":[{"not_picked":["Tempest","Coolheaded"],"picked":"Streamline","floor":0.0},{"not_picked":["Leap","Redo"],"picked":"Ball Lightning","floor":1.0},{"not_picked":["Coolheaded","Cold Snap"],"picked":"Hologram","floor":3.0},{"not_picked":["Loop","Consume"],"picked":"Genetic Algorithm","floor":5.0},{"not_picked":["Redo","Coolheaded"],"picked":"Conserve Battery","floor":7.0},{"not_picked":["Beam Cell","Echo Form"],"picked":"Defragment","floor":10.0},{"not_picked":["Double Energy+1","Scrape"],"picked":"Coolheaded+1","floor":12.0},{"not_picked":["Stack+1","Rebound","Streamline"],"picked":"Singing Bowl","floor":13.0},{"not_picked":["Meteor Strike","Buffer"],"picked":"Creative AI","floor":16.0},{"not_picked":["Steam+1","Force Field+1"],"picked":"Reinforced Body+1","floor":18.0},{"not_picked":["Coolheaded+1","Aggregate+1","Steam+1"],"picked":"Singing Bowl","floor":20.0},{"not_picked":["Ball Lightning","Compile Driver","Lockon"],"picked":"Singing Bowl","floor":24.0},{"not_picked":["Go for the Eyes+1","Steam Power+1","Sweeping Beam"],"picked":"Singing Bowl","floor":25.0},{"not_picked":["Aggregate+1","Rebound+1","Coolheaded+1"],"picked":"Singing Bowl","floor":27.0},{"not_picked":["Blizzard+1","Go for the Eyes"],"picked":"Chill+1","floor":29.0}],"player_experience":876747,"relics_obtained":[{"floor":7.0,"key":"Toxic Egg 2"},{"floor":9.0,"key":"Singing Bowl"},{"floor":10.0,"key":"Calipers"},{"floor":13.0,"key":"Ancient Tea Set"},{"floor":26.0,"key":"Ice Cream"},{"floor":29.0,"key":"Bronze Scales"}],"event_choices":[{"damage_healed":0.0,"max_hp_gain":0.0,"max_hp_loss":0.0,"gold_gain":0.0,"event_name":"Living Wall","player_choice":"Grow","floor":2.0,"gold_loss":0.0,"damage_taken":0.0,"cards_upgraded":["Streamline"]},{"damage_healed":0.0,"max_hp_gain":0.0,"max_hp_loss":0.0,"gold_gain":0.0,"event_name":"Shining Light","player_choice":"Ignored","floor":14.0,"gold_loss":0.0,"damage_taken":0.0},{"damage_healed":0.0,"max_hp_gain":0.0,"max_hp_loss":0.0,"gold_gain":0.0,"event_name":"Accursed Blacksmith","player_choice":"Forge","floor":21.0,"gold_loss":0.0,"damage_taken":0.0,"cards_upgraded":["Creative AI"]},{"damage_healed":0.0,"max_hp_gain":0.0,"max_hp_loss":0.0,"gold_gain":0.0,"event_name":"Drug Dealer","player_choice":"Inject Mutagens","floor":22.0,"gold_loss":0.0,"damage_taken":0.0,"relics_obtained":["MutagenicStrength"]}],"is_beta":false,"boss_relics":[{"not_picked":["Pandora\u0027s Box","Velvet Choker"],"picked":"Sozu"}],"items_purged_floors":[4],"is_endless":false,"potions_floor_spawned":[3,7,10,12,16,25],"killed_by":"Snake Plant","ascension_level":17}