{"gold_per_floor":[110,126,143,161,161,161,187,204,204,204,214,214,224,189,189,263,263,277,327,3,23,23,23,39,39,39,39],"floor_reached":27,"playtime":775,"items_purged":["Strike_R"],"score":409,"play_id":"5ec02f3f-d471-4664-a631-ae3a5f29705d","local_time":"20190323232428","is_ascension_mode":true,"campfire_choices":[{"data":"Bludgeon","floor":6,"key":"SMITH"},{"data":"Whirlwind","floor":10,"key":"SMITH"},{"data":"True Grit","floor":12,"key":"SMITH"},{"data":"Disarm","floor":15,"key":"SMITH"},{"floor":23,"key":"DIG"},{"floor":25,"key":"DIG"}],"neow_cost":"NONE","seed_source_timestamp":302828082321951,"circlet_count":0,"master_deck":["AscendersBane","Strike_R","Strike_R","Strike_R","Strike_R","Defend_R","Defend_R","Defend_R","Defend_R","Bash","Bludgeon+1","Feel No Pain","True Grit+1","Disarm+1","Limit Break","Whirlwind+1","Twin Strike","Shrug It Off","Reaper","Ghostly Armor"],"relics":["Burning Blood","Shuriken","Shovel","Velvet Choker","Dream Catcher","Pantograph","Mercury Hourglass","Pocketwatch","Art of War"],"potions_floor_usage":[7,7,7,13,16,24],"damage_taken":[{"damage":6,"enemies":"Cultist","floor":1,"turns":3},{"damage":1,"enemies":"2 Louse","floor":2,"turns":3},{"damage":0,"enemies":"Small Slimes","floor":3,"turns":3},{"damage":16,"enemies":"Blue Slaver","floor":4,"turns":3},{"damage":8,"enemies":"Lagavulin","floor":7,"turns":6},{"damage":19,"enemies":"3 Louse","floor":8,"turns":5},{"damage":15,"enemies":"Red Slaver","floor":11,"turns":5},{"damage":20,"enemies":"Exordium Wildlife","floor":13,"turns":6},{"damage":15,"enemies":"Hexaghost","floor":16,"turns":11},{"damage":14,"enemies":"Chosen","floor":18,"turns":6},{"damage":11,"enemies":"2 Thieves","floor":21,"turns":4},{"damage":22,"enemies":"Chosen and Byrds","floor":24,"turns":7},{"damage":43,"enemies":"Book of Stabbing","floor":27,"turns":5}],"seed_played":"8741147804092368451","potions_obtained":[{"floor":1,"key":"SpeedPotion"},{"floor":5,"key":"EntropicBrew"},{"floor":5,"key":"Dexterity Potion"},{"floor":8,"key":"GamblersBrew"},{"floor":13,"key":"LiquidBronze"},{"floor":21,"key":"EssenceOfSteel"}],"is_trial":false,"path_per_floor":["M","M","M","M","?","R","E","M","T","R","M","R","M","?","R","B",null,"M","?","$","M","T","R","M","R","T","E"],"character_chosen":"IRONCLAD","items_purchased":["Ghostly Armor","Dream Catcher"],"campfire_rested":0,"item_purchase_floors":[20,20],"current_hp_per_floor":[68,73,75,65,65,65,63,50,50,50,41,41,27,45,45,36,65,61,61,61,56,56,56,43,43,43,0],"gold":39,"neow_bonus":"ONE_RANDOM_RARE_CARD","is_prod":false,"is_daily":false,"chose_seed":false,"campfire_upgraded":4,"win_rate":0,"timestamp":1553379868,"path_taken":["M","M","M","M","?","R","E","M","T","R","M","R","?","?","R","BOSS","M","?","$","?","?","R","M","R","T","E"],"build_version":"2019-01-23","purchased_purges":1,"victory":false,"max_hp_per_floor":[75,75,75,75,75,75,75,75,75,75,75,75,75,75,75,75,75,75,75,75,75,75,75,75,75,75,75],"card_choices":[{"not_picked":["Infernal Blade","Combust"],"picked":"Feel No Pain","floor":1},{"not_picked":["Body Slam","Wild Strike"],"picked":"True Grit","floor":2},{"not_picked":["Wild Strike","Thunderclap","Cleave"],"picked":"SKIP","floor":3},{"not_picked":["Evolve","Metallicize"],"picked":"Disarm","floor":4},{"not_picked":["Sentinel","Reckless Charge"],"picked":"Limit Break","floor":7},{"not_picked":["Flex","Armaments"],"picked":"Whirlwind","floor":8},{"not_picked":["Anger","Metallicize"],"picked":"Twin Strike","floor":11},{"not_picked":["Carnage","Twin Strike"],"picked":"Shrug It Off","floor":13},{"not_picked":["Immolate","Demon Form"],"picked":"Reaper","floor":16},{"not_picked":["Wild Strike","Rupture","Iron Wave"],"picked":"SKIP","floor":18},{"not_picked":["Flex","Heavy Blade","Havoc"],"picked":"SKIP","floor":21},{"not_picked":["Iron Wave","Cleave","Heavy Blade"],"picked":"SKIP","floor":24}],"player_experience":1095405,"relics_obtained":[{"floor":7,"key":"Shuriken"},{"floor":9,"key":"Shovel"},{"floor":22,"key":"Pantograph"},{"floor":23,"key":"Mercury Hourglass"},{"floor":25,"key":"Pocketwatch"},{"floor":26,"key":"Art of War"}],"event_choices":[{"damage_healed":0,"gold_gain":0,"player_choice":"Got Potions","damage_taken":0,"max_hp_gain":0,"max_hp_loss":0,"event_name":"Lab","floor":5,"gold_loss":0},{"damage_healed":18,"gold_gain":0,"player_choice":"Healed","damage_taken":0,"max_hp_gain":0,"max_hp_loss":0,"event_name":"The Cleric","floor":14,"gold_loss":35},{"damage_healed":0,"gold_gain":100,"player_choice":"Bet on Murderer","damage_taken":0,"max_hp_gain":0,"max_hp_loss":0,"event_name":"The Joust","floor":19,"gold_loss":50}],"is_beta":false,"boss_relics":[{"not_picked":["Philosopher\u0027s Stone","Snecko Eye"],"picked":"Velvet Choker"}],"items_purged_floors":[20],"is_endless":false,"potions_floor_spawned":[1,8,13,21],"killed_by":"Book of Stabbing","ascension_level":18}