{"gold_per_floor":[109,109,128,53,67,67,217,217,217,217,34,34,58,399,399,492,492,516,516,516,160,160,193,193,193],"floor_reached":25,"playtime":644,"items_purged":["Pain","Doubt","Writhe"],"score":409,"play_id":"0a215577-349d-47ad-9e81-ccc606ecb498","local_time":"20190307175658","is_ascension_mode":true,"campfire_choices":[{"data":"Whirlwind","floor":6,"key":"SMITH"},{"data":"Bash","floor":8,"key":"SMITH"},{"data":"Pommel Strike","floor":10,"key":"SMITH"},{"floor":15,"key":"REST"},{"data":"Feed","floor":24,"key":"SMITH"}],"neow_cost":"CURSE","seed_source_timestamp":87809192110448,"circlet_count":0,"master_deck":["AscendersBane","Strike_R","Strike_R","Strike_R","Strike_R","Strike_R","Defend_R","Defend_R","Defend_R","Defend_R","Bash+1","Demon Form","Pommel Strike+1","Heavy Blade","Whirlwind+1","Feel No Pain","Ghostly Armor","Feed+1","Armaments+1","RitualDagger","True Grit+1"],"relics":["Burning Blood","Torii","Paper Frog","Bloody Idol","Old Coin","Cursed Key","Toxic Egg 2","Ancient Tea Set","Dead Branch"],"potions_floor_usage":[14,16,23,25],"damage_taken":[{"damage":21,"enemies":"Jaw Worm","floor":1,"turns":6},{"damage":10,"enemies":"Cultist","floor":3,"turns":4},{"damage":6,"enemies":"2 Louse","floor":5,"turns":3},{"damage":21,"enemies":"Looter","floor":13,"turns":4},{"damage":15,"enemies":"Lagavulin","floor":14,"turns":4},{"damage":11,"enemies":"Hexaghost","floor":16,"turns":7},{"damage":0,"enemies":"Chosen","floor":18,"turns":3},{"damage":27,"enemies":"Gremlin Leader","floor":23,"turns":8},{"damage":48,"enemies":"Book of Stabbing","floor":25,"turns":4}],"seed_played":"-7665508230965594569","potions_obtained":[{"floor":1,"key":"Energy Potion"},{"floor":14,"key":"FearPotion"},{"floor":16,"key":"FearPotion"},{"floor":18,"key":"Swift Potion"}],"is_trial":false,"path_per_floor":["M","?","M","$","M","R","?","R","T","R","$","?","M","E","R","B",null,"M","?","?","$","?","E","R","E"],"character_chosen":"IRONCLAD","items_purchased":["Feel No Pain","Armaments+1","Ancient Tea Set"],"campfire_rested":1,"item_purchase_floors":[11,21,21],"current_hp_per_floor":[53,53,49,49,49,49,49,49,49,49,49,49,34,25,45,40,61,67,67,67,67,61,45,45,0],"gold":193,"neow_bonus":"THREE_RARE_CARDS","is_prod":false,"is_daily":false,"chose_seed":false,"campfire_upgraded":4,"win_rate":0,"timestamp":1551977818,"path_taken":["M","?","M","$","?","R","?","R","T","R","$","?","M","E","R","BOSS","M","?","?","$","?","E","R","E"],"build_version":"2019-01-23","purchased_purges":3,"victory":false,"max_hp_per_floor":[75,75,75,75,75,75,75,75,75,75,75,68,68,68,68,68,68,68,68,68,68,68,68,68,68],"card_choices":[{"not_picked":["Brutality","Immolate"],"picked":"Demon Form","floor":0},{"not_picked":["True Grit","Combust"],"picked":"Pommel Strike","floor":1},{"not_picked":["Rupture","Headbutt"],"picked":"Heavy Blade","floor":3},{"not_picked":["Twin Strike","Immolate"],"picked":"Whirlwind","floor":5},{"not_picked":["Iron Wave","Anger","Sword Boomerang"],"picked":"SKIP","floor":13},{"not_picked":["Cleave","Heavy Blade"],"picked":"Ghostly Armor","floor":14},{"not_picked":["Fiend Fire","Barricade"],"picked":"Feed","floor":16},{"not_picked":["Cleave","Clothesline+1","Heavy Blade"],"picked":"SKIP","floor":18},{"not_picked":["Pommel Strike","Havoc+1"],"picked":"True Grit+1","floor":23}],"player_experience":925960,"relics_obtained":[{"floor":2,"key":"Torii"},{"floor":9,"key":"Paper Frog"},{"floor":14,"key":"Old Coin"},{"floor":23,"key":"Dead Branch"}],"event_choices":[{"damage_healed":0,"gold_gain":0,"player_choice":"Relic","damage_taken":0,"max_hp_gain":0,"max_hp_loss":0,"event_name":"Wheel of Change","floor":2,"gold_loss":0},{"damage_healed":0,"gold_gain":150,"player_choice":"AGREE","damage_taken":0,"max_hp_gain":0,"max_hp_loss":0,"event_name":"Liars Game","floor":7,"gold_loss":0,"cards_obtained":["Doubt"]},{"damage_healed":0,"gold_gain":0,"player_choice":"Lose Max HP","damage_taken":0,"relics_obtained":["Golden Idol"],"max_hp_gain":0,"max_hp_loss":7,"event_name":"Golden Idol","floor":12,"gold_loss":0},{"damage_healed":0,"gold_gain":0,"player_choice":"Opened","damage_taken":0,"relics_obtained":["Toxic Egg 2"],"max_hp_gain":0,"max_hp_loss":0,"event_name":"The Mausoleum","floor":19,"gold_loss":0,"cards_obtained":["Writhe"]},{"damage_healed":0,"gold_gain":0,"player_choice":"Gave Idol","damage_taken":0,"relics_obtained":["Bloody Idol"],"max_hp_gain":0,"max_hp_loss":0,"event_name":"Forgotten Altar","floor":20,"relics_lost":["Golden Idol"],"gold_loss":0},{"damage_healed":0,"gold_gain":0,"player_choice":"Joined the Cult","damage_taken":6,"max_hp_gain":0,"max_hp_loss":0,"event_name":"Nest","floor":22,"gold_loss":0,"cards_obtained":["RitualDagger"]}],"is_beta":false,"boss_relics":[{"not_picked":["Calling Bell","Lizard Tail"],"picked":"Cursed Key"}],"items_purged_floors":[4,11,21],"is_endless":false,"potions_floor_spawned":[1,14,16,18],"killed_by":"Book of Stabbing","ascension_level":18}