{"gold_per_floor":[109,74,89,89,107,107,136,154,180,196,35,35,68,82,82,177,177,194,219,219,243,26,26,61,61,61,61,87,34,34],"floor_reached":30,"playtime":2442,"items_purged":["Strike_B","Thunder Strike+1"],"score":414,"play_id":"151dd97e-85c7-4e80-9c2c-640977c9d0c6","local_time":"20190311155634","is_ascension_mode":true,"campfire_choices":[{"data":"Darkness","floor":6,"key":"SMITH"},{"data":"Loop","floor":12,"key":"SMITH"},{"floor":15,"key":"REST"},{"floor":23,"key":"REST"},{"floor":25,"key":"REST"},{"data":"Seek","floor":27,"key":"SMITH"}],"neow_cost":"PERCENT_DAMAGE","seed_source_timestamp":852144044924124,"circlet_count":0,"master_deck":["AscendersBane","Defend_B","Defend_B","Defend_B","Defend_B","Zap+1","Dualcast","Leap","Darkness+1","Redo","Steam Power","Coolheaded","Glacier","Loop+1","Steam","Doom and Gloom","Conserve Battery","Go for the Eyes","Seek+1","Doom and Gloom+1","Compile Driver+1","White Noise","Cold Snap+1","Aggregate","Chill","Hologram"],"relics":["Cracked Core","Dream Catcher","Juzu Bracelet","Anchor","Astrolabe","Red Mask","MawBank","Vajra","Turnip","Regal Pillow"],"potions_floor_usage":[10,13,19,24,28,30,30],"damage_taken":[{"damage":6,"enemies":"Small Slimes","floor":1,"turns":3},{"damage":0,"enemies":"2 Louse","floor":3,"turns":3},{"damage":0,"enemies":"Cultist","floor":5,"turns":5},{"damage":29,"enemies":"Lagavulin","floor":7,"turns":8},{"damage":9,"enemies":"Gremlin Gang","floor":8,"turns":5},{"damage":12,"enemies":"Exordium Wildlife","floor":10,"turns":3},{"damage":3,"enemies":"3 Sentries","floor":13,"turns":8},{"damage":11,"enemies":"Large Slime","floor":14,"turns":5},{"damage":14,"enemies":"Slime Boss","floor":16,"turns":11},{"damage":14,"enemies":"2 Thieves","floor":18,"turns":4},{"damage":46,"enemies":"Masked Bandits","floor":19,"turns":5},{"damage":11,"enemies":"Spheric Guardian","floor":21,"turns":5},{"damage":23,"enemies":"Book of Stabbing","floor":24,"turns":5},{"damage":20,"enemies":"Slavers","floor":28,"turns":4},{"damage":13,"enemies":"Book of Stabbing","floor":30,"turns":4}],"seed_played":"-5872852557463222181","potions_obtained":[{"floor":8,"key":"Fire Potion"},{"floor":10,"key":"SkillPotion"},{"floor":13,"key":"EssenceOfSteel"},{"floor":19,"key":"Poison Potion"},{"floor":24,"key":"PowerPotion"}],"is_trial":false,"path_per_floor":["M","?","M","?","M","R","E","M","T","M","$","R","E","M","R","B",null,"M","?","?","M","$","R","E","R","T","R","E","$","E"],"character_chosen":"DEFECT","items_purchased":["Loop","Steam","PowerPotion","FocusPotion","Hologram"],"campfire_rested":3,"item_purchase_floors":[11,11,22,22,29],"current_hp_per_floor":[58,80,80,80,80,80,51,42,42,30,30,30,27,16,42,28,74,60,14,14,3,3,29,6,32,32,32,12,12,0],"gold":34,"neow_bonus":"TWENTY_PERCENT_HP_BONUS","is_prod":false,"is_daily":false,"chose_seed":false,"campfire_upgraded":3,"win_rate":0,"timestamp":1552334194,"path_taken":["M","?","M","?","M","R","E","M","T","M","$","R","E","M","R","BOSS","M","?","?","M","$","R","E","R","T","R","E","$","E"],"build_version":"2019-01-23","purchased_purges":2,"victory":false,"max_hp_per_floor":[89,89,89,89,89,89,89,89,89,89,89,89,89,89,89,89,89,89,89,89,89,89,89,89,89,89,89,89,89,89],"card_choices":[{"not_picked":["Rebound","Heatsinks"],"picked":"Leap","floor":1},{"not_picked":["Steam Power","Beam Cell"],"picked":"Darkness","floor":3},{"not_picked":["Ball Lightning","Barrage"],"picked":"Redo","floor":5},{"not_picked":["Beam Cell","Double Energy"],"picked":"Steam Power","floor":7},{"not_picked":["Storm","Aggregate"],"picked":"Coolheaded","floor":8},{"not_picked":["Undo","Steam"],"picked":"Glacier","floor":10},{"not_picked":["Biased Cognition","Compile Driver"],"picked":"Doom and Gloom","floor":13},{"not_picked":["Turbo","Gash"],"picked":"Conserve Battery","floor":14},{"not_picked":["Hologram","Force Field"],"picked":"Go for the Eyes","floor":15},{"not_picked":["Multi-Cast","Rainbow"],"picked":"Seek","floor":16},{"not_picked":["Hologram","Sunder"],"picked":"White Noise","floor":18},{"not_picked":["Beam Cell","Redo+1"],"picked":"Cold Snap+1","floor":19},{"not_picked":["Chaos","White Noise","Streamline"],"picked":"SKIP","floor":21},{"not_picked":["Blizzard","Hello World"],"picked":"Aggregate","floor":23},{"not_picked":["Rebound+1","Compile Driver","Tempest"],"picked":"SKIP","floor":24},{"not_picked":["Gash","Doom and Gloom+1"],"picked":"Chill","floor":25},{"not_picked":["Redo","Turbo","Gash"],"picked":"SKIP","floor":28}],"player_experience":1805706,"relics_obtained":[{"floor":7,"key":"Dream Catcher"},{"floor":9,"key":"Juzu Bracelet"},{"floor":13,"key":"Anchor"},{"floor":19,"key":"Red Mask"},{"floor":20,"key":"MawBank"},{"floor":24,"key":"Vajra"},{"floor":26,"key":"Turnip"},{"floor":28,"key":"Regal Pillow"}],"event_choices":[{"damage_healed":22,"gold_gain":0,"player_choice":"Healed","damage_taken":0,"max_hp_gain":0,"max_hp_loss":0,"event_name":"The Cleric","floor":2,"gold_loss":35},{"damage_healed":0,"gold_gain":0,"player_choice":"Grow","damage_taken":0,"max_hp_gain":0,"max_hp_loss":0,"event_name":"Living Wall","floor":4,"gold_loss":0,"cards_upgraded":["Zap"]},{"damage_healed":0,"gold_gain":0,"player_choice":"Fought Bandits","damage_taken":0,"max_hp_gain":0,"max_hp_loss":0,"event_name":"Masked Bandits","floor":19,"gold_loss":0},{"damage_healed":0,"gold_gain":0,"player_choice":"Relic","damage_taken":0,"max_hp_gain":0,"max_hp_loss":0,"event_name":"Wheel of Change","floor":20,"gold_loss":0}],"is_beta":false,"boss_relics":[{"not_picked":["Nuclear Battery","Busted Crown"],"picked":"Astrolabe"}],"items_purged_floors":[11,22],"is_endless":false,"potions_floor_spawned":[8,10,13,19,24],"killed_by":"Book of Stabbing","ascension_level":10}