{"gold_per_floor":[118,118,138,138,157,157,184,184,207,220,254,329,339,355,355,450,450,466,381,381,401,25,25,43,72,95,107,117,216,241,261,261,261],"floor_reached":33,"playtime":5783,"items_purged":[],"score":474,"play_id":"cac5e7f4-1cf1-4b2c-a8c8-fe5625fcfb9e","local_time":"20190308223317","is_ascension_mode":true,"campfire_choices":[{"data":"Hemokinesis","floor":6.0,"key":"SMITH"},{"data":"Perfected Strike","floor":8.0,"key":"SMITH"},{"data":"True Grit","floor":15.0,"key":"SMITH"},{"data":"Fiend Fire","floor":23.0,"key":"SMITH"},{"data":"1","floor":32,"key":"LIFT"}],"neow_cost":"NONE","seed_source_timestamp":0,"circlet_count":0,"master_deck":["AscendersBane","Strike_R","Strike_R","Strike_R","Strike_R","Defend_R","Defend_R+1","Defend_R+1","Defend_R","Bash+1","True Grit+1","Twin Strike","Hemokinesis+1","Perfected Strike+1","Feed","Iron Wave","Perfected Strike","Reaper","Armaments+1","Battle Trance","Fiend Fire+1","Evolve","Shrug It Off","Decay","Shrug It Off","Power Through+1"],"special_seed":0,"relics":["Burning Blood","War Paint","Bag of Preparation","Cursed Key","Girya","Bag of Marbles","Smiling Mask","Art of War","Pen Nib"],"potions_floor_usage":[33,33],"damage_taken":[{"damage":4.0,"enemies":"2 Louse","floor":1.0,"turns":3.0},{"damage":3.0,"enemies":"Small Slimes","floor":3.0,"turns":5.0},{"damage":0.0,"enemies":"Jaw Worm","floor":5.0,"turns":3.0},{"damage":32.0,"enemies":"Gremlin Nob","floor":7.0,"turns":4.0},{"damage":2.0,"enemies":"3 Louse","floor":10.0,"turns":3.0},{"damage":19.0,"enemies":"3 Sentries","floor":11.0,"turns":8.0},{"damage":6.0,"enemies":"Large Slime","floor":13.0,"turns":7.0},{"damage":16.0,"enemies":"Red Slaver","floor":14.0,"turns":2.0},{"damage":35.0,"enemies":"The Guardian","floor":16.0,"turns":11.0},{"damage":9.0,"enemies":"Spheric Guardian","floor":18.0,"turns":5.0},{"damage":20.0,"enemies":"2 Thieves","floor":21.0,"turns":4.0},{"damage":15.0,"enemies":"3 Cultists","floor":24.0,"turns":5.0},{"damage":32.0,"enemies":"Slavers","floor":25.0,"turns":5.0},{"damage":9.0,"enemies":"Centurion and Healer","floor":27.0,"turns":3.0},{"damage":2.0,"enemies":"Shelled Parasite and Fungi","floor":28.0,"turns":1.0},{"damage":27.0,"enemies":"Book of Stabbing","floor":30.0,"turns":4.0},{"damage":5,"enemies":"3 Cultists","floor":31,"turns":5},{"damage":122,"enemies":"Collector","floor":33,"turns":14}],"seed_played":"5588056139703485955","potions_obtained":[{"floor":5.0,"key":"BloodPotion"},{"floor":7.0,"key":"Poison Potion"},{"floor":10.0,"key":"SteroidPotion"},{"floor":13.0,"key":"AttackPotion"},{"floor":14.0,"key":"Fire Potion"},{"floor":21.0,"key":"Weak Potion"},{"floor":28.0,"key":"LiquidBronze"},{"floor":31,"key":"Dexterity Potion"}],"is_trial":false,"path_per_floor":["M","?","M","?","M","R","E","R","T","M","E","?","M","M","R","B",null,"M","?","?","M","$","R","M","E","T","M","M","?","E","M","R","B"],"character_chosen":"IRONCLAD","items_purchased":["Battle Trance","Fiend Fire","Evolve","Bag of Marbles"],"campfire_rested":0,"item_purchase_floors":[22,22,22,22],"current_hp_per_floor":[82,87,90,83,89,89,63,63,63,67,57,46,46,39,39,19,79,76,76,76,65,65,65,70,62,62,71,75,75,57,79,79,0],"gold":261,"neow_bonus":"TEN_PERCENT_HP_BONUS","is_prod":false,"is_daily":false,"chose_seed":false,"campfire_upgraded":4,"win_rate":0,"timestamp":1552102397,"path_taken":["M","?","M","?","M","R","E","R","T","M","E","?","M","?","R","BOSS","M","?","?","M","$","R","M","E","T","?","M","?","E","M","R","BOSS"],"build_version":"2019-01-23","purchased_purges":0,"victory":false,"max_hp_per_floor":[88,93,93,93,93,93,93,93,93,93,96,96,96,99,99,99,99,99,99,99,102,102,102,102,102,102,102,102,102,105,108,108,108],"card_choices":[{"not_picked":["Wild Strike","Perfected Strike"],"picked":"True Grit","floor":1.0},{"not_picked":["Warcry","Pommel Strike"],"picked":"Twin Strike","floor":3.0},{"not_picked":["Shrug It Off","Iron Wave"],"picked":"Hemokinesis","floor":5.0},{"not_picked":["Pummel","Armaments"],"picked":"Perfected Strike","floor":7.0},{"not_picked":["Armaments","Anger"],"picked":"Feed","floor":10.0},{"not_picked":["Uppercut","Clash","Bloodletting"],"picked":"SKIP","floor":11.0},{"not_picked":["Headbutt","Havoc"],"picked":"Iron Wave","floor":13.0},{"not_picked":["Entrench","Havoc"],"picked":"Perfected Strike","floor":14.0},{"not_picked":["Limit Break","Offering"],"picked":"Reaper","floor":16.0},{"not_picked":["Cleave","Fire Breathing","Anger"],"picked":"SKIP","floor":18.0},{"not_picked":["Combust","Twin Strike"],"picked":"Armaments+1","floor":21.0},{"not_picked":["Dual Wield","Infernal Blade+1","Evolve"],"picked":"SKIP","floor":24.0},{"not_picked":["Perfected Strike","Pommel Strike"],"picked":"Shrug It Off","floor":25.0},{"not_picked":["Sentinel","Pommel Strike+1"],"picked":"Shrug It Off","floor":27.0},{"not_picked":["Clothesline","Second Wind","Anger"],"picked":"SKIP","floor":28.0},{"not_picked":["Immolate","Infernal Blade+1"],"picked":"Power Through+1","floor":30.0},{"not_picked":["Infernal Blade","Flex+1","Entrench+1"],"picked":"SKIP","floor":31}],"player_experience":1738823,"relics_obtained":[{"floor":7.0,"key":"War Paint"},{"floor":11.0,"key":"Bag of Preparation"},{"floor":25.0,"key":"Smiling Mask"},{"floor":26.0,"key":"Art of War"},{"floor":30.0,"key":"Pen Nib"}],"event_choices":[{"damage_healed":0.0,"max_hp_gain":5.0,"max_hp_loss":0.0,"gold_gain":0.0,"event_name":"Big Fish","player_choice":"Donut","floor":2.0,"gold_loss":0.0,"damage_taken":0.0},{"cards_removed":["Strike_R"],"damage_healed":0.0,"max_hp_gain":0.0,"max_hp_loss":0.0,"gold_gain":0.0,"event_name":"Golden Wing","player_choice":"Card Removal","floor":4.0,"gold_loss":0.0,"damage_taken":7.0},{"damage_healed":0.0,"max_hp_gain":0.0,"max_hp_loss":0.0,"gold_gain":75.0,"event_name":"World of Goop","player_choice":"Gather Gold","floor":12.0,"gold_loss":0.0,"damage_taken":11.0},{"damage_healed":0.0,"max_hp_gain":0.0,"max_hp_loss":0.0,"gold_gain":0.0,"event_name":"Addict","player_choice":"Obtained Relic","floor":19.0,"gold_loss":85.0,"damage_taken":0.0,"relics_obtained":["Girya"]},{"damage_healed":0.0,"max_hp_gain":0.0,"max_hp_loss":0.0,"gold_gain":0.0,"event_name":"Upgrade Shrine","player_choice":"Upgraded","floor":20.0,"gold_loss":0.0,"damage_taken":0.0,"cards_upgraded":["Bash"]},{"damage_healed":0.0,"max_hp_gain":0.0,"max_hp_loss":0.0,"gold_gain":99.0,"event_name":"Nest","player_choice":"Stole From Cult","floor":29.0,"gold_loss":0.0,"damage_taken":0.0}],"is_beta":false,"boss_relics":[{"not_picked":["Pandora\u0027s Box","Runic Dome"],"picked":"Cursed Key"}],"items_purged_floors":[],"is_endless":false,"potions_floor_spawned":[5,7,10,13,14,21,28,31],"killed_by":"Collector","ascension_level":10}