{"gold_per_floor":[110,110,54,72,72,72,90,120,120,120,137,137,153,171,171,246,246,146,146,146,146,96,96,96,96,96,96,21,21,21,21,21,21,21,21,21,21,21,21,21,21,21,21,21,21,21,21,21,21,21,21],"floor_reached":52,"playtime":1674,"items_purged":["Strike_B"],"score":1982,"play_id":"adf42e06-b395-4e1c-99ec-b675d78dda1f","local_time":"20190228155503","is_ascension_mode":true,"campfire_choices":[{"data":"Defragment","floor":6.0,"key":"SMITH"},{"data":"Zap","floor":10.0,"key":"SMITH"},{"data":"Zap","floor":12.0,"key":"SMITH"},{"data":"Biased Cognition","floor":15.0,"key":"SMITH"},{"data":"Biased Cognition","floor":23.0,"key":"SMITH"},{"data":"Coolheaded","floor":25.0,"key":"SMITH"},{"data":"Tempest","floor":30.0,"key":"SMITH"},{"data":"Redo","floor":32.0,"key":"SMITH"},{"data":"Self Repair","floor":40,"key":"SMITH"},{"data":"Glacier","floor":44,"key":"SMITH"},{"data":"Electrodynamics","floor":49,"key":"SMITH"}],"neow_cost":"NONE","seed_source_timestamp":8071780740800,"circlet_count":0,"master_deck":["AscendersBane","Strike_B","Strike_B","Strike_B","Defend_B","Defend_B","Defend_B","Defend_B","Zap+1","Dualcast","Biased Cognition+1","Defragment+1","Leap","Zap+1","Coolheaded+1","Steam","Conserve Battery","Glacier+1","Biased Cognition+1","Self Repair+1","Coolheaded+1","Chill","Redo+1","Tempest+1","Electrodynamics+1","Capacitor+1","Core Surge+1"],"special_seed":0,"relics":["Cracked Core","Meat on the Bone","Oddly Smooth Stone","Ectoplasm","Prayer Wheel","Sundial","Symbiotic Virus","Pantograph","Smiling Mask","Pear","Lizard Tail","Centennial Puzzle","PreservedInsect","MawBank"],"potions_floor_usage":[51],"damage_taken":[{"damage":7.0,"enemies":"Small Slimes","floor":1.0,"turns":3.0},{"damage":0.0,"enemies":"Cultist","floor":4.0,"turns":3.0},{"damage":0.0,"enemies":"2 Louse","floor":7.0,"turns":2.0},{"damage":15.0,"enemies":"Lagavulin","floor":8.0,"turns":5.0},{"damage":0.0,"enemies":"Looter","floor":11.0,"turns":4.0},{"damage":8.0,"enemies":"3 Louse","floor":13.0,"turns":3.0},{"damage":18.0,"enemies":"Lots of Slimes","floor":14.0,"turns":3.0},{"damage":23.0,"enemies":"Slime Boss","floor":16.0,"turns":14.0},{"damage":6.0,"enemies":"2 Thieves","floor":18.0,"turns":5.0},{"damage":2.0,"enemies":"Chosen","floor":19.0,"turns":5.0},{"damage":10.0,"enemies":"Colosseum Slavers","floor":20.0,"turns":6.0},{"damage":26.0,"enemies":"Colosseum Nobs","floor":20.0,"turns":6.0},{"damage":0.0,"enemies":"Book of Stabbing","floor":24.0,"turns":6.0},{"damage":2.0,"enemies":"Snake Plant","floor":27.0,"turns":3.0},{"damage":5.0,"enemies":"Gremlin Leader","floor":29.0,"turns":6.0},{"damage":0.0,"enemies":"Book of Stabbing","floor":31.0,"turns":4.0},{"damage":20.0,"enemies":"Automaton","floor":33.0,"turns":12.0},{"damage":9.0,"enemies":"3 Darklings","floor":35.0,"turns":4.0},{"damage":10,"enemies":"Orb Walker","floor":39,"turns":3},{"damage":28,"enemies":"Reptomancer","floor":41,"turns":6},{"damage":20,"enemies":"Writhing Mass","floor":45,"turns":3},{"damage":8,"enemies":"Nemesis","floor":47,"turns":4},{"damage":6,"enemies":"Spire Growth","floor":48,"turns":5},{"damage":43,"enemies":"Donu and Deca","floor":50,"turns":11},{"damage":74,"enemies":"Awakened One","floor":51,"turns":18}],"seed_played":"2592458673089970242","potions_obtained":[{"floor":4.0,"key":"Strength Potion"},{"floor":7.0,"key":"Block Potion"},{"floor":19.0,"key":"Strength Potion"},{"floor":20.0,"key":"LiquidBronze"},{"floor":24.0,"key":"SmokeBomb"},{"floor":27.0,"key":"EssenceOfSteel"},{"floor":35.0,"key":"Energy Potion"}],"is_trial":false,"path_per_floor":["M","?","$","M","$","R","M","E","T","R","M","R","M","M","R","B",null,"M","M","?","?","?","R","E","R","T","M","$","E","R","E","R","B",null,"M","$","?","$","M","R","E","?","T","R","M","?","E","M","R","B","B",null],"character_chosen":"DEFECT","items_purchased":["Coolheaded"],"campfire_rested":0,"item_purchase_floors":[3],"current_hp_per_floor":[57,57,57,57,57,57,57,42,42,42,42,42,46,40,40,29,61,55,60,50,50,50,50,57,57,57,55,55,50,50,60,60,68,78,69,69,69,69,59,59,53,53,53,53,55,55,57,51,51,55,28],"gold":21,"neow_bonus":"ONE_RANDOM_RARE_CARD","is_prod":false,"is_daily":false,"chose_seed":false,"campfire_upgraded":11,"win_rate":0,"timestamp":1551369303,"path_taken":["M","?","$","M","$","R","M","E","T","R","M","R","?","M","R","BOSS","M","M","?","?","?","R","E","R","T","M","$","E","R","E","R","BOSS","M","?","?","$","M","R","E","?","T","R","?","?","E","M","R","BOSS","BOSS"],"build_version":"2019-01-23","purchased_purges":1,"victory":true,"max_hp_per_floor":[71,71,71,71,71,71,71,71,71,71,71,71,71,71,71,71,71,71,71,71,71,71,71,71,71,71,71,71,71,71,81,81,81,81,81,81,81,81,81,81,81,81,81,81,81,81,81,81,81,81,81],"card_choices":[{"not_picked":["Cold Snap","Go for the Eyes"],"picked":"Defragment","floor":1.0},{"not_picked":["Double Energy","Rebound"],"picked":"Steam","floor":4.0},{"not_picked":["Skim","Barrage"],"picked":"Conserve Battery","floor":7.0},{"not_picked":["Coolheaded","Rebound"],"picked":"Glacier","floor":8.0},{"not_picked":["Undo","Sweeping Beam","Skim"],"picked":"SKIP","floor":11.0},{"not_picked":["Turbo","Go for the Eyes"],"picked":"FTL","floor":13.0},{"not_picked":["Aggregate","Hologram","Undo"],"picked":"SKIP","floor":14.0},{"not_picked":["Thunder Strike","Machine Learning"],"picked":"Biased Cognition","floor":16.0},{"not_picked":["Double Energy","Stack"],"picked":"Self Repair","floor":18.0},{"not_picked":["Storm","Leap"],"picked":"Coolheaded+1","floor":19.0},{"not_picked":["Steam+1","Barrage"],"picked":"Chill","floor":20.0},{"not_picked":["Sweeping Beam","Auto Shields"],"picked":"Redo","floor":24.0},{"not_picked":["Rebound","Leap"],"picked":"Tempest","floor":27.0},{"not_picked":["Stack","Cold Snap"],"picked":"Electrodynamics","floor":27.0},{"not_picked":["Rip and Tear","Cold Snap"],"picked":"Capacitor+1","floor":29.0},{"not_picked":["Turbo","Leap","Conserve Battery"],"picked":"SKIP","floor":31.0},{"not_picked":["Fission","Machine Learning"],"picked":"Core Surge","floor":33.0},{"not_picked":["Reprogram+1","Lockon","Compile Driver"],"picked":"SKIP","floor":35.0},{"not_picked":["Sweeping Beam","Heatsinks","Force Field"],"picked":"SKIP","floor":35.0},{"not_picked":["Leap","Skim","Turbo"],"picked":"SKIP","floor":39},{"not_picked":["Lockon","Steam+1","Rebound"],"picked":"SKIP","floor":39},{"not_picked":["Hologram","Go for the Eyes","Compile Driver"],"picked":"SKIP","floor":41},{"not_picked":["Go for the Eyes","Rip and Tear","Aggregate+1"],"picked":"SKIP","floor":45},{"not_picked":["Beam Cell","Fission","Aggregate"],"picked":"SKIP","floor":45},{"not_picked":["Redo","Rip and Tear","Turbo"],"picked":"SKIP","floor":47},{"not_picked":["Go for the Eyes","Barrage","FTL"],"picked":"SKIP","floor":48},{"not_picked":["Rip and Tear","Double Energy+1","Lockon"],"picked":"SKIP","floor":48}],"player_experience":541903,"relics_obtained":[{"floor":8.0,"key":"Meat on the Bone"},{"floor":9.0,"key":"Oddly Smooth Stone"},{"floor":20.0,"key":"Prayer Wheel"},{"floor":20.0,"key":"Sundial"},{"floor":24.0,"key":"Symbiotic Virus"},{"floor":26.0,"key":"Pantograph"},{"floor":29.0,"key":"Smiling Mask"},{"floor":31.0,"key":"Pear"},{"floor":41,"key":"Centennial Puzzle"},{"floor":43,"key":"PreservedInsect"},{"floor":47,"key":"MawBank"}],"event_choices":[{"damage_healed":0.0,"max_hp_gain":0.0,"max_hp_loss":0.0,"gold_gain":0.0,"event_name":"Match and Keep!","player_choice":"2 cards matched","floor":2.0,"gold_loss":0.0,"damage_taken":0.0,"cards_obtained":["Leap","Zap"]},{"damage_healed":0.0,"max_hp_gain":0.0,"max_hp_loss":0.0,"gold_gain":0.0,"event_name":"Colosseum","player_choice":"Fight","floor":20.0,"gold_loss":0.0,"damage_taken":0.0},{"damage_healed":0.0,"max_hp_gain":0.0,"max_hp_loss":0.0,"gold_gain":0.0,"event_name":"Colosseum","player_choice":"Fought Nobs","floor":20.0,"gold_loss":0.0,"damage_taken":0.0},{"damage_healed":0.0,"max_hp_gain":0.0,"max_hp_loss":0.0,"gold_gain":0.0,"event_name":"The Mausoleum","player_choice":"Ignored","floor":21.0,"gold_loss":0.0,"damage_taken":0.0},{"damage_healed":0.0,"max_hp_gain":0.0,"max_hp_loss":0.0,"gold_gain":100.0,"event_name":"The Joust","player_choice":"Bet on Murderer","floor":22.0,"gold_loss":50.0,"damage_taken":0.0},{"damage_healed":0,"gold_gain":0,"player_choice":"Ignored","damage_taken":0,"max_hp_gain":0,"max_hp_loss":0,"event_name":"Mysterious Sphere","floor":37,"gold_loss":0},{"damage_healed":0,"gold_gain":0,"player_choice":"Forge","damage_taken":0,"max_hp_gain":0,"max_hp_loss":0,"event_name":"Accursed Blacksmith","floor":42,"gold_loss":0,"cards_upgraded":["Core Surge"]},{"cards_removed":["FTL"],"damage_healed":0,"gold_gain":0,"player_choice":"Removed Attack","damage_taken":0,"max_hp_gain":0,"max_hp_loss":0,"event_name":"Falling","floor":46,"gold_loss":0}],"is_beta":false,"boss_relics":[{"not_picked":["Calling Bell","Coffee Dripper"],"picked":"Ectoplasm"},{"not_picked":["Busted Crown","Astrolabe"],"picked":"Lizard Tail"}],"items_purged_floors":[28],"is_endless":false,"potions_floor_spawned":[4,7,19,20,24,27,35,41,47,48],"ascension_level":20}