{"gold_per_floor":[115,133,133,147,147,147,181,193,193,219,246,6,6,26,26,131,131,144,59,59,74,84,84,116,134,202,234,248,267,267,287,287,287],"floor_reached":33,"playtime":1059,"items_purged":[],"score":329,"play_id":"e0ff3b2d-5763-4e80-affb-2427147c5d4e","local_time":"20190125185059","is_ascension_mode":true,"campfire_choices":[{"data":"Sword Boomerang","floor":6.0,"key":"SMITH"},{"data":"True Grit","floor":13,"key":"SMITH"},{"data":"Inflame","floor":15,"key":"SMITH"},{"data":"Impervious","floor":23,"key":"SMITH"},{"data":"Searing Blow+1","floor":30,"key":"SMITH"},{"data":"Searing Blow+2","floor":32,"key":"SMITH"}],"neow_cost":"NONE","seed_source_timestamp":1647104197973,"circlet_count":0,"master_deck":["Strike_R","Strike_R","Strike_R","Strike_R","Strike_R","Defend_R","Defend_R","Defend_R","Defend_R","Bash","Sword Boomerang+1","Anger","Body Slam+1","Thunderclap","True Grit+1","Shrug It Off","Impervious+1","Inflame+1","Shrug It Off","Impervious+1","Cleave+1","Flex+1","Seeing Red+1","Disarm+1","Pummel","Shrug It Off+1","Headbutt","Searing Blow+3"],"special_seed":0,"relics":["Burning Blood","Question Card","Kunai","Meat on the Bone","Odd Mushroom","Paper Frog","Black Star","Juzu Bracelet","Champion Belt","Matryoshka","War Paint","Self Forming Clay","Centennial Puzzle","Toxic Egg 2"],"potions_floor_usage":[24,27,33,33],"damage_taken":[{"damage":2.0,"enemies":"Jaw Worm","floor":1.0,"turns":3.0},{"damage":6.0,"enemies":"Cultist","floor":2.0,"turns":3.0},{"damage":6.0,"enemies":"2 Louse","floor":4.0,"turns":3.0},{"damage":17.0,"enemies":"3 Sentries","floor":7.0,"turns":4.0},{"damage":1.0,"enemies":"2 Fungi Beasts","floor":8.0,"turns":2.0},{"damage":29.0,"enemies":"Lagavulin","floor":10.0,"turns":4.0},{"damage":7,"enemies":"The Mushroom Lair","floor":11,"turns":4},{"damage":18,"enemies":"Large Slime","floor":14,"turns":4},{"damage":3,"enemies":"Slime Boss","floor":16,"turns":5},{"damage":14,"enemies":"Shell Parasite","floor":18,"turns":6},{"damage":19,"enemies":"2 Thieves","floor":21,"turns":4},{"damage":0,"enemies":"Snecko","floor":22,"turns":4},{"damage":17,"enemies":"Gremlin Leader","floor":24,"turns":5},{"damage":42,"enemies":"3 Cultists","floor":25,"turns":6},{"damage":10,"enemies":"Book of Stabbing","floor":27,"turns":8},{"damage":8,"enemies":"Chosen and Byrds","floor":28,"turns":6},{"damage":3,"enemies":"Centurion and Healer","floor":29,"turns":8},{"damage":29,"enemies":"Snake Plant","floor":31,"turns":3},{"damage":61,"enemies":"Collector","floor":33,"turns":11}],"seed_played":"8640599179501109859","potions_obtained":[{"floor":2.0,"key":"SmokeBomb"},{"floor":3.0,"key":"AttackPotion"},{"floor":3.0,"key":"Strength Potion"},{"floor":7.0,"key":"Regen Potion"},{"floor":14,"key":"Swift Potion"},{"floor":25,"key":"GamblersBrew"},{"floor":28,"key":"BloodPotion"}],"is_trial":false,"path_per_floor":["M","M","?","M","?","R","E","M","T","E","?","$","R","M","R","B",null,"M","?","?","M","M","R","E","M","T","E","M","M","R","M","R","B"],"character_chosen":"IRONCLAD","items_purchased":["Paper Frog"],"campfire_rested":0,"item_purchase_floors":[12],"current_hp_per_floor":[80,80,80,80,80,80,69,74,74,51,50,50,50,50,50,53,80,72,72,72,59,65,65,54,30,30,53,51,54,54,43,43,0],"gold":287,"neow_bonus":"THREE_CARDS","is_prod":false,"is_daily":false,"chose_seed":true,"campfire_upgraded":6,"win_rate":0,"timestamp":1548442259,"path_taken":["M","M","?","?","?","R","E","M","T","E","?","$","R","M","R","BOSS","M","?","?","M","M","R","E","M","T","E","M","M","R","M","R","BOSS"],"build_version":"2019-01-23","purchased_purges":0,"victory":false,"max_hp_per_floor":[80,80,80,80,80,80,80,80,80,80,80,80,80,80,80,80,80,80,80,80,80,80,80,80,80,80,80,80,80,80,80,80,80],"card_choices":[{"not_picked":["Flex","Flame Barrier"],"picked":"Sword Boomerang","floor":0.0},{"not_picked":["Warcry","Heavy Blade"],"picked":"Anger","floor":1.0},{"not_picked":["Evolve","Iron Wave"],"picked":"Body Slam","floor":2.0},{"not_picked":["Carnage","Pummel"],"picked":"Thunderclap","floor":4.0},{"not_picked":["Clothesline","Armaments"],"picked":"True Grit","floor":7.0},{"not_picked":["Iron Wave","Clothesline","True Grit"],"picked":"Shrug It Off","floor":8.0},{"not_picked":["Reckless Charge","Flame Barrier","Clothesline"],"picked":"Impervious","floor":10},{"not_picked":["Pommel Strike","Sentinel","Wild Strike"],"picked":"Inflame","floor":11},{"not_picked":["Second Wind","Iron Wave","Headbutt"],"picked":"Shrug It Off","floor":14},{"not_picked":["Bludgeon","Juggernaut","Fiend Fire"],"picked":"Impervious","floor":16},{"not_picked":["Power Through","Entrench","Anger"],"picked":"Cleave+1","floor":18},{"not_picked":["Wild Strike","Searing Blow+1","Thunderclap"],"picked":"Flex+1","floor":21},{"not_picked":["Corruption+1","Double Tap","Twin Strike"],"picked":"Seeing Red+1","floor":22},{"not_picked":["True Grit","Twin Strike","Havoc"],"picked":"Disarm","floor":24},{"not_picked":["True Grit","Metallicize","Pommel Strike"],"picked":"Pummel","floor":25},{"not_picked":["Intimidate","Rage","Immolate"],"picked":"Shrug It Off","floor":27},{"not_picked":["Warcry+1","Infernal Blade+1","Juggernaut"],"picked":"Headbutt","floor":28},{"not_picked":["Sword Boomerang+1","Feel No Pain","True Grit+1"],"picked":"Searing Blow+1","floor":29},{"not_picked":["Havoc+1","Sever Soul","Headbutt","Carnage"],"picked":"SKIP","floor":31}],"player_experience":519127,"relics_obtained":[{"floor":7.0,"key":"Question Card"},{"floor":9.0,"key":"Kunai"},{"floor":10,"key":"Meat on the Bone"},{"floor":11,"key":"Odd Mushroom"},{"floor":24,"key":"Champion Belt"},{"floor":24,"key":"Matryoshka"},{"floor":26,"key":"War Paint"},{"floor":26,"key":"Self Forming Clay"},{"floor":27,"key":"Centennial Puzzle"},{"floor":27,"key":"Toxic Egg 2"}],"event_choices":[{"damage_healed":0.0,"max_hp_gain":0.0,"max_hp_loss":0.0,"gold_gain":0.0,"event_name":"Lab","player_choice":"Got Potions","floor":3.0,"gold_loss":0.0,"damage_taken":0.0},{"damage_healed":0.0,"max_hp_gain":0.0,"max_hp_loss":0.0,"gold_gain":0.0,"event_name":"Living Wall","player_choice":"Grow","floor":5.0,"gold_loss":0.0,"damage_taken":0.0,"cards_upgraded":["Body Slam"]},{"damage_healed":0,"gold_gain":0,"player_choice":"Fought Mushrooms","damage_taken":0,"max_hp_gain":0,"max_hp_loss":0,"event_name":"Mushrooms","floor":11,"gold_loss":0},{"damage_healed":0,"gold_gain":0,"player_choice":"Obtained Relic","damage_taken":0,"relics_obtained":["Juzu Bracelet"],"max_hp_gain":0,"max_hp_loss":0,"event_name":"Addict","floor":19,"gold_loss":85},{"damage_healed":0,"gold_gain":0,"player_choice":"Ignored","damage_taken":0,"max_hp_gain":0,"max_hp_loss":0,"event_name":"Vampires","floor":20,"gold_loss":0}],"is_beta":false,"boss_relics":[{"not_picked":["Busted Crown","Orrery"],"picked":"Black Star"}],"items_purged_floors":[],"is_endless":false,"potions_floor_spawned":[2,4,7,8,14,21,22,25,28],"killed_by":"Collector","ascension_level":2}