{"gold_per_floor":[113,113,124,30,30,30,30,30,57,74,109,109,184,201,201,275,275,288,288,288,307,307,307,323,323,323,333,333,333,383,433,433,506,506,519,537,191,204,254,254,285,285,285,285,62,73,123,173,173,173],"floor_reached":50,"playtime":1174,"items_purged":["Strike_B"],"score":928,"play_id":"58e9c360-ee4e-4bcc-870b-7fc19eb7dbf7","local_time":"20190322143345","is_ascension_mode":true,"campfire_choices":[{"data":"Sunder","floor":6.0,"key":"SMITH"},{"data":"Defragment","floor":8.0,"key":"SMITH"},{"floor":15.0,"key":"REST"},{"floor":23.0,"key":"REST"},{"floor":25.0,"key":"REST"},{"floor":28.0,"key":"REST"},{"floor":32.0,"key":"REST"},{"data":"Defragment","floor":40.0,"key":"SMITH"},{"data":"Buffer","floor":42.0,"key":"SMITH"},{"data":"Rainbow","floor":44.0,"key":"SMITH"},{"floor":49.0,"key":"REST"}],"neow_cost":"NONE","seed_source_timestamp":76719381458028,"circlet_count":0,"master_deck":["AscendersBane","Strike_B","Strike_B","Strike_B","Defend_B","Defend_B","Defend_B","Defend_B","Zap+1","Dualcast","Ball Lightning+1","Sunder+1","Defragment+1","Gash","Streamline+1","Echo Form","Cold Snap","Undo","Defragment+1","Buffer+1","Self Repair","Conserve Battery","Cold Snap","Glacier","Rainbow+1","Steam","Zap","Machine Learning"],"special_seed":0,"relics":["Cracked Core","Juzu Bracelet","Bronze Scales","Nuclear Battery","Enchiridion","Blue Candle","SsserpentHead","Sozu","DataDisk","Mercury Hourglass","Dodecahedron","Lee\u0027s Waffle"],"potions_floor_usage":[],"damage_taken":[{"damage":9.0,"enemies":"2 Louse","floor":1.0,"turns":3.0},{"damage":0.0,"enemies":"Cultist","floor":3.0,"turns":3.0},{"damage":0.0,"enemies":"Small Slimes","floor":10.0,"turns":2.0},{"damage":25.0,"enemies":"Lagavulin","floor":11.0,"turns":5.0},{"damage":6.0,"enemies":"Looter","floor":14.0,"turns":2.0},{"damage":15.0,"enemies":"The Guardian","floor":16.0,"turns":9.0},{"damage":11.0,"enemies":"3 Byrds","floor":18.0,"turns":2.0},{"damage":12.0,"enemies":"Chosen","floor":21.0,"turns":3.0},{"damage":28.0,"enemies":"Snecko","floor":24.0,"turns":5.0},{"damage":25.0,"enemies":"Centurion and Healer","floor":27.0,"turns":4.0},{"damage":29.0,"enemies":"Champ","floor":33.0,"turns":9.0},{"damage":39.0,"enemies":"3 Darklings","floor":35.0,"turns":5.0},{"damage":10.0,"enemies":"3 Shapes","floor":36.0,"turns":4.0},{"damage":2.0,"enemies":"Sphere and 2 Shapes","floor":38.0,"turns":4.0},{"damage":15.0,"enemies":"Giant Head","floor":41.0,"turns":9.0},{"damage":14.0,"enemies":"Transient","floor":46.0,"turns":6.0},{"damage":84,"enemies":"Donu and Deca","floor":50,"turns":13}],"seed_played":"3328801711940717618","potions_obtained":[{"floor":1.0,"key":"Swift Potion"},{"floor":10.0,"key":"Explosive Potion"},{"floor":14.0,"key":"SkillPotion"},{"floor":16.0,"key":"FearPotion"},{"floor":27.0,"key":"Strength Potion"}],"is_trial":false,"path_per_floor":["M","?","M","$","?","R","$","R","T","M","E","?","?","M","R","B",null,"M","?","?","M","?","R","M","R","T","M","R","?","?","?","R","B",null,"M","M","$","M","?","R","E","R","T","R","$","M","?","?","R","B"],"character_chosen":"DEFECT","items_purchased":["Defragment","Gash","DataDisk","Conserve Battery","Cold Snap","Lee\u0027s Waffle"],"campfire_rested":6,"item_purchase_floors":[4,4,37,37,37,45],"current_hp_per_floor":[55,55,55,55,55,55,55,55,55,55,30,30,19,13,34,19,58,47,26,26,14,28,49,21,42,42,17,38,38,31,31,52,23,59,20,10,10,15,58,58,50,50,50,50,65,51,51,51,65,0],"gold":173,"neow_bonus":"UPGRADE_CARD","is_prod":false,"is_daily":false,"chose_seed":false,"campfire_upgraded":5,"win_rate":0,"timestamp":1553265225,"path_taken":["M","?","?","$","?","R","$","R","T","M","E","?","?","M","R","BOSS","M","?","?","M","?","R","M","R","T","M","R","?","?","?","R","BOSS","M","M","$","M","?","R","E","R","T","R","$","M","?","?","R","BOSS"],"build_version":"2019-01-23","purchased_purges":1,"victory":false,"max_hp_per_floor":[71,71,71,71,71,71,71,71,71,71,71,71,71,71,71,71,71,71,71,71,71,71,71,71,71,71,71,71,71,71,71,71,71,71,71,71,71,71,58,58,58,58,58,58,65,65,65,65,65,65],"card_choices":[{"not_picked":["Consume","Gash"],"picked":"Ball Lightning","floor":1.0},{"not_picked":["Hologram","White Noise"],"picked":"Sunder","floor":3.0},{"not_picked":["Compile Driver","Melter","Rebound"],"picked":"SKIP","floor":10.0},{"not_picked":["Ball Lightning","Fission"],"picked":"Streamline","floor":11.0},{"not_picked":["Go for the Eyes","Barrage","Force Field"],"picked":"SKIP","floor":14.0},{"not_picked":["Hyperbeam","Multi-Cast"],"picked":"Echo Form","floor":16.0},{"not_picked":["Rebound","Sweeping Beam+1","Turbo"],"picked":"SKIP","floor":18.0},{"not_picked":["Ball Lightning+1","Reprogram"],"picked":"Cold Snap","floor":21.0},{"not_picked":["Rip and Tear","Hello World"],"picked":"Undo","floor":24.0},{"not_picked":["Rainbow","Steam"],"picked":"Defragment","floor":27.0},{"not_picked":["Multi-Cast","Meteor Strike"],"picked":"Buffer","floor":33.0},{"not_picked":["Go for the Eyes","Undo","Streamline+1"],"picked":"SKIP","floor":35.0},{"not_picked":["Steam+1","Sweeping Beam"],"picked":"Self Repair","floor":36.0},{"not_picked":["Conserve Battery+1","Hologram"],"picked":"Glacier","floor":38.0},{"not_picked":["Genetic Algorithm","Rebound"],"picked":"Rainbow","floor":41.0},{"not_picked":["Go for the Eyes","Rip and Tear"],"picked":"Steam","floor":46.0}],"player_experience":563580,"relics_obtained":[{"floor":9.0,"key":"Juzu Bracelet"},{"floor":11.0,"key":"Bronze Scales"},{"floor":19.0,"key":"Enchiridion"},{"floor":26.0,"key":"Blue Candle"},{"floor":41.0,"key":"Mercury Hourglass"},{"floor":43.0,"key":"Dodecahedron"}],"event_choices":[{"damage_healed":0.0,"max_hp_gain":0.0,"max_hp_loss":0.0,"gold_gain":0.0,"event_name":"Upgrade Shrine","player_choice":"Upgraded","floor":2.0,"gold_loss":0.0,"damage_taken":0.0,"cards_upgraded":["Ball Lightning"]},{"damage_healed":0.0,"max_hp_gain":0.0,"max_hp_loss":0.0,"gold_gain":0.0,"event_name":"The Cleric","player_choice":"Leave","floor":5.0,"gold_loss":0.0,"damage_taken":0.0},{"damage_healed":0.0,"max_hp_gain":0.0,"max_hp_loss":0.0,"gold_gain":0.0,"event_name":"Living Wall","player_choice":"Grow","floor":12.0,"gold_loss":0.0,"damage_taken":0.0,"cards_upgraded":["Streamline"]},{"damage_healed":0.0,"max_hp_gain":0.0,"max_hp_loss":0.0,"gold_gain":75.0,"event_name":"World of Goop","player_choice":"Gather Gold","floor":13.0,"gold_loss":0.0,"damage_taken":11.0},{"damage_healed":0.0,"max_hp_gain":0.0,"max_hp_loss":0.0,"gold_gain":0.0,"event_name":"Cursed Tome","player_choice":"Obtained Book","floor":19.0,"gold_loss":0.0,"damage_taken":21.0},{"damage_healed":0.0,"max_hp_gain":0.0,"max_hp_loss":0.0,"gold_gain":0.0,"event_name":"The Mausoleum","player_choice":"Ignored","floor":20.0,"gold_loss":0.0,"damage_taken":0.0},{"damage_healed":14.0,"max_hp_gain":0.0,"max_hp_loss":0.0,"gold_gain":0.0,"event_name":"The Library","player_choice":"Heal","floor":22.0,"gold_loss":0.0,"damage_taken":0.0},{"damage_healed":0.0,"max_hp_gain":0.0,"max_hp_loss":0.0,"gold_gain":0.0,"event_name":"FaceTrader","player_choice":"Trade","floor":29.0,"gold_loss":0.0,"damage_taken":0.0,"relics_obtained":["SsserpentHead"]},{"damage_healed":0.0,"max_hp_gain":0.0,"max_hp_loss":0.0,"gold_gain":0.0,"event_name":"Knowing Skull","player_choice":"","floor":30.0,"potions_obtained":[],"gold_loss":0.0,"damage_taken":7.0,"cards_obtained":[]},{"damage_healed":0.0,"max_hp_gain":0.0,"max_hp_loss":0.0,"gold_gain":0.0,"event_name":"Ghosts","player_choice":"Ignored","floor":31.0,"gold_loss":0.0,"damage_taken":0.0},{"damage_healed":58.0,"max_hp_gain":0.0,"max_hp_loss":13.0,"gold_gain":0.0,"event_name":"The Moai Head","player_choice":"Heal","floor":39.0,"gold_loss":0.0,"damage_taken":0.0},{"damage_healed":0.0,"max_hp_gain":0.0,"max_hp_loss":0.0,"gold_gain":0.0,"event_name":"Match and Keep!","player_choice":"2 cards matched","floor":47.0,"gold_loss":0.0,"damage_taken":0.0,"cards_obtained":["Zap","Machine Learning"]},{"damage_healed":0.0,"max_hp_gain":0.0,"max_hp_loss":0.0,"gold_gain":0.0,"event_name":"SecretPortal","player_choice":"Ignored","floor":48.0,"gold_loss":0.0,"damage_taken":0.0}],"is_beta":false,"boss_relics":[{"not_picked":["Tiny House","White Beast Statue"],"picked":"Nuclear Battery"},{"not_picked":["Eternal Feather","Philosopher\u0027s Stone"],"picked":"Sozu"}],"items_purged_floors":[37],"is_endless":false,"potions_floor_spawned":[1,10,14,16,18,27,46],"killed_by":"Donu and Deca","ascension_level":20}