{"gold_per_floor":[113,129,129,73,73,73,116,116,116,116,154,154,228,247,247,336,336,355,280,35,35,48,48,48,48,48,68,0,0,25,48,48,147,147,166,216,229,229,229,229,265,265,291,330,330,346,471,221,221,221,221],"floor_reached":52,"playtime":1610,"items_purged":[],"score":1849,"play_id":"5a435a0a-6ce0-40bf-ade3-ebd36117aca9","local_time":"20190219144621","is_ascension_mode":true,"campfire_choices":[{"floor":6.0,"key":"REST"},{"data":"Inflame","floor":8.0,"key":"SMITH"},{"data":"Bash","floor":12.0,"key":"SMITH"},{"data":"1","floor":15.0,"key":"LIFT"},{"data":"Iron Wave","floor":23.0,"key":"SMITH"},{"floor":25.0,"key":"REST"},{"data":"Shockwave","floor":29.0,"key":"SMITH"},{"floor":32.0,"key":"REST"},{"data":"2","floor":40.0,"key":"LIFT"},{"data":"3","floor":42.0,"key":"LIFT"},{"data":"Limit Break","floor":45.0,"key":"SMITH"},{"data":"Disarm","floor":49.0,"key":"SMITH"}],"neow_cost":"NONE","seed_source_timestamp":508808431118835,"circlet_count":0,"master_deck":["AscendersBane","Strike_R","Strike_R","Strike_R","Strike_R","Defend_R","Defend_R","Defend_R","Defend_R","Bash+1","Inflame+1","Headbutt","Shrug It Off","Iron Wave+1","Shrug It Off","Sword Boomerang","Shockwave+1","Reaper","Disarm+1","Spot Weakness","Limit Break+1","Feel No Pain"],"special_seed":0,"relics":["Burning Blood","Vajra","Boot","Golden Idol","Bottled Flame","Mummified Hand","Girya","Happy Flower","Sozu","Bag of Marbles","Nilry\u0027s Codex","Omamori","Lizard Tail","Bronze Scales","Blood Vial","Letter Opener","Dead Branch","Bag of Preparation"],"potions_floor_usage":[],"damage_taken":[{"damage":7.0,"enemies":"Jaw Worm","floor":1.0,"turns":3.0},{"damage":7.0,"enemies":"2 Louse","floor":2.0,"turns":3.0},{"damage":34.0,"enemies":"Lagavulin","floor":7.0,"turns":8.0},{"damage":3.0,"enemies":"Gremlin Nob","floor":11.0,"turns":3.0},{"damage":15.0,"enemies":"3 Sentries","floor":13.0,"turns":8.0},{"damage":0.0,"enemies":"Small Slimes","floor":14.0,"turns":2.0},{"damage":15.0,"enemies":"Hexaghost","floor":16.0,"turns":8.0},{"damage":13.0,"enemies":"Spheric Guardian","floor":18.0,"turns":5.0},{"damage":19.0,"enemies":"3 Byrds","floor":22.0,"turns":6.0},{"damage":13.0,"enemies":"Centurion and Healer","floor":27.0,"turns":5.0},{"damage":23.0,"enemies":"3 Cultists","floor":30.0,"turns":5.0},{"damage":27.0,"enemies":"Cultist and Chosen","floor":31.0,"turns":6.0},{"damage":52.0,"enemies":"Collector","floor":33.0,"turns":7.0},{"damage":0.0,"enemies":"Orb Walker","floor":35.0,"turns":2.0},{"damage":35.0,"enemies":"3 Darklings","floor":37.0,"turns":5.0},{"damage":70.0,"enemies":"Giant Head","floor":41.0,"turns":6.0},{"damage":3.0,"enemies":"Nemesis","floor":44.0,"turns":5.0},{"damage":6.0,"enemies":"4 Shapes","floor":46.0,"turns":3.0},{"damage":0.0,"enemies":"Mind Bloom Boss Battle","floor":47.0,"turns":6.0},{"damage":45,"enemies":"Time Eater","floor":50,"turns":8},{"damage":73,"enemies":"Awakened One","floor":51,"turns":7}],"seed_played":"1340631872135528798","potions_obtained":[{"floor":1.0,"key":"Swift Potion"},{"floor":7.0,"key":"Energy Potion"},{"floor":13.0,"key":"Energy Potion"}],"is_trial":false,"path_per_floor":["M","M","?","$","?","R","E","R","T","?","E","R","?","M","R","B",null,"M","?","$","?","M","R","?","R","T","M","?","R","M","M","R","B",null,"M","?","M","?","?","R","E","R","T","E","R","M","?","$","R","B","B",null],"character_chosen":"IRONCLAD","items_purchased":["Shrug It Off","Spot Weakness","Bag of Marbles","Bag of Preparation","Feel No Pain"],"campfire_rested":3,"item_purchase_floors":[4,20,20,48,48],"current_hp_per_floor":[67,66,61,61,35,57,29,29,29,29,32,32,23,29,29,20,61,54,54,54,33,35,35,35,57,57,73,73,73,68,47,69,48,68,74,74,75,75,75,75,58,58,58,75,75,75,75,75,75,75,46],"gold":221,"neow_bonus":"RANDOM_COMMON_RELIC","is_prod":false,"is_daily":false,"chose_seed":false,"campfire_upgraded":6,"win_rate":0,"timestamp":1550587581,"path_taken":["M","M","?","$","?","R","E","R","T","?","E","R","?","M","R","BOSS","M","?","$","?","M","R","?","R","T","?","?","R","M","M","R","BOSS","M","?","?","?","?","R","E","R","T","E","R","M","?","?","R","BOSS","BOSS"],"build_version":"2019-01-23","purchased_purges":0,"victory":true,"max_hp_per_floor":[75,75,75,75,75,75,75,75,75,75,75,75,75,75,75,75,75,75,75,75,75,75,75,75,75,75,75,75,75,75,75,75,75,75,75,75,75,75,75,75,75,75,75,75,75,75,75,75,75,75,75],"card_choices":[{"not_picked":["Seeing Red","Havoc"],"picked":"Inflame","floor":1.0},{"not_picked":["Clothesline","Body Slam"],"picked":"Headbutt","floor":2.0},{"not_picked":["Intimidate","True Grit"],"picked":"Iron Wave","floor":7.0},{"not_picked":["Thunderclap","Warcry"],"picked":"Shrug It Off","floor":11.0},{"not_picked":["True Grit","Dropkick"],"picked":"Sword Boomerang","floor":13.0},{"not_picked":["Anger","Iron Wave"],"picked":"Shockwave","floor":14.0},{"not_picked":["Brutality","Immolate"],"picked":"Reaper","floor":16.0},{"not_picked":["Pommel Strike","Sword Boomerang"],"picked":"Disarm","floor":18.0},{"not_picked":["Warcry","Clothesline","Sword Boomerang"],"picked":"SKIP","floor":22.0},{"not_picked":["Sword Boomerang","Clothesline","Warcry"],"picked":"SKIP","floor":27.0},{"not_picked":["Clothesline","Immolate","Headbutt"],"picked":"SKIP","floor":30.0},{"not_picked":["Infernal Blade","Twin Strike","Pommel Strike"],"picked":"SKIP","floor":31.0},{"not_picked":["Immolate","Offering"],"picked":"Limit Break","floor":33.0},{"not_picked":["Reckless Charge","Warcry+1","Shrug It Off"],"picked":"SKIP","floor":35.0},{"not_picked":["Infernal Blade","Twin Strike","Warcry"],"picked":"SKIP","floor":37.0},{"not_picked":["Blood for Blood","Entrench","Cleave"],"picked":"SKIP","floor":41.0},{"not_picked":["Pommel Strike","Sword Boomerang","Havoc"],"picked":"SKIP","floor":44.0},{"not_picked":["Feel No Pain","Carnage","Twin Strike"],"picked":"SKIP","floor":46.0}],"player_experience":534511,"relics_obtained":[{"floor":7.0,"key":"Bottled Flame"},{"floor":9.0,"key":"Mummified Hand"},{"floor":11.0,"key":"Girya"},{"floor":13.0,"key":"Happy Flower"},{"floor":21.0,"key":"Nilry\u0027s Codex"},{"floor":26.0,"key":"Omamori"},{"floor":41.0,"key":"Bronze Scales"},{"floor":43.0,"key":"Blood Vial"},{"floor":44.0,"key":"Letter Opener"},{"floor":47.0,"key":"Dead Branch"}],"event_choices":[{"damage_healed":0.0,"max_hp_gain":0.0,"max_hp_loss":0.0,"gold_gain":0.0,"event_name":"Scrap Ooze","player_choice":"Success","floor":3.0,"gold_loss":0.0,"damage_taken":5.0,"relics_obtained":["Boot"]},{"damage_healed":0.0,"max_hp_gain":0.0,"max_hp_loss":0.0,"gold_gain":0.0,"event_name":"Golden Idol","player_choice":"Take Damage","floor":5.0,"gold_loss":0.0,"damage_taken":26.0,"relics_obtained":["Golden Idol"]},{"damage_healed":0.0,"max_hp_gain":0.0,"max_hp_loss":0.0,"gold_gain":0.0,"event_name":"Shining Light","player_choice":"Ignored","floor":10.0,"gold_loss":0.0,"damage_taken":0.0},{"damage_healed":0.0,"max_hp_gain":0.0,"max_hp_loss":0.0,"gold_gain":0.0,"event_name":"Dead Adventurer","player_choice":"Searched \u00272\u0027 times","floor":13.0,"gold_loss":0.0,"damage_taken":0.0},{"cards_removed":["Strike_R"],"damage_healed":0.0,"max_hp_gain":0.0,"max_hp_loss":0.0,"gold_gain":0.0,"event_name":"Beggar","player_choice":"Gave Gold","floor":19.0,"gold_loss":75.0,"damage_taken":0.0},{"damage_healed":0.0,"max_hp_gain":0.0,"max_hp_loss":0.0,"gold_gain":0.0,"event_name":"Cursed Tome","player_choice":"Obtained Book","floor":21.0,"gold_loss":0.0,"damage_taken":21.0},{"damage_healed":0.0,"max_hp_gain":0.0,"max_hp_loss":0.0,"gold_gain":0.0,"event_name":"Masked Bandits","player_choice":"Paid Fearfully","floor":28.0,"gold_loss":68.0,"damage_taken":0.0},{"damage_healed":0.0,"max_hp_gain":0.0,"max_hp_loss":0.0,"gold_gain":50.0,"event_name":"Golden Shrine","player_choice":"Pray","floor":36.0,"gold_loss":0.0,"damage_taken":0.0},{"damage_healed":0.0,"max_hp_gain":0.0,"max_hp_loss":0.0,"gold_gain":0.0,"event_name":"Mysterious Sphere","player_choice":"Ignored","floor":38.0,"gold_loss":0.0,"damage_taken":0.0},{"damage_healed":0.0,"max_hp_gain":0.0,"max_hp_loss":0.0,"gold_gain":0.0,"event_name":"SensoryStone","player_choice":"Memory 1","floor":39.0,"gold_loss":0.0,"damage_taken":0.0},{"damage_healed":0.0,"max_hp_gain":0.0,"max_hp_loss":0.0,"gold_gain":0.0,"event_name":"MindBloom","player_choice":"Fight","floor":47.0,"gold_loss":0.0,"damage_taken":0.0}],"is_beta":false,"boss_relics":[{"not_picked":["Fusion Hammer","Eternal Feather"],"picked":"Sozu"},{"not_picked":["Black Star","Velvet Choker"],"picked":"Lizard Tail"}],"items_purged_floors":[],"is_endless":false,"potions_floor_spawned":[1,7,13,22,33,35,37,44],"ascension_level":20}