{"gold_per_floor":[119,119,129,149,149,149,180,180,180,180,190,190,208,225,225,303,303,318,351,351,365,365,365,400,400,476,486,367,384,103,132,132,207,207,227,0,0,0,24,24,37,37,37,37],"floor_reached":44,"playtime":832,"items_purged":["Strike_R+1"],"score":913,"play_id":"1699d648-8311-4f08-84f2-f08f88c7b6d5","local_time":"20190309170809","is_ascension_mode":true,"campfire_choices":[{"data":"Bash","floor":6.0,"key":"SMITH"},{"data":"Wild Strike","floor":10.0,"key":"SMITH"},{"data":"Uppercut","floor":15.0,"key":"SMITH"},{"data":"Bludgeon","floor":23.0,"key":"SMITH"},{"data":"Sword Boomerang","floor":25.0,"key":"SMITH"},{"data":"Inflame","floor":32.0,"key":"SMITH"},{"data":"Whirlwind","floor":40.0,"key":"SMITH"},{"data":"Double Tap","floor":42.0,"key":"SMITH"}],"neow_cost":"NONE","seed_source_timestamp":791195079411394,"circlet_count":0,"master_deck":["AscendersBane","Strike_R+1","Strike_R+1","Strike_R+1","Defend_R+1","Defend_R+1","Defend_R+1","Defend_R+1","Bash+1","Wild Strike+1","Metallicize","Twin Strike","Heavy Blade","Uppercut+1","Sword Boomerang+1","Pummel","Bludgeon+1","Double Tap+1","Inflame+1","Seeing Red+1","Whirlwind+1","Reckless Charge+1"],"special_seed":0,"relics":["Black Blood","Red Skull","PreservedInsect","Kunai","Meat on the Bone","Sozu","Red Mask","MutagenicStrength","Ice Cream","The Courier","Toxic Egg 2","StoneCalendar","Shuriken","Anchor","Mango"],"potions_floor_usage":[],"damage_taken":[{"damage":1.0,"enemies":"Cultist","floor":1.0,"turns":3.0},{"damage":6.0,"enemies":"2 Louse","floor":3.0,"turns":2.0},{"damage":0.0,"enemies":"Small Slimes","floor":4.0,"turns":2.0},{"damage":30.0,"enemies":"Lagavulin","floor":7.0,"turns":5.0},{"damage":4.0,"enemies":"2 Fungi Beasts","floor":11.0,"turns":4.0},{"damage":4.0,"enemies":"3 Louse","floor":13.0,"turns":3.0},{"damage":10.0,"enemies":"Blue Slaver","floor":14.0,"turns":3.0},{"damage":28.0,"enemies":"The Guardian","floor":16.0,"turns":8.0},{"damage":6.0,"enemies":"Chosen","floor":18.0,"turns":5.0},{"damage":53.0,"enemies":"Masked Bandits","floor":19.0,"turns":5.0},{"damage":6.0,"enemies":"3 Byrds","floor":21.0,"turns":4.0},{"damage":27.0,"enemies":"Book of Stabbing","floor":24.0,"turns":3.0},{"damage":0.0,"enemies":"Centurion and Healer","floor":27.0,"turns":3.0},{"damage":0.0,"enemies":"Snake Plant","floor":29.0,"turns":2.0},{"damage":22.0,"enemies":"Slavers","floor":31.0,"turns":4.0},{"damage":31.0,"enemies":"Automaton","floor":33.0,"turns":6.0},{"damage":36.0,"enemies":"3 Darklings","floor":35.0,"turns":3.0},{"damage":0.0,"enemies":"Orb Walker","floor":41.0,"turns":2.0}],"seed_played":"-26188365588191032","potions_obtained":[{"floor":1.0,"key":"LiquidBronze"},{"floor":4.0,"key":"Poison Potion"},{"floor":11.0,"key":"AttackPotion"},{"floor":13.0,"key":"SteroidPotion"}],"is_trial":false,"path_per_floor":["M","?","M","M","?","R","E","?","T","R","M","?","M","M","R","B",null,"M","?","?","M","?","R","E","R","T","M","$","M","$","E","R","B",null,"M","$","?","?","T","R","M","R","T","M"],"character_chosen":"IRONCLAD","items_purchased":["Inflame","Toxic Egg 2","Whirlwind","Shuriken"],"campfire_rested":0,"item_purchase_floors":[28,30,30,36],"current_hp_per_floor":[80,80,80,82,77,77,53,53,53,53,55,55,57,53,53,43,72,72,37,37,49,49,49,40,40,40,58,58,64,64,48,48,35,70,56,56,56,56,56,56,66,66,80,0],"gold":37,"neow_bonus":"TEN_PERCENT_HP_BONUS","is_prod":false,"is_daily":false,"chose_seed":false,"campfire_upgraded":8,"win_rate":0,"timestamp":1552151289,"path_taken":["M","?","?","M","?","R","E","?","T","R","?","?","M","M","R","BOSS","M","?","?","M","?","R","E","R","T","?","$","M","$","E","R","BOSS","M","$","?","?","?","R","M","R","T","M"],"build_version":"2019-01-23","purchased_purges":1,"victory":false,"max_hp_per_floor":[82,82,82,82,82,82,82,82,82,82,82,82,82,82,82,82,82,82,82,82,82,82,82,82,82,82,82,82,82,82,82,82,82,82,82,82,82,82,82,82,82,82,96,96],"card_choices":[{"not_picked":["Whirlwind","Hemokinesis"],"picked":"Wild Strike","floor":1.0},{"not_picked":["Havoc","Blood for Blood"],"picked":"Metallicize","floor":3.0},{"not_picked":["Warcry","Burning Pact"],"picked":"Twin Strike","floor":4.0},{"not_picked":["Feel No Pain","Rupture"],"picked":"Heavy Blade","floor":7.0},{"not_picked":["Warcry","Perfected Strike"],"picked":"Uppercut","floor":11.0},{"not_picked":["Iron Wave","Infernal Blade","Thunderclap"],"picked":"SKIP","floor":13.0},{"not_picked":["Cleave","Battle Trance"],"picked":"Sword Boomerang","floor":14.0},{"not_picked":["Clothesline","Rage","Pommel Strike+1"],"picked":"SKIP","floor":18.0},{"not_picked":["Twin Strike","Bloodletting"],"picked":"Pummel","floor":19.0},{"not_picked":["Headbutt","Metallicize+1"],"picked":"Bludgeon","floor":21.0},{"not_picked":["Sever Soul","Wild Strike"],"picked":"Double Tap","floor":24.0},{"not_picked":["Pommel Strike","Intimidate","Body Slam"],"picked":"SKIP","floor":27.0},{"not_picked":["Perfected Strike","Thunderclap"],"picked":"Seeing Red+1","floor":29.0},{"not_picked":["Barricade","Headbutt","Uppercut"],"picked":"SKIP","floor":31.0},{"not_picked":["Entrench+1","Battle Trance+1"],"picked":"Reckless Charge+1","floor":35.0},{"not_picked":["Burning Pact+1","Twin Strike","Warcry+1"],"picked":"SKIP","floor":41.0}],"player_experience":548341,"relics_obtained":[{"floor":7.0,"key":"Kunai"},{"floor":9.0,"key":"Meat on the Bone"},{"floor":19.0,"key":"Red Mask"},{"floor":24.0,"key":"Ice Cream"},{"floor":26.0,"key":"The Courier"},{"floor":31.0,"key":"StoneCalendar"},{"floor":39.0,"key":"Anchor"},{"floor":43.0,"key":"Mango"}],"event_choices":[{"damage_healed":0.0,"max_hp_gain":0.0,"max_hp_loss":0.0,"gold_gain":0.0,"event_name":"WeMeetAgain","player_choice":"Gave Potion","floor":2.0,"gold_loss":0.0,"damage_taken":0.0,"relics_obtained":["Red Skull"]},{"damage_healed":0.0,"max_hp_gain":0.0,"max_hp_loss":0.0,"gold_gain":0.0,"event_name":"Scrap Ooze","player_choice":"Success","floor":5.0,"gold_loss":0.0,"damage_taken":5.0,"relics_obtained":["PreservedInsect"]},{"cards_removed":["Strike_R"],"damage_healed":0.0,"max_hp_gain":0.0,"max_hp_loss":0.0,"gold_gain":0.0,"event_name":"Bonfire Elementals","player_choice":"Offered Basic","floor":8.0,"gold_loss":0.0,"damage_taken":0.0},{"damage_healed":0.0,"max_hp_gain":0.0,"max_hp_loss":0.0,"gold_gain":0.0,"event_name":"Liars Game","player_choice":"Ignored","floor":12.0,"gold_loss":0.0,"damage_taken":0.0},{"damage_healed":0.0,"max_hp_gain":0.0,"max_hp_loss":0.0,"gold_gain":0.0,"event_name":"Masked Bandits","player_choice":"Fought Bandits","floor":19.0,"gold_loss":0.0,"damage_taken":0.0},{"damage_healed":0.0,"max_hp_gain":0.0,"max_hp_loss":0.0,"gold_gain":0.0,"event_name":"Back to Basics","player_choice":"Simplicity","floor":20.0,"gold_loss":0.0,"damage_taken":0.0,"cards_upgraded":["Strike_R","Strike_R","Strike_R","Strike_R","Defend_R","Defend_R","Defend_R","Defend_R"]},{"damage_healed":0.0,"max_hp_gain":0.0,"max_hp_loss":0.0,"gold_gain":0.0,"event_name":"Drug Dealer","player_choice":"Inject Mutagens","floor":22.0,"gold_loss":0.0,"damage_taken":0.0,"relics_obtained":["MutagenicStrength"]},{"damage_healed":0.0,"max_hp_gain":0.0,"max_hp_loss":0.0,"gold_gain":0.0,"event_name":"Mysterious Sphere","player_choice":"Ignored","floor":37.0,"gold_loss":0.0,"damage_taken":0.0},{"damage_healed":0.0,"max_hp_gain":0.0,"max_hp_loss":0.0,"gold_gain":0.0,"event_name":"SensoryStone","player_choice":"Memory 1","floor":38.0,"gold_loss":0.0,"damage_taken":0.0}],"is_beta":false,"boss_relics":[{"not_picked":["Empty Cage","Cursed Key"],"picked":"Sozu"},{"not_picked":["Runic Cube","Pandora\u0027s Box"],"picked":"Black Blood"}],"items_purged_floors":[28],"is_endless":false,"potions_floor_spawned":[1,4,11,13,16,24,29,31,33],"killed_by":"Sphere and 2 Shapes","ascension_level":20}