{"gold_per_floor":[113,128,128,146,7,37,55,55,130,130,42,62,62,82,82,155,155,169,18,18,18,33,33,52,52,105,105,18,28,28,28],"floor_reached":31,"playtime":922,"items_purged":["Strike_G"],"score":470,"play_id":"1cedc772-a272-4ae5-999d-b101df4ecc09","local_time":"20190228145823","is_ascension_mode":true,"campfire_choices":[{"floor":8.0,"key":"REST"},{"floor":13.0,"key":"REST"},{"data":"Predator","floor":15.0,"key":"SMITH"},{"data":"After Image","floor":23.0,"key":"SMITH"},{"data":"Well Laid Plans","floor":25.0,"key":"SMITH"}],"neow_cost":"NONE","seed_source_timestamp":0,"circlet_count":0,"master_deck":["AscendersBane","Defend_G+1","Defend_G+1","Defend_G+1","Defend_G+1","Strike_G+1","Strike_G+1","Survivor","Neutralize","Dodge and Roll","Blur","Cloak And Dagger","Quick Slash","Noxious Fumes+1","Dagger Spray","Well Laid Plans+1","Flying Knee","Predator+1","Backflip","After Image+1","Dash","Crippling Poison","Shame","Regret","All Out Attack","Slice","Noxious Fumes","PiercingWail"],"special_seed":0,"relics":["Ring of the Snake","Du-Vu Doll","Centennial Puzzle","Pantograph","Cursed Key","Juzu Bracelet","Regal Pillow"],"potions_floor_usage":[31],"damage_taken":[{"damage":2.0,"enemies":"Cultist","floor":1.0,"turns":6.0},{"damage":0.0,"enemies":"Small Slimes","floor":2.0,"turns":7.0},{"damage":7.0,"enemies":"Jaw Worm","floor":4.0,"turns":8.0},{"damage":33.0,"enemies":"3 Sentries","floor":6.0,"turns":8.0},{"damage":9.0,"enemies":"Lots of Slimes","floor":7.0,"turns":4.0},{"damage":6.0,"enemies":"Blue Slaver","floor":12.0,"turns":3.0},{"damage":0.0,"enemies":"Looter","floor":14.0,"turns":3.0},{"damage":9.0,"enemies":"Slime Boss","floor":16.0,"turns":8.0},{"damage":15.0,"enemies":"2 Thieves","floor":18.0,"turns":5.0},{"damage":18.0,"enemies":"Shell Parasite","floor":22.0,"turns":6.0},{"damage":5.0,"enemies":"Sentry and Sphere","floor":24.0,"turns":6.0},{"damage":16.0,"enemies":"Shelled Parasite and Fungi","floor":29.0,"turns":6.0},{"damage":10,"enemies":"Cultist and Chosen","floor":31,"turns":3}],"seed_played":"5579318744299919399","potions_obtained":[{"floor":1.0,"key":"Poison Potion"},{"floor":2.0,"key":"Fruit Juice"},{"floor":4.0,"key":"Weak Potion"},{"floor":7.0,"key":"Poison Potion"},{"floor":16.0,"key":"Strength Potion"},{"floor":22.0,"key":"Swift Potion"},{"floor":24.0,"key":"GamblersBrew"}],"is_trial":false,"path_per_floor":["M","M","?","M","$","E","M","R","T","?","$","M","R","M","R","B",null,"M","$","?","?","M","R","M","R","T","?","$","M","?","M"],"character_chosen":"THE_SILENT","items_purchased":["Noxious Fumes","Dagger Spray","Predator","Crippling Poison","Noxious Fumes"],"campfire_rested":2,"item_purchase_floors":[5,5,11,19,28],"current_hp_per_floor":[57,57,57,50,50,17,8,27,27,27,27,21,40,40,40,56,64,49,49,49,49,31,31,26,26,26,26,26,10,10,0],"gold":28,"neow_bonus":"TRANSFORM_CARD","is_prod":false,"is_daily":false,"chose_seed":false,"campfire_upgraded":3,"win_rate":0,"timestamp":1551365903,"path_taken":["M","?","?","M","?","E","M","R","T","?","?","?","R","M","R","BOSS","M","$","?","?","M","R","M","R","T","?","$","M","?","M"],"build_version":"2019-01-23","purchased_purges":1,"victory":false,"max_hp_per_floor":[66,66,66,66,66,66,66,66,66,66,66,66,66,66,66,66,66,66,66,66,66,66,66,66,66,66,66,66,66,66,66],"card_choices":[{"not_picked":["Terror","Quick Slash"],"picked":"Blur","floor":1.0},{"not_picked":["Flechettes","Reflex"],"picked":"Cloak And Dagger","floor":2.0},{"not_picked":["Distraction","Poisoned Stab"],"picked":"Quick Slash","floor":4.0},{"not_picked":["Dagger Throw","Acrobatics"],"picked":"Well Laid Plans","floor":6.0},{"not_picked":["Prepared","Grand Finale"],"picked":"Flying Knee","floor":7.0},{"not_picked":["Masterful Stab","Tactician","Slice"],"picked":"SKIP","floor":12.0},{"not_picked":["Accuracy","Deadly Poison"],"picked":"Backflip","floor":14.0},{"not_picked":["Die Die Die","Adrenaline"],"picked":"After Image","floor":16.0},{"not_picked":["Flechettes","Underhanded Strike"],"picked":"Dash","floor":18.0},{"not_picked":["Finisher+1","Outmaneuver","Deflect"],"picked":"SKIP","floor":22.0},{"not_picked":["Underhanded Strike","Dagger Spray","Slice"],"picked":"SKIP","floor":24.0},{"not_picked":["Blade Dance","Backflip"],"picked":"PiercingWail","floor":29.0}],"player_experience":540981,"relics_obtained":[{"floor":6.0,"key":"Centennial Puzzle"},{"floor":9.0,"key":"Pantograph"},{"floor":26.0,"key":"Regal Pillow"}],"event_choices":[{"damage_healed":0.0,"max_hp_gain":0.0,"max_hp_loss":0.0,"gold_gain":0.0,"event_name":"WeMeetAgain","player_choice":"Gave Potion","floor":3.0,"gold_loss":0.0,"damage_taken":0.0,"relics_obtained":["Du-Vu Doll"]},{"damage_healed":0.0,"max_hp_gain":0.0,"max_hp_loss":0.0,"gold_gain":0.0,"event_name":"Living Wall","player_choice":"Grow","floor":10.0,"gold_loss":0.0,"damage_taken":0.0,"cards_upgraded":["Noxious Fumes"]},{"damage_healed":0.0,"max_hp_gain":0.0,"max_hp_loss":0.0,"gold_gain":0.0,"event_name":"Addict","player_choice":"Stole Relic","floor":20.0,"gold_loss":0.0,"damage_taken":0.0,"relics_obtained":["Juzu Bracelet"],"cards_obtained":["Shame"]},{"damage_healed":0.0,"max_hp_gain":0.0,"max_hp_loss":0.0,"gold_gain":0.0,"event_name":"Vampires","player_choice":"Ignored","floor":21.0,"gold_loss":0.0,"damage_taken":0.0},{"damage_healed":0.0,"max_hp_gain":0.0,"max_hp_loss":0.0,"gold_gain":0.0,"cards_transformed":["Defend_G","Strike_G"],"event_name":"Drug Dealer","player_choice":"Became Test Subject","floor":27.0,"gold_loss":0.0,"damage_taken":0.0,"cards_obtained":["All Out Attack","Slice"]},{"damage_healed":0.0,"max_hp_gain":0.0,"max_hp_loss":0.0,"gold_gain":0.0,"event_name":"Back to Basics","player_choice":"Simplicity","floor":30.0,"gold_loss":0.0,"damage_taken":0.0,"cards_upgraded":["Defend_G","Defend_G","Defend_G","Defend_G","Strike_G","Strike_G"]}],"is_beta":false,"boss_relics":[{"not_picked":["Busted Crown","Philosopher\u0027s Stone"],"picked":"Cursed Key"}],"items_purged_floors":[19],"is_endless":false,"potions_floor_spawned":[1,2,4,7,16,22,24],"killed_by":"Cultist and Chosen","ascension_level":20}