{"gold_per_floor":[112,41,53,63,76,110,110,121,173,123,156,156,187,187,187,266,266,283,295,67,67,85,85,117,17,17,17,35,35,35,55,55,134,134,145,160,160,178,33,33,61,61,143,143,153,172,172,172,172,172],"floor_reached":51,"playtime":2092,"items_purged":["Strike_B","Strike_B"],"score":1231,"play_id":"a7e8f495-5332-4aa0-b817-f9b1595f890e","local_time":"20190303201836","is_ascension_mode":true,"campfire_choices":[{"data":"Zap","floor":12,"key":"SMITH"},{"data":"Beam Cell","floor":15,"key":"SMITH"},{"data":"Creative AI","floor":23,"key":"SMITH"},{"data":"Go for the Eyes","floor":27,"key":"SMITH"},{"floor":32,"key":"REST"},{"floor":40,"key":"REST"},{"floor":42,"key":"REST"},{"floor":44,"key":"REST"},{"floor":49,"key":"REST"}],"neow_cost":"NONE","seed_source_timestamp":150008479175000,"circlet_count":0,"master_deck":["AscendersBane","Strike_B+1","Defend_B+1","Defend_B+1","Defend_B+1","Defend_B+1","Zap+1","Dualcast","Ball Lightning","Gash","Self Repair","Sweeping Beam","Go for the Eyes+1","Gash","Beam Cell+1","Core Surge","Glacier","Creative AI+1","Static Discharge+1","Gash","Gash","Redo+1","FTL","Electrodynamics","Chill+1","Reinforced Body","Scrape","Echo Form","Parasite","Gash"],"relics":["Cracked Core","Matryoshka","Anchor","Orichalcum","Lantern","Mango","Pear","Mercury Hourglass","Nuclear Battery","Incense Burner","Happy Flower","Cursed Key","Gremlin Horn","Pantograph"],"potions_floor_usage":[6,11,11,24,33,38,41,50,50],"damage_taken":[{"damage":12,"enemies":"Jaw Worm","floor":1,"turns":2},{"damage":0,"enemies":"Small Slimes","floor":3,"turns":3},{"damage":1,"enemies":"Cultist","floor":4,"turns":3},{"damage":7,"enemies":"Looter","floor":5,"turns":3},{"damage":20,"enemies":"3 Sentries","floor":6,"turns":5},{"damage":7,"enemies":"2 Fungi Beasts","floor":8,"turns":2},{"damage":6,"enemies":"Gremlin Nob","floor":11,"turns":3},{"damage":9,"enemies":"3 Sentries","floor":13,"turns":5},{"damage":15,"enemies":"The Guardian","floor":16,"turns":10},{"damage":17,"enemies":"2 Thieves","floor":18,"turns":4},{"damage":8,"enemies":"Shell Parasite","floor":19,"turns":5},{"damage":18,"enemies":"Snake Plant","floor":22,"turns":5},{"damage":39,"enemies":"Slavers","floor":24,"turns":3},{"damage":0,"enemies":"Centurion and Healer","floor":28,"turns":6},{"damage":4,"enemies":"3 Cultists","floor":31,"turns":4},{"damage":61,"enemies":"Champ","floor":33,"turns":8},{"damage":4,"enemies":"Orb Walker","floor":35,"turns":4},{"damage":16,"enemies":"3 Shapes","floor":36,"turns":3},{"damage":53,"enemies":"Transient","floor":38,"turns":5},{"damage":41,"enemies":"Nemesis","floor":41,"turns":9},{"damage":15,"enemies":"Spire Growth","floor":45,"turns":5},{"damage":21,"enemies":"Sphere and 2 Shapes","floor":46,"turns":4},{"damage":71,"enemies":"Donu and Deca","floor":50,"turns":9}],"seed_played":"-888965204644230388","potions_obtained":[{"floor":3,"key":"Ancient Potion"},{"floor":5,"key":"EssenceOfSteel"},{"floor":6,"key":"Fire Potion"},{"floor":16,"key":"LiquidBronze"},{"floor":18,"key":"GamblersBrew"},{"floor":24,"key":"Strength Potion"},{"floor":33,"key":"SpeedPotion"},{"floor":38,"key":"SpeedPotion"},{"floor":45,"key":"EntropicBrew"}],"is_trial":false,"path_per_floor":["M","$","M","M","M","E","?","M","T","?","E","R","E","T","R","B",null,"M","M","$","?","M","R","E","$","T","R","M","?","?","M","R","B",null,"M","M","$","M","$","R","E","R","T","R","M","M","?","?","R","B",null],"character_chosen":"DEFECT","items_purchased":["Self Repair","Gash","FairyPotion","Reinforced Body","Scrape"],"campfire_rested":5,"item_purchase_floors":[2,20,20,39,39],"current_hp_per_floor":[52,52,59,65,65,52,71,64,64,64,58,58,70,80,80,72,89,79,78,78,78,67,67,28,28,28,28,35,35,66,62,90,29,79,82,66,66,20,20,48,14,42,42,70,62,41,41,41,68,19],"gold":172,"neow_bonus":"THREE_CARDS","is_prod":false,"is_daily":false,"chose_seed":false,"campfire_upgraded":4,"win_rate":0,"timestamp":1551640716,"path_taken":["M","$","M","M","M","E","?","M","T","?","E","R","E","?","R","BOSS","M","M","$","?","M","R","E","?","T","R","?","?","?","M","R","BOSS","M","M","$","M","$","R","E","R","T","R","M","M","?","?","R","BOSS"],"build_version":"2019-01-23","purchased_purges":2,"victory":true,"max_hp_per_floor":[71,71,71,71,71,71,71,71,71,71,71,71,85,95,95,95,95,95,95,95,95,95,95,95,95,95,95,95,95,95,95,95,95,95,95,95,95,95,95,95,95,95,95,95,95,95,90,90,90,90],"card_choices":[{"not_picked":["Undo","Streamline"],"picked":"Ball Lightning","floor":0},{"not_picked":["Stack","Compile Driver"],"picked":"Gash","floor":1},{"not_picked":["Rip and Tear","Coolheaded"],"picked":"Sweeping Beam","floor":3},{"not_picked":["Turbo","Chaos","Leap"],"picked":"SKIP","floor":4},{"not_picked":["Turbo","Cold Snap"],"picked":"Go for the Eyes","floor":5},{"not_picked":["Streamline","Skim"],"picked":"Gash","floor":6},{"not_picked":["Chaos","Reprogram"],"picked":"Beam Cell","floor":8},{"not_picked":["Streamline","Conserve Battery"],"picked":"Core Surge","floor":11},{"not_picked":["Steam","Rip and Tear"],"picked":"Glacier","floor":13},{"not_picked":["Hyperbeam","Reboot"],"picked":"Creative AI","floor":16},{"not_picked":["Beam Cell","Sweeping Beam"],"picked":"Static Discharge+1","floor":18},{"not_picked":["Scrape","Chaos"],"picked":"Gash","floor":19},{"not_picked":["Undo","Double Energy","Sweeping Beam"],"picked":"SKIP","floor":22},{"not_picked":["Creative AI","Turbo"],"picked":"Redo+1","floor":24},{"not_picked":["Sweeping Beam","Blizzard"],"picked":"FTL","floor":28},{"not_picked":["Cold Snap","Steam Power","Streamline+1"],"picked":"SKIP","floor":31},{"not_picked":["Hyperbeam","Rainbow"],"picked":"Electrodynamics","floor":33},{"not_picked":["Skim","Steam","Tempest"],"picked":"SKIP","floor":35},{"not_picked":["Leap","Barrage","Lockon+1"],"picked":"SKIP","floor":36},{"not_picked":["Leap","Gash"],"picked":"Chill+1","floor":38},{"not_picked":["Conserve Battery","Consume"],"picked":"Echo Form","floor":41},{"not_picked":["Conserve Battery","Streamline+1"],"picked":"Gash","floor":45},{"not_picked":["Redo","Ball Lightning","Fission"],"picked":"SKIP","floor":46}],"player_experience":804349,"relics_obtained":[{"floor":6,"key":"Matryoshka"},{"floor":9,"key":"Anchor"},{"floor":9,"key":"Orichalcum"},{"floor":11,"key":"Lantern"},{"floor":13,"key":"Mango"},{"floor":14,"key":"Pear"},{"floor":14,"key":"Mercury Hourglass"},{"floor":24,"key":"Incense Burner"},{"floor":26,"key":"Happy Flower"},{"floor":41,"key":"Gremlin Horn"},{"floor":43,"key":"Pantograph"}],"event_choices":[{"damage_healed":23,"gold_gain":0,"player_choice":"Banana","damage_taken":0,"max_hp_gain":0,"max_hp_loss":0,"event_name":"Big Fish","floor":7,"gold_loss":0},{"cards_removed":["Strike_B"],"damage_healed":0,"gold_gain":0,"player_choice":"Card Removal","damage_taken":0,"max_hp_gain":0,"max_hp_loss":0,"event_name":"The Cleric","floor":10,"gold_loss":50},{"damage_healed":0,"gold_gain":0,"player_choice":"Ignored","damage_taken":0,"max_hp_gain":0,"max_hp_loss":0,"event_name":"Beggar","floor":21,"gold_loss":0},{"damage_healed":0,"gold_gain":0,"player_choice":"Simplicity","damage_taken":0,"max_hp_gain":0,"max_hp_loss":0,"event_name":"Back to Basics","floor":29,"gold_loss":0,"cards_upgraded":["Strike_B","Defend_B","Defend_B","Defend_B","Defend_B"]},{"damage_healed":31,"gold_gain":0,"player_choice":"Heal","damage_taken":0,"max_hp_gain":0,"max_hp_loss":0,"event_name":"The Library","floor":30,"gold_loss":0},{"damage_healed":0,"gold_gain":0,"player_choice":"Max HP","damage_taken":0,"max_hp_gain":0,"max_hp_loss":5,"event_name":"Winding Halls","floor":47,"gold_loss":0},{"damage_healed":0,"gold_gain":0,"player_choice":"Leave","damage_taken":0,"max_hp_gain":0,"max_hp_loss":0,"event_name":"FaceTrader","floor":48,"gold_loss":0}],"is_beta":false,"boss_relics":[{"not_picked":["Lizard Tail","Coffee Dripper"],"picked":"Nuclear Battery"},{"not_picked":["Empty Cage","White Beast Statue"],"picked":"Cursed Key"}],"items_purged_floors":[20,25],"is_endless":false,"potions_floor_spawned":[3,5,6,8,16,18,24,31,33,35,38,45],"ascension_level":14}