{"gold_per_floor":[119,29,29,29,42,76,1,27,50,65,65,76,90,109,109,183,183,198,218,218,218,218],"floor_reached":22,"playtime":1058,"items_purged":[],"score":420,"play_id":"12a4286e-372a-42ad-9baa-e37fa741ef21","local_time":"20190918202428","is_ascension_mode":true,"campfire_choices":[{"floor":11.0,"key":"REST"},{"data":"Zap","floor":15.0,"key":"SMITH"}],"neow_cost":"NONE","seed_source_timestamp":412937014662500,"circlet_count":0,"master_deck":["AscendersBane","Defend_B","Defend_B","Defend_B","Zap+1","Dualcast","Steam","Defragment","Conserve Battery","Go for the Eyes","Rebound","Hologram","Seek","Auto Shields","Coolheaded","Thunder Strike","FTL","Static Discharge","Go for the Eyes","Electrodynamics","Double Energy+1","Streamline+1","Biased Cognition+1","White Noise+1","Seek"],"special_seed":0,"relics":["Cracked Core","NeowsBlessing","Incense Burner","Prayer Wheel","DataDisk","Regal Pillow","Astrolabe"],"potions_floor_usage":[],"damage_taken":[{"damage":0.0,"enemies":"Cultist","floor":1.0,"turns":1.0},{"damage":0.0,"enemies":"2 Louse","floor":5.0,"turns":1.0},{"damage":0.0,"enemies":"Lagavulin","floor":6.0,"turns":1.0},{"damage":41.0,"enemies":"3 Sentries","floor":8.0,"turns":11.0},{"damage":9.0,"enemies":"Small Slimes","floor":10.0,"turns":2.0},{"damage":5.0,"enemies":"Exordium Wildlife","floor":12.0,"turns":4.0},{"damage":0.0,"enemies":"2 Fungi Beasts","floor":13.0,"turns":4.0},{"damage":13.0,"enemies":"Lots of Slimes","floor":14.0,"turns":4.0},{"damage":30.0,"enemies":"The Guardian","floor":16.0,"turns":10.0},{"damage":24.0,"enemies":"3 Byrds","floor":18.0,"turns":3.0},{"damage":19.0,"enemies":"2 Thieves","floor":19.0,"turns":4.0},{"damage":27,"enemies":"Chosen and Byrds","floor":22,"turns":5}],"seed_played":"2054585482161955581","potions_obtained":[{"floor":6.0,"key":"LiquidBronze"},{"floor":10.0,"key":"Weak Potion"}],"is_trial":false,"path_per_floor":["M","$","T","?","M","E","?","E","T","M","R","M","M","M","R","B",null,"M","M","?","?","M"],"character_chosen":"DEFECT","items_purchased":["Defragment","Conserve Battery"],"campfire_rested":1,"item_purchase_floors":[2,2],"current_hp_per_floor":[64,64,64,64,64,64,64,23,23,14,50,45,45,32,32,2,54,30,11,11,11,0],"gold":218,"neow_bonus":"THREE_ENEMY_KILL","is_prod":false,"is_daily":false,"chose_seed":false,"campfire_upgraded":1,"win_rate":0,"timestamp":1568805868,"path_taken":["M","$","?","?","?","E","?","E","T","M","R","M","M","M","R","BOSS","M","M","?","?","?"],"build_version":"2019-07-17","purchased_purges":0,"victory":false,"max_hp_per_floor":[71,71,71,71,71,71,71,71,71,71,71,71,71,71,71,71,71,71,71,71,71,71],"card_choices":[{"not_picked":["Sweeping Beam","Streamline"],"picked":"Steam","floor":1.0},{"not_picked":["Fusion","Ball Lightning"],"picked":"Go for the Eyes","floor":5.0},{"not_picked":["Self Repair","Reinforced Body"],"picked":"Rebound","floor":6.0},{"not_picked":["Beam Cell","Turbo"],"picked":"Hologram","floor":8.0},{"not_picked":["Chaos","Melter"],"picked":"Seek","floor":10.0},{"not_picked":["Barrage","Streamline"],"picked":"Auto Shields","floor":10.0},{"not_picked":["Hologram","Conserve Battery"],"picked":"Coolheaded","floor":12.0},{"not_picked":["Ball Lightning","Redo"],"picked":"Thunder Strike","floor":12.0},{"not_picked":["Cold Snap","Gash"],"picked":"FTL","floor":13.0},{"not_picked":["Rebound","Stack","Aggregate"],"picked":"SKIP","floor":13.0},{"not_picked":["Gash","Cold Snap"],"picked":"Static Discharge","floor":14.0},{"not_picked":["Beam Cell","Lockon"],"picked":"Go for the Eyes","floor":14.0},{"not_picked":["Amplify","Thunder Strike"],"picked":"Electrodynamics","floor":16.0},{"not_picked":["Hologram","Rebound","Steam"],"picked":"SKIP","floor":18.0},{"not_picked":["Reprogram","Rebound","Coolheaded"],"picked":"SKIP","floor":18.0},{"not_picked":["Consume","Redo"],"picked":"White Noise+1","floor":19.0},{"not_picked":["Auto Shields","Compile Driver","Darkness"],"picked":"SKIP","floor":19.0}],"player_experience":410094,"relics_obtained":[{"floor":3.0,"key":"Incense Burner"},{"floor":6.0,"key":"Prayer Wheel"},{"floor":8.0,"key":"DataDisk"},{"floor":9.0,"key":"Regal Pillow"}],"event_choices":[{"cards_removed":["Strike_B"],"damage_healed":0.0,"max_hp_gain":0.0,"max_hp_loss":0.0,"gold_gain":0.0,"event_name":"Purifier","player_choice":"Purged","floor":4.0,"gold_loss":0.0,"damage_taken":0.0},{"cards_removed":["Strike_B"],"damage_healed":0.0,"max_hp_gain":0.0,"max_hp_loss":0.0,"gold_gain":0.0,"event_name":"The Cleric","player_choice":"Card Removal","floor":7.0,"gold_loss":75.0,"damage_taken":0.0},{"damage_healed":0,"gold_gain":0,"player_choice":"Ignored","damage_taken":0,"max_hp_gain":0,"max_hp_loss":0,"event_name":"The Mausoleum","floor":20,"gold_loss":0},{"damage_healed":0,"gold_gain":0,"player_choice":"Copied","damage_taken":0,"max_hp_gain":0,"max_hp_loss":0,"event_name":"Duplicator","floor":21,"gold_loss":0,"cards_obtained":["Seek"]}],"is_beta":false,"boss_relics":[{"not_picked":["Runic Dome","Snecko Eye"],"picked":"Astrolabe"}],"items_purged_floors":[],"is_endless":false,"potions_floor_spawned":[6,10,13],"killed_by":"Chosen and Byrds","ascension_level":18}