{"gold_per_floor":[110,35,54,54,54,88,88,103,151,151,175,209,21,21,21,114,114,114,114,114,114,114,114,114,114],"floor_reached":25,"playtime":963,"items_purged":[],"score":468,"play_id":"ee119466-7911-4864-9099-4611938df6fb","local_time":"20190402114320","is_ascension_mode":true,"campfire_choices":[{"data":"Bash","floor":7,"key":"SMITH"},{"data":"Clothesline","floor":10,"key":"SMITH"},{"data":"Magnetism","floor":15,"key":"SMITH"},{"floor":23,"key":"REST"}],"neow_cost":"NONE","seed_source_timestamp":1299829715374000,"circlet_count":0,"master_deck":["AscendersBane","Strike_R","Strike_R","Strike_R","Defend_R","Defend_R","Defend_R","Defend_R","Bash+1","Whirlwind","Clothesline+1","Iron Wave","Carnage","Thunderclap","Magnetism+1","Juggernaut","True Grit"],"relics":["Burning Blood","NeowsBlessing","Bloody Idol","Anchor","Lantern","Blood Vial","Mummified Hand","Ectoplasm","Enchiridion"],"potions_floor_usage":[12,16,21,25],"damage_taken":[{"damage":0,"enemies":"Cultist","floor":1,"turns":1},{"damage":0,"enemies":"Small Slimes","floor":3,"turns":1},{"damage":0,"enemies":"Gremlin Nob","floor":6,"turns":1},{"damage":0,"enemies":"Jaw Worm","floor":8,"turns":3},{"damage":0,"enemies":"Exordium Wildlife","floor":11,"turns":3},{"damage":31,"enemies":"Lagavulin","floor":12,"turns":8},{"damage":43,"enemies":"Slime Boss","floor":16,"turns":9},{"damage":18,"enemies":"3 Byrds","floor":18,"turns":5},{"damage":22,"enemies":"Shell Parasite","floor":21,"turns":5},{"damage":25,"enemies":"Shelled Parasite and Fungi","floor":22,"turns":6},{"damage":40,"enemies":"Slavers","floor":25,"turns":2}],"seed_played":"428965708755929311","potions_obtained":[{"floor":8,"key":"EssenceOfSteel"},{"floor":11,"key":"SkillPotion"},{"floor":12,"key":"Energy Potion"},{"floor":16,"key":"LiquidBronze"},{"floor":18,"key":"Regen Potion"}],"is_trial":false,"path_per_floor":["M","?","M","?","?","E","R","M","T","R","M","E","$","T","R","B",null,"M","?","?","M","M","R","?","E"],"character_chosen":"IRONCLAD","items_purchased":["Magnetism"],"campfire_rested":1,"item_purchase_floors":[13],"current_hp_per_floor":[74,74,75,68,73,73,73,73,73,73,73,48,48,48,48,13,58,48,48,27,27,10,31,31,0],"gold":114,"neow_bonus":"THREE_ENEMY_KILL","is_prod":false,"is_daily":false,"chose_seed":false,"campfire_upgraded":3,"win_rate":0,"timestamp":1554194600,"path_taken":["M","?","M","?","?","E","R","M","T","R","M","E","$","?","R","BOSS","M","?","?","?","?","R","?","E"],"build_version":"2019-01-23","purchased_purges":0,"victory":false,"max_hp_per_floor":[75,75,75,68,73,73,73,73,73,73,73,73,73,73,73,73,73,73,73,73,73,73,73,73,73],"card_choices":[{"not_picked":["Clash","Cleave","Heavy Blade"],"picked":"SKIP","floor":1},{"not_picked":["Armaments","Sever Soul"],"picked":"Whirlwind","floor":3},{"not_picked":["Perfected Strike","Shrug It Off"],"picked":"Clothesline","floor":6},{"not_picked":["Shockwave","Burning Pact"],"picked":"Iron Wave","floor":8},{"not_picked":["Power Through","Flex"],"picked":"Carnage","floor":11},{"not_picked":["Clothesline","Clash"],"picked":"Thunderclap","floor":12},{"not_picked":["Feed","Dark Embrace"],"picked":"Juggernaut","floor":16},{"not_picked":["Clash","Blood for Blood","Sword Boomerang"],"picked":"SKIP","floor":18},{"not_picked":["Anger+1","Flex"],"picked":"True Grit","floor":21},{"not_picked":["Havoc","Combust","Rage+1"],"picked":"SKIP","floor":22}],"player_experience":1093274,"relics_obtained":[{"floor":6,"key":"Anchor"},{"floor":9,"key":"Lantern"},{"floor":12,"key":"Blood Vial"},{"floor":14,"key":"Mummified Hand"},{"floor":20,"key":"Enchiridion"}],"event_choices":[{"cards_removed":["Strike_R"],"damage_healed":0,"gold_gain":0,"player_choice":"Card Removal","damage_taken":0,"max_hp_gain":0,"max_hp_loss":0,"event_name":"The Cleric","floor":2,"gold_loss":75},{"damage_healed":0,"gold_gain":0,"player_choice":"Lose Max HP","damage_taken":0,"relics_obtained":["Golden Idol"],"max_hp_gain":0,"max_hp_loss":7,"event_name":"Golden Idol","floor":4,"gold_loss":0},{"damage_healed":0,"gold_gain":0,"player_choice":"Donut","damage_taken":0,"max_hp_gain":5,"max_hp_loss":0,"event_name":"Big Fish","floor":5,"gold_loss":0},{"damage_healed":0,"gold_gain":0,"player_choice":"Gave Idol","damage_taken":0,"relics_obtained":["Bloody Idol"],"max_hp_gain":0,"max_hp_loss":0,"event_name":"Forgotten Altar","floor":19,"relics_lost":["Golden Idol"],"gold_loss":0},{"damage_healed":0,"gold_gain":0,"player_choice":"Obtained Book","damage_taken":21,"max_hp_gain":0,"max_hp_loss":0,"event_name":"Cursed Tome","floor":20,"gold_loss":0},{"cards_removed":["Strike_R"],"damage_healed":0,"gold_gain":0,"player_choice":"Card Removal","damage_taken":0,"max_hp_gain":0,"max_hp_loss":0,"event_name":"Wheel of Change","floor":24,"gold_loss":0}],"is_beta":false,"boss_relics":[{"not_picked":["Velvet Choker","White Beast Statue"],"picked":"Ectoplasm"}],"items_purged_floors":[],"is_endless":false,"potions_floor_spawned":[8,11,12,16,18],"killed_by":"Slavers","ascension_level":20}