{"gold_per_floor":[111,59,59,59,84,119,131,158,195,242,254,286,298,323,335,473,485,510,299,313,23,23,23,54,67,119,119,138,148,148,168,168,273,273,291,291,240,260,260,287,301,28,28,45,103,122,133,147,147,147],"floor_reached":50,"playtime":4517,"items_purged":["Strike_B"],"score":808,"play_id":"55995a73-ddd7-4f38-89cd-2602f7f2bcef","local_time":"20180807183456","is_ascension_mode":true,"campfire_choices":[{"data":"Zap","floor":7,"key":"SMITH"},{"floor":15,"key":"REST"},{"data":"Apotheosis","floor":23,"key":"SMITH"},{"data":"BootSequence","floor":27,"key":"SMITH"},{"data":"Seek","floor":30,"key":"SMITH"},{"floor":32,"key":"REST"},{"floor":49,"key":"REST"}],"neow_cost":"NONE","seed_source_timestamp":199960682487968,"circlet_count":0,"master_deck":["Strike_B","Strike_B","Strike_B","Defend_B","Defend_B","Defend_B","Defend_B","Zap+1","Dualcast","Sweeping Beam","Conserve Battery","Glacier","Cold Snap","Melter","Ball Lightning","Beam Cell","Go for the Eyes","Seek+1","Double Energy+1","Auto Shields","Ball Lightning","Apotheosis+1","Recycle","Rebound","BootSequence+1","BootSequence","Buffer","Steam Power+1","Conserve Battery+1","Streamline","Steam Power+1","Conserve Battery+1","Capacitor+1","Ball Lightning","Ball Lightning+1","Hologram","Recycle","Hologram+1"],"relics":["Cracked Core","NeowsBlessing","Bloody Idol","MawBank","Vajra","Potion Belt","Bag of Marbles","Blood Vial","Lizard Tail","Bag of Preparation","Oddly Smooth Stone","Strawberry","Nuclear Battery","Prayer Wheel","Question Card","Bronze Scales","Centennial Puzzle","Tiny Chest"],"potions_floor_usage":[24,24,31,33,33,40,45,45,50,50,50,50,50],"damage_taken":[{"damage":0,"enemies":"Jaw Worm","floor":1,"turns":1},{"damage":0,"enemies":"2 Louse","floor":5,"turns":1},{"damage":0,"enemies":"3 Sentries","floor":6,"turns":1},{"damage":4,"enemies":"Small Slimes","floor":8,"turns":3},{"damage":12,"enemies":"Gremlin Nob","floor":10,"turns":5},{"damage":6,"enemies":"Looter","floor":12,"turns":2},{"damage":5,"enemies":"Blue Slaver","floor":14,"turns":3},{"damage":39,"enemies":"Hexaghost","floor":16,"turns":11},{"damage":1,"enemies":"Shell Parasite","floor":18,"turns":4},{"damage":7,"enemies":"3 Byrds","floor":20,"turns":5},{"damage":14,"enemies":"Slavers","floor":24,"turns":4},{"damage":0,"enemies":"Snake Plant","floor":25,"turns":4},{"damage":0,"enemies":"3 Cultists","floor":28,"turns":5},{"damage":20,"enemies":"Sentry and Sphere","floor":29,"turns":4},{"damage":20,"enemies":"Snake Plant","floor":31,"turns":4},{"damage":97,"enemies":"Automaton","floor":33,"turns":13},{"damage":11,"enemies":"Flame Bruiser 1 Orb","floor":35,"turns":7},{"damage":0,"floor":36,"turns":4},{"damage":0,"enemies":"3 Shapes","floor":38,"turns":4},{"damage":7,"enemies":"2 Orb Walkers","floor":40,"turns":5},{"damage":0,"enemies":"Sphere and 2 Shapes","floor":41,"turns":4},{"damage":12,"enemies":"4 Shapes","floor":44,"turns":3},{"damage":0,"enemies":"Giant Head","floor":45,"turns":9},{"damage":28,"enemies":"Maw","floor":46,"turns":9},{"damage":11,"enemies":"Flame Bruiser 2 Orb","floor":47,"turns":6},{"damage":0,"enemies":"Spire Growth","floor":48,"turns":4},{"damage":106,"enemies":"Time Eater","floor":50,"turns":12}],"seed_played":"3207148362485340574","potions_obtained":[{"floor":1,"key":"GamblersBrew"},{"floor":5,"key":"SpeedPotion"},{"floor":6,"key":"Ancient Potion"},{"floor":12,"key":"Block Potion"},{"floor":18,"key":"Block Potion"},{"floor":25,"key":"SpeedPotion"},{"floor":28,"key":"Poison Potion"},{"floor":33,"key":"Dexterity Potion"},{"floor":35,"key":"SpeedPotion"},{"floor":36,"key":"Block Potion"},{"floor":41,"key":"AttackPotion"},{"floor":45,"key":"Fruit Juice"},{"floor":47,"key":"Weak Potion"}],"is_trial":false,"path_per_floor":["M","$","?","?","M","E","R","M","T","E","T","M","?","M","R","B",null,"M","$","M","$","?","R","E","M","T","R","M","M","R","M","R","B",null,"M","?","$","M","?","E","M","$","T","M","E","M","M","M","R"],"character_chosen":"DEFECT","items_purchased":["Conserve Battery","Bag of Preparation","Auto Shields","Apotheosis","Recycle","Rebound","Streamline","Bronze Scales","Poison Potion"],"campfire_rested":3,"item_purchase_floors":[2,19,19,21,21,21,37,42,42],"current_hp_per_floor":[75,75,80,60,60,60,60,56,56,44,44,38,38,35,59,22,66,67,67,62,62,62,62,55,62,74,74,81,68,68,55,81,48,77,73,75,75,82,82,82,87,87,87,80,87,64,60,67,87,0],"gold":147,"neow_bonus":"THREE_ENEMY_KILL","is_prod":false,"is_daily":false,"chose_seed":false,"campfire_upgraded":4,"win_rate":0,"timestamp":1533634496,"path_taken":["M","$","?","?","M","E","R","M","T","E","?","M","?","?","R","BOSS","M","$","M","$","?","R","E","M","T","R","M","M","R","M","R","BOSS","M","?","$","M","?","E","M","$","T","M","E","?","M","M","R","BOSS"],"build_version":"2018-08-02","purchased_purges":1,"victory":false,"max_hp_per_floor":[75,75,80,80,80,80,80,80,80,80,80,80,80,80,80,80,80,80,80,80,80,80,80,80,80,87,87,87,87,87,87,87,87,87,87,87,87,87,87,87,87,87,87,87,87,87,87,87,87,92],"card_choices":[{"not_picked":["Double Energy","Coolheaded"],"picked":"Sweeping Beam","floor":1},{"not_picked":["Scrape","Capacitor"],"picked":"Glacier","floor":5},{"not_picked":["Creative AI","Steam"],"picked":"Cold Snap","floor":6},{"not_picked":["Consume","Compile Driver"],"picked":"Melter","floor":8},{"not_picked":["Beam Cell","Cold Snap"],"picked":"Ball Lightning","floor":10},{"not_picked":["Stack","Streamline"],"picked":"Beam Cell","floor":12},{"not_picked":["Gash","Barrage"],"picked":"Go for the Eyes","floor":14},{"not_picked":["Machine Learning","Core Surge"],"picked":"Seek","floor":16},{"not_picked":["Coolheaded+1","Barrage"],"picked":"Double Energy+1","floor":18},{"not_picked":["Conserve Battery","Sweeping Beam+1"],"picked":"Ball Lightning","floor":20},{"not_picked":["Cold Snap","Rebound","Conserve Battery"],"picked":"SKIP","floor":24},{"not_picked":["Ball Lightning","Machine Learning"],"picked":"BootSequence","floor":25},{"not_picked":["Leap","Redo","Sweeping Beam"],"picked":"SKIP","floor":28},{"not_picked":["Undo","Barrage"],"picked":"BootSequence","floor":29},{"not_picked":["FTL","Beam Cell+1","Stack"],"picked":"SKIP","floor":31},{"not_picked":["Meteor Strike","Rainbow"],"picked":"Buffer","floor":33},{"not_picked":["Hello World","Beam Cell"],"picked":"Steam Power+1","floor":35},{"not_picked":["Loop","Barrage"],"picked":"Conserve Battery+1","floor":36},{"not_picked":["BootSequence+1","Conserve Battery+1"],"picked":"Steam Power+1","floor":38},{"not_picked":["Stack","Gash"],"picked":"Conserve Battery+1","floor":38},{"not_picked":["Go for the Eyes+1","Streamline+1","Coolheaded+1"],"picked":"SKIP","floor":40},{"not_picked":["Coolheaded+1","Streamline+1","Compile Driver+1","Chill+1"],"picked":"SKIP","floor":41},{"not_picked":["Turbo","Gash+1","Streamline+1","Compile Driver"],"picked":"SKIP","floor":41},{"not_picked":["Lockon+1","Cold Snap","Hologram+1"],"picked":"Capacitor+1","floor":44},{"not_picked":["Consume+1","Rebound","Scrape+1","Fusion+1"],"picked":"SKIP","floor":44},{"not_picked":["Cold Snap","Rip and Tear","Fusion+1"],"picked":"Ball Lightning","floor":45},{"not_picked":["Scrape+1","Rip and Tear","Steam+1"],"picked":"Ball Lightning+1","floor":46},{"not_picked":["Creative AI","Cold Snap+1","Turbo+1","Recycle"],"picked":"SKIP","floor":46},{"not_picked":["All For One","Rebound","Sweeping Beam+1"],"picked":"Hologram","floor":47},{"not_picked":["Leap","Hologram","Gash+1","Beam Cell+1"],"picked":"SKIP","floor":47},{"not_picked":["Scrape","Redo","Chill+1"],"picked":"Recycle","floor":48},{"not_picked":["Chaos+1","Rebound","Coolheaded+1"],"picked":"Hologram+1","floor":48}],"player_experience":141474,"relics_obtained":[{"floor":6,"key":"MawBank"},{"floor":9,"key":"Vajra"},{"floor":10,"key":"Potion Belt"},{"floor":11,"key":"Bag of Marbles"},{"floor":24,"key":"Oddly Smooth Stone"},{"floor":26,"key":"Strawberry"},{"floor":36,"key":"Prayer Wheel"},{"floor":40,"key":"Question Card"},{"floor":43,"key":"Centennial Puzzle"},{"floor":45,"key":"Tiny Chest"}],"event_choices":[{"event_name":"Big Fish","player_choice":"Donut","floor":3,"damage_taken":0},{"event_name":"Golden Idol","player_choice":"Take Damage","floor":4,"damage_taken":0},{"event_name":"Dead Adventurer","player_choice":"Searched \u00271\u0027 times","floor":13,"damage_taken":0},{"event_name":"Forgotten Altar","player_choice":"Gave Idol","floor":22,"damage_taken":0},{"event_name":"MindBloom","player_choice":"Fight","floor":36,"damage_taken":0},{"event_name":"Mysterious Sphere","player_choice":"Ignore","floor":39,"damage_taken":0}],"is_beta":false,"boss_relics":[{"not_picked":["Cursed Key","Runic Dome"],"picked":"Lizard Tail"},{"not_picked":["Empty Cage","FrozenCore"],"picked":"Nuclear Battery"}],"items_purged_floors":[42],"is_endless":false,"potions_floor_spawned":[1,5,6,12,18,25,28,33,35,36,41,45,47],"killed_by":"Time Eater","ascension_level":5}