{"gold_per_floor":[109,17,17,37,47,80,80,105,105,123,141,141,158,189,189,266,266,277,277,289,64,84,115,115,144,167,167,182,210,210,221,221,292,292,308,308,360,379,379,407,424,424,450,85,185,201,58,89,89,89],"floor_reached":51,"playtime":24675,"items_purged":["Writhe"],"score":1486,"play_id":"04d87e39-15c0-40eb-a004-d71ec5b63c98","local_time":"20190929212203","is_ascension_mode":true,"campfire_choices":[{"data":"Bash","floor":7,"key":"SMITH"},{"data":"Armaments","floor":12,"key":"SMITH"},{"floor":15,"key":"REST"},{"floor":24,"key":"REST"},{"floor":27,"key":"REST"},{"data":"Corruption","floor":30,"key":"SMITH"},{"data":"Juggernaut","floor":32,"key":"SMITH"},{"floor":42,"key":"REST"},{"data":"Feel No Pain","floor":49,"key":"SMITH"}],"neow_cost":"TEN_PERCENT_HP_LOSS","seed_source_timestamp":18509816779343,"circlet_count":0,"master_deck":["AscendersBane","Strike_R","Strike_R","Strike_R","Strike_R","Strike_R","Defend_R","Defend_R","Defend_R","Bash+1","Twin Strike","Anger","Shrug It Off","Offering","Pommel Strike","Hemokinesis","Battle Trance","Shrug It Off","Disarm","Armaments+1","Brutality","Corruption+1","Disarm","Feel No Pain+1","Impervious","Feel No Pain+1","Pummel+1","Headbutt","Disarm","Havoc","Carnage","Juggernaut+1","Inflame+1","Corruption+1","Feel No Pain","Exhume","Shrug It Off","Havoc+1"],"relics":["Burning Blood","Mango","Dead Branch","Prayer Wheel","Gambling Chip","Blood Vial","Lizard Tail","Nilry\u0027s Codex","Happy Flower","Centennial Puzzle","Potion Belt","Bird Faced Urn","Cursed Key","Turnip","Shuriken","MawBank","Incense Burner","Calipers","Bag of Preparation","Frozen Egg 2"],"potions_floor_usage":[37,37,50,50,50],"damage_taken":[{"damage":7,"enemies":"Small Slimes","floor":1,"turns":3},{"damage":1,"enemies":"Cultist","floor":4,"turns":3},{"damage":2,"enemies":"Jaw Worm","floor":5,"turns":3},{"damage":13,"enemies":"Gremlin Nob","floor":6,"turns":3},{"damage":21,"enemies":"3 Sentries","floor":8,"turns":6},{"damage":10,"enemies":"Looter","floor":10,"turns":3},{"damage":8,"enemies":"2 Fungi Beasts","floor":11,"turns":4},{"damage":15,"enemies":"Exordium Thugs","floor":13,"turns":5},{"damage":32,"enemies":"Gremlin Nob","floor":14,"turns":5},{"damage":22,"enemies":"The Guardian","floor":16,"turns":14},{"damage":13,"enemies":"Chosen","floor":18,"turns":8},{"damage":12,"enemies":"3 Byrds","floor":20,"turns":7},{"damage":16,"enemies":"Shelled Parasite and Fungi","floor":22,"turns":8},{"damage":11,"enemies":"Slavers","floor":23,"turns":6},{"damage":11,"enemies":"Book of Stabbing","floor":25,"turns":6},{"damage":6,"enemies":"Snake Plant","floor":28,"turns":7},{"damage":15,"enemies":"Slavers","floor":29,"turns":5},{"damage":6,"enemies":"Snecko","floor":31,"turns":3},{"damage":10,"enemies":"Collector","floor":33,"turns":6},{"damage":12,"enemies":"Orb Walker","floor":35,"turns":4},{"damage":8,"enemies":"2 Orb Walkers","floor":37,"turns":3},{"damage":29,"enemies":"3 Shapes","floor":38,"turns":3},{"damage":10,"enemies":"Nemesis","floor":40,"turns":5},{"damage":19,"enemies":"Sphere and 2 Shapes","floor":41,"turns":2},{"damage":9,"enemies":"Mind Bloom Boss Battle","floor":45,"turns":3},{"damage":12,"enemies":"Jaw Worm Horde","floor":46,"turns":1},{"damage":6,"enemies":"Giant Head","floor":48,"turns":4},{"damage":25,"enemies":"Donu and Deca","floor":50,"turns":3}],"seed_played":"-2983424765762056337","potions_obtained":[{"floor":6,"key":"Ancient Potion"},{"floor":11,"key":"Strength Potion"},{"floor":14,"key":"EssenceOfSteel"},{"floor":20,"key":"PowerPotion"},{"floor":29,"key":"Energy Potion"},{"floor":35,"key":"Strength Potion"},{"floor":40,"key":"FairyPotion"},{"floor":41,"key":"Ancient Potion"}],"is_trial":false,"path_per_floor":["M","$","?","M","M","E","R","E","T","M","M","R","M","E","R","B",null,"M","?","M","$","M","E","R","E","T","R","M","E","R","M","R","B",null,"M","?","?","M","?","E","M","R","T","$","?","M","$","E","R","B",null],"character_chosen":"IRONCLAD","items_purchased":["Anger","Shrug It Off","Happy Flower","Disarm","Incense Burner","Bag of Preparation"],"campfire_rested":4,"item_purchase_floors":[2,2,21,21,44,47],"current_hp_per_floor":[81,81,81,82,82,75,75,60,60,56,54,54,45,19,43,29,69,64,43,39,39,31,28,52,49,49,73,75,68,68,78,78,82,82,82,82,82,71,71,81,69,82,82,82,82,80,80,82,82,73],"gold":89,"neow_bonus":"ONE_RARE_RELIC","is_prod":false,"is_daily":false,"chose_seed":false,"campfire_upgraded":5,"win_rate":0,"timestamp":1569784923,"path_taken":["M","$","?","M","M","E","R","E","T","M","?","R","M","E","R","BOSS","M","?","M","$","M","E","R","E","T","R","M","E","R","M","R","BOSS","M","?","?","M","?","E","M","R","T","$","?","?","$","E","R","BOSS"],"build_version":"2019-07-17","purchased_purges":1,"victory":true,"max_hp_per_floor":[82,82,82,82,82,82,82,82,82,82,82,82,82,82,82,82,82,82,82,82,82,82,82,82,82,82,82,82,82,82,82,82,82,82,82,82,82,82,82,82,82,82,82,82,82,82,82,82,82,82],"card_choices":[{"not_picked":["Clash","Battle Trance"],"picked":"Twin Strike","floor":1},{"not_picked":["Sever Soul","Body Slam"],"picked":"Pommel Strike","floor":4},{"not_picked":["Power Through","Body Slam"],"picked":"Hemokinesis","floor":5},{"not_picked":["Perfected Strike","Cleave"],"picked":"Battle Trance","floor":6},{"not_picked":["Clash","Pommel Strike"],"picked":"Shrug It Off","floor":8},{"not_picked":["Brutality","Armaments"],"picked":"Disarm","floor":10},{"not_picked":["Flex","Sword Boomerang"],"picked":"Armaments","floor":10},{"not_picked":["Sword Boomerang","Warcry"],"picked":"Brutality","floor":11},{"not_picked":["Iron Wave","Warcry"],"picked":"Corruption","floor":11},{"not_picked":["Wild Strike","Entrench"],"picked":"Disarm","floor":13},{"not_picked":["Entrench","Warcry","Pommel Strike"],"picked":"SKIP","floor":13},{"not_picked":["Twin Strike","Ghostly Armor"],"picked":"Feel No Pain","floor":14},{"not_picked":["Berserk","Limit Break"],"picked":"Impervious","floor":16},{"not_picked":["Anger","Seeing Red"],"picked":"Feel No Pain+1","floor":18},{"not_picked":["Iron Wave","Wild Strike"],"picked":"Pummel+1","floor":18},{"not_picked":["Combust","Bloodletting"],"picked":"Headbutt","floor":20},{"not_picked":["Warcry","Body Slam","Thunderclap+1"],"picked":"SKIP","floor":20},{"not_picked":["Cleave","Clothesline"],"picked":"Havoc","floor":22},{"not_picked":["Ghostly Armor","Searing Blow"],"picked":"Carnage","floor":22},{"not_picked":["Flex","Fire Breathing"],"picked":"Juggernaut","floor":23},{"not_picked":["Armaments","Rage"],"picked":"Inflame+1","floor":25},{"not_picked":["Clothesline","Pommel Strike"],"picked":"Corruption+1","floor":28},{"not_picked":["Clothesline","Combust","Searing Blow"],"picked":"SKIP","floor":28},{"not_picked":["Rage","Whirlwind+1","Pommel Strike"],"picked":"SKIP","floor":29},{"not_picked":["Combust","Sword Boomerang"],"picked":"Feel No Pain","floor":31},{"not_picked":["Perfected Strike","Whirlwind","Entrench"],"picked":"SKIP","floor":31},{"not_picked":["Brutality","Dark Embrace"],"picked":"Exhume","floor":33},{"not_picked":["Clash","Flame Barrier"],"picked":"Shrug It Off","floor":35},{"not_picked":["Clash+1","Sword Boomerang+1","Havoc+1"],"picked":"SKIP","floor":35},{"not_picked":["Fire Breathing+1","Anger+1","Rampage"],"picked":"SKIP","floor":38},{"not_picked":["Havoc","Sentinel","Body Slam"],"picked":"SKIP","floor":38},{"not_picked":["Anger+1","Cleave","Twin Strike"],"picked":"SKIP","floor":40},{"not_picked":["Reckless Charge+1","Pommel Strike","Flex"],"picked":"SKIP","floor":41},{"not_picked":["Sword Boomerang","Pommel Strike+1","Heavy Blade"],"picked":"SKIP","floor":41},{"not_picked":["Armaments","Sword Boomerang"],"picked":"Havoc+1","floor":46},{"not_picked":["True Grit","Feed","Wild Strike"],"picked":"SKIP","floor":46},{"not_picked":["Armaments","Uppercut","Headbutt+1"],"picked":"SKIP","floor":48}],"player_experience":1093634,"relics_obtained":[{"floor":6,"key":"Dead Branch"},{"floor":8,"key":"Prayer Wheel"},{"floor":9,"key":"Gambling Chip"},{"floor":14,"key":"Blood Vial"},{"floor":19,"key":"Nilry\u0027s Codex"},{"floor":25,"key":"Centennial Puzzle"},{"floor":26,"key":"Potion Belt"},{"floor":29,"key":"Bird Faced Urn"},{"floor":37,"key":"Turnip"},{"floor":40,"key":"Shuriken"},{"floor":43,"key":"MawBank"},{"floor":45,"key":"Calipers"},{"floor":48,"key":"Frozen Egg 2"}],"event_choices":[{"damage_healed":0,"gold_gain":0,"player_choice":"1 cards matched","damage_taken":0,"max_hp_gain":0,"max_hp_loss":0,"event_name":"Match and Keep!","floor":3,"gold_loss":0,"cards_obtained":["Offering"]},{"damage_healed":0,"gold_gain":0,"player_choice":"Obtained Book","damage_taken":21,"max_hp_gain":0,"max_hp_loss":0,"event_name":"Cursed Tome","floor":19,"gold_loss":0},{"damage_healed":0,"gold_gain":0,"player_choice":"Memory 1","damage_taken":0,"max_hp_gain":0,"max_hp_loss":0,"event_name":"SensoryStone","floor":36,"gold_loss":0},{"damage_healed":0,"gold_gain":0,"player_choice":"Fight","damage_taken":0,"max_hp_gain":0,"max_hp_loss":0,"event_name":"Mysterious Sphere","floor":37,"gold_loss":0},{"cards_removed":["Defend_R"],"damage_healed":0,"gold_gain":0,"player_choice":"Removed Skill","damage_taken":0,"max_hp_gain":0,"max_hp_loss":0,"event_name":"Falling","floor":39,"gold_loss":0},{"damage_healed":0,"gold_gain":0,"player_choice":"Fight","damage_taken":0,"max_hp_gain":0,"max_hp_loss":0,"event_name":"MindBloom","floor":45,"gold_loss":0}],"is_beta":false,"boss_relics":[{"not_picked":["White Beast Statue","Eternal Feather"],"picked":"Lizard Tail"},{"not_picked":["Runic Pyramid","Tiny House"],"picked":"Cursed Key"}],"items_purged_floors":[44],"is_endless":false,"potions_floor_spawned":[6,11,13,14,20,22,25,29,35,40,41,46],"ascension_level":15}