{"gold_per_floor":[109,9,20,20,37,364,364,317,317,282,282,282],"floor_reached":12,"playtime":450,"items_purged":["Shame"],"score":144,"play_id":"2b5341a3-cadd-45f3-8801-0d14c6a1077c","local_time":"20190810100910","is_ascension_mode":true,"campfire_choices":[{"floor":7,"key":"REST"}],"neow_cost":"CURSE","seed_source_timestamp":2911299656798,"circlet_count":0,"master_deck":["AscendersBane","Strike_G","Strike_G","Strike_G","Strike_G","Strike_G","Defend_G","Defend_G","Defend_G","Defend_G","Defend_G","Survivor","Neutralize","Dagger Throw","Deflect","Flying Knee","Skewer","Poisoned Stab"],"relics":["Ring of the Snake","Old Coin","Sundial","NlothsMask"],"potions_floor_usage":[6],"damage_taken":[{"damage":34,"enemies":"Jaw Worm","floor":1,"turns":7},{"damage":0,"enemies":"2 Louse","floor":3,"turns":3},{"damage":4,"enemies":"Small Slimes","floor":5,"turns":5},{"damage":25,"enemies":"Gremlin Nob","floor":6,"turns":4},{"damage":24,"enemies":"Exordium Thugs","floor":8,"turns":5},{"damage":26,"enemies":"Lagavulin","floor":12,"turns":5}],"seed_played":"-41075673334975586","potions_obtained":[{"floor":1,"key":"FearPotion"},{"floor":5,"key":"LiquidBronze"}],"is_trial":false,"path_per_floor":["M","$","M","?","M","E","R","M","T","?","?","E"],"character_chosen":"THE_SILENT","items_purchased":["Deflect"],"campfire_rested":1,"item_purchase_floors":[2],"current_hp_per_floor":[37,37,37,37,33,8,31,7,7,26,26,0],"gold":282,"neow_bonus":"TWENTY_PERCENT_HP_BONUS","is_prod":false,"is_daily":false,"chose_seed":false,"campfire_upgraded":0,"win_rate":0,"timestamp":1565424550,"path_taken":["M","$","M","?","M","E","R","M","T","?","?","E"],"build_version":"2019-07-17","purchased_purges":1,"victory":false,"max_hp_per_floor":[78,78,78,78,78,78,78,78,78,78,78,78],"card_choices":[{"not_picked":["Bane","Cloak And Dagger"],"picked":"Dagger Throw","floor":1},{"not_picked":["Dagger Throw","Acrobatics","Masterful Stab"],"picked":"SKIP","floor":3},{"not_picked":["Bane","Concentrate"],"picked":"Flying Knee","floor":5},{"not_picked":["Slice","Flechettes"],"picked":"Skewer","floor":6},{"not_picked":["Underhanded Strike","Quick Slash"],"picked":"Poisoned Stab","floor":8}],"player_experience":809181,"relics_obtained":[{"floor":6,"key":"Old Coin"},{"floor":9,"key":"Sundial"}],"event_choices":[{"damage_healed":0,"gold_gain":0,"player_choice":"Ignored","damage_taken":0,"max_hp_gain":0,"max_hp_loss":0,"event_name":"Golden Wing","floor":4,"gold_loss":0},{"damage_healed":19,"gold_gain":0,"player_choice":"Healed","damage_taken":0,"max_hp_gain":0,"max_hp_loss":0,"event_name":"The Cleric","floor":10,"gold_loss":35},{"damage_healed":0,"gold_gain":0,"player_choice":"Trade","damage_taken":0,"relics_obtained":["NlothsMask"],"max_hp_gain":0,"max_hp_loss":0,"event_name":"FaceTrader","floor":11,"gold_loss":0}],"is_beta":false,"boss_relics":[],"items_purged_floors":[2],"is_endless":false,"potions_floor_spawned":[1,5],"killed_by":"Lagavulin","ascension_level":17}