{"gold_per_floor":[115,115,131,148,33,33,49,49,49,49,174,224,251,363,363,363],"floor_reached":16,"playtime":649,"items_purged":[],"score":196,"play_id":"d79cdcd8-b4d8-48ee-962d-7ca9b56d0639","local_time":"20190323101029","is_ascension_mode":true,"campfire_choices":[{"data":"Body Slam","floor":6,"key":"SMITH"},{"floor":8,"key":"REST"},{"data":"1","floor":10,"key":"LIFT"},{"floor":15,"key":"REST"}],"neow_cost":"TEN_PERCENT_HP_LOSS","seed_source_timestamp":430507180524600,"circlet_count":0,"master_deck":["AscendersBane","Strike_R","Strike_R","Strike_R","Strike_R","Strike_R","Defend_R","Defend_R","Defend_R","Defend_R","Bash","Battle Trance","Dropkick","Body Slam+1","Headbutt","Immolate","Shrug It Off"],"relics":["Burning Blood","Ginger","SsserpentHead","Juzu Bracelet","Girya","Peace Pipe","Gremlin Horn"],"potions_floor_usage":[13,14,16],"damage_taken":[{"damage":2,"enemies":"Cultist","floor":1,"turns":4},{"damage":2,"enemies":"Small Slimes","floor":3,"turns":4},{"damage":8,"enemies":"2 Louse","floor":4,"turns":4},{"damage":38,"enemies":"Exordium Thugs","floor":7,"turns":5},{"damage":8,"enemies":"Gremlin Nob","floor":13,"turns":3},{"damage":37,"enemies":"Lagavulin Event","floor":14,"turns":5},{"damage":31,"enemies":"Hexaghost","floor":16,"turns":7}],"seed_played":"1594004434745746730","potions_obtained":[{"floor":1,"key":"Explosive Potion"},{"floor":13,"key":"SteroidPotion"},{"floor":14,"key":"SkillPotion"}],"is_trial":false,"path_per_floor":["M","?","M","M","$","R","M","R","T","R","?","?","E","?","R","B"],"character_chosen":"IRONCLAD","items_purchased":["Juzu Bracelet"],"campfire_rested":2,"item_purchase_floors":[5],"current_hp_per_floor":[68,68,68,66,66,66,34,54,54,54,43,43,41,10,30,0],"gold":363,"neow_bonus":"ONE_RARE_RELIC","is_prod":false,"is_daily":false,"chose_seed":false,"campfire_upgraded":1,"win_rate":0,"timestamp":1553325029,"path_taken":["M","?","M","M","?","R","M","R","T","R","?","?","E","?","R","BOSS"],"build_version":"2019-01-23","purchased_purges":0,"victory":false,"max_hp_per_floor":[68,68,68,68,68,68,68,68,68,68,68,68,68,68,68,68],"card_choices":[{"not_picked":["Iron Wave","Headbutt"],"picked":"Battle Trance","floor":1},{"not_picked":["Thunderclap","Wild Strike"],"picked":"Dropkick","floor":3},{"not_picked":["Evolve","Second Wind"],"picked":"Body Slam","floor":4},{"not_picked":["Armaments","Thunderclap"],"picked":"Headbutt","floor":7},{"not_picked":["Anger","Thunderclap"],"picked":"Immolate","floor":13},{"not_picked":["Warcry","Armaments"],"picked":"Shrug It Off","floor":14}],"player_experience":991736,"relics_obtained":[{"floor":9,"key":"Girya"},{"floor":13,"key":"Peace Pipe"},{"floor":14,"key":"Gremlin Horn"}],"event_choices":[{"damage_healed":0,"gold_gain":0,"player_choice":"Trade","damage_taken":0,"relics_obtained":["SsserpentHead"],"max_hp_gain":0,"max_hp_loss":0,"event_name":"FaceTrader","floor":2,"gold_loss":0},{"damage_healed":0,"gold_gain":75,"player_choice":"Gather Gold","damage_taken":11,"max_hp_gain":0,"max_hp_loss":0,"event_name":"World of Goop","floor":11,"gold_loss":0},{"damage_healed":0,"gold_gain":0,"player_choice":"Ignored","damage_taken":0,"max_hp_gain":0,"max_hp_loss":0,"event_name":"Liars Game","floor":12,"gold_loss":0},{"damage_healed":0,"gold_gain":30,"player_choice":"Searched \u00272\u0027 times","damage_taken":0,"max_hp_gain":0,"max_hp_loss":0,"event_name":"Dead Adventurer","floor":14,"gold_loss":0}],"is_beta":false,"boss_relics":[],"items_purged_floors":[],"is_endless":false,"potions_floor_spawned":[1,13,14],"killed_by":"Hexaghost","ascension_level":20}