{"gold_per_floor":[114,114,133,233,245,245,277,288,288,288,321,339,351,381,381,477,477,496,512,529,529],"floor_reached":21,"playtime":1521,"items_purged":[],"score":309,"play_id":"6258b8c8-cf32-4503-936a-3fbd708dae45","local_time":"20190915001035","is_ascension_mode":true,"campfire_choices":[{"data":"Dualcast","floor":6,"key":"SMITH"},{"data":"Auto Shields","floor":10,"key":"SMITH"},{"floor":15,"key":"REST"}],"neow_cost":"NONE","seed_source_timestamp":80477054465300,"circlet_count":0,"master_deck":["AscendersBane","Strike_B","Strike_B","Strike_B","Strike_B","Defend_B","Defend_B","Defend_B","Defend_B","Zap+1","Dualcast+1","Thunder Strike","Steam","Sunder","Self Repair","Auto Shields+1","Recycle","Leap","Cold Snap","Reboot","Leap+1","Steam","Recycle+1","Ball Lightning+1","Conserve Battery","Double Energy"],"relics":["Cracked Core","Bottled Tornado","Prayer Wheel","Incense Burner","Runic Pyramid"],"potions_floor_usage":[18,20,20],"damage_taken":[{"damage":7,"enemies":"Jaw Worm","floor":1,"turns":4},{"damage":0,"enemies":"Small Slimes","floor":3,"turns":3},{"damage":6,"enemies":"Cultist","floor":5,"turns":3},{"damage":38,"enemies":"Lagavulin","floor":7,"turns":7},{"damage":0,"enemies":"3 Louse","floor":8,"turns":2},{"damage":24,"enemies":"3 Sentries","floor":11,"turns":7},{"damage":0,"enemies":"2 Fungi Beasts","floor":12,"turns":5},{"damage":1,"enemies":"Looter","floor":13,"turns":4},{"damage":25,"enemies":"Hexaghost","floor":16,"turns":16},{"damage":38,"enemies":"3 Byrds","floor":18,"turns":6},{"damage":0,"enemies":"Shell Parasite","floor":19,"turns":12},{"damage":42,"enemies":"Chosen and Byrds","floor":20,"turns":9},{"damage":17,"enemies":"Centurion and Healer","floor":21,"turns":1}],"seed_played":"-474296590496639067","potions_obtained":[{"floor":3,"key":"SpeedPotion"},{"floor":8,"key":"SkillPotion"},{"floor":13,"key":"PowerPotion"},{"floor":16,"key":"Regen Potion"},{"floor":18,"key":"AttackPotion"},{"floor":20,"key":"Fire Potion"}],"is_trial":false,"path_per_floor":["M","?","M","?","M","R","E","M","T","R","E","M","M","?","R","B",null,"M","M","M","M"],"character_chosen":"DEFECT","items_purchased":[],"campfire_rested":1,"item_purchase_floors":[],"current_hp_per_floor":[61,61,61,61,55,55,24,31,31,31,14,21,27,27,49,31,64,45,52,17,0],"gold":529,"neow_bonus":"ONE_RANDOM_RARE_CARD","is_prod":false,"is_daily":false,"chose_seed":false,"campfire_upgraded":2,"win_rate":0,"timestamp":1568473835,"path_taken":["M","?","M","?","M","R","E","?","T","R","E","M","M","?","R","BOSS","M","M","M","M"],"build_version":"2019-07-17","purchased_purges":0,"victory":false,"max_hp_per_floor":[75,75,75,75,75,75,75,75,75,75,75,75,75,75,75,75,75,75,75,75,75],"card_choices":[{"not_picked":["Reinforced Body","Recycle"],"picked":"Steam","floor":1},{"not_picked":["Gash","Reinforced Body"],"picked":"Sunder","floor":3},{"not_picked":["Turbo","Compile Driver"],"picked":"Self Repair","floor":5},{"not_picked":["Rip and Tear","Go for the Eyes","Meteor Strike"],"picked":"SKIP","floor":7},{"not_picked":["Beam Cell","Fusion"],"picked":"Auto Shields","floor":8},{"not_picked":["Gash","Steam"],"picked":"Recycle","floor":11},{"not_picked":["Coolheaded","Go for the Eyes","Turbo"],"picked":"SKIP","floor":12},{"not_picked":["Barrage","Recycle","Gash"],"picked":"SKIP","floor":12},{"not_picked":["Compile Driver","Hologram"],"picked":"Leap","floor":13},{"not_picked":["Consume","Defragment"],"picked":"Cold Snap","floor":13},{"not_picked":["Biased Cognition","Meteor Strike"],"picked":"Reboot","floor":16},{"not_picked":["Loop","Turbo"],"picked":"Leap+1","floor":18},{"not_picked":["Compile Driver+1","White Noise"],"picked":"Steam","floor":18},{"not_picked":["White Noise","Hello World+1"],"picked":"Recycle+1","floor":19},{"not_picked":["Stack","Steam Power"],"picked":"Ball Lightning+1","floor":19},{"not_picked":["Hologram","Beam Cell+1"],"picked":"Conserve Battery","floor":20},{"not_picked":["Redo","Steam Power"],"picked":"Double Energy","floor":20}],"player_experience":317414,"relics_obtained":[{"floor":7,"key":"Bottled Tornado"},{"floor":9,"key":"Prayer Wheel"},{"floor":11,"key":"Incense Burner"}],"event_choices":[{"damage_healed":0,"gold_gain":0,"player_choice":"Grow","damage_taken":0,"max_hp_gain":0,"max_hp_loss":0,"event_name":"Living Wall","floor":2,"gold_loss":0,"cards_upgraded":["Zap"]},{"damage_healed":0,"gold_gain":100,"player_choice":"Pray","damage_taken":0,"max_hp_gain":0,"max_hp_loss":0,"event_name":"Golden Shrine","floor":4,"gold_loss":0},{"damage_healed":0,"gold_gain":30,"player_choice":"Searched \u00272\u0027 times","damage_taken":0,"max_hp_gain":0,"max_hp_loss":0,"event_name":"Dead Adventurer","floor":14,"gold_loss":0}],"is_beta":false,"boss_relics":[{"not_picked":["Tiny House","Fusion Hammer"],"picked":"Runic Pyramid"}],"items_purged_floors":[],"is_endless":false,"potions_floor_spawned":[3,8,11,13,16,18,20],"killed_by":"Centurion and Healer","ascension_level":12}