{"gold_per_floor":[116,116,133,52,52,52,84,84,155,186,217,217,246,261,261,338,338,356,356,368,368,380,380,409,409,409,420,33,47,74,88,88,162,162,174,184,529,84,84,84,115,148,199,199,199,232,232,20,20,20,20,20,20,20,48,48],"floor_reached":57,"playtime":3852,"items_purged":["Strike_R"],"score":2904,"play_id":"8f8b678f-9aed-493a-aded-4c1233f8ae68","local_time":"20190408195008","is_ascension_mode":true,"campfire_choices":[{"data":"Uppercut","floor":6,"key":"SMITH"},{"data":"Immolate","floor":8,"key":"SMITH"},{"data":"Flame Barrier","floor":12,"key":"SMITH"},{"data":"Bash","floor":15,"key":"SMITH"},{"data":"Whirlwind","floor":23,"key":"SMITH"},{"data":"Dark Embrace","floor":25,"key":"SMITH"},{"floor":32,"key":"REST"},{"data":"Demon Form","floor":40,"key":"SMITH"},{"floor":44,"key":"RECALL"},{"data":"Heavy Blade","floor":47,"key":"SMITH"},{"data":"Feel No Pain","floor":49,"key":"SMITH"},{"data":"Offering","floor":53,"key":"SMITH"}],"neow_cost":"NONE","seed_source_timestamp":43299581457500,"circlet_count":0,"master_deck":["AscendersBane","Strike_R","Strike_R","Defend_R","Defend_R","Defend_R","Defend_R","Bash+1","Uppercut+1","Headbutt","Feel No Pain+1","Immolate+1","Flame Barrier+1","Impervious","Whirlwind+1","Dark Embrace+1","Shrug It Off","Offering+1","Spot Weakness","Spot Weakness","Ghostly Armor+1","Demon Form+1","Reaper","Corruption+1","Sword Boomerang","Shrug It Off","Heavy Blade+1","Demon Form+1"],"relics":["Burning Blood","NeowsBlessing","WingedGreaves","Singing Bowl","Matryoshka","Ornamental Fan","Paper Frog","Philosopher\u0027s Stone","Bronze Scales","Happy Flower","Red Skull","HandDrill","Juzu Bracelet","Sozu","Old Coin","Lee\u0027s Waffle","Bag of Preparation","Ancient Tea Set","Mummified Hand","Self Forming Clay","Bottled Lightning","DollysMirror","Bag of Marbles"],"potions_floor_usage":[11,24,56,56],"damage_taken":[{"damage":0,"enemies":"2 Louse","floor":1,"turns":1},{"damage":0,"enemies":"Cultist","floor":3,"turns":1},{"damage":0,"enemies":"Lagavulin","floor":7,"turns":1},{"damage":12,"enemies":"3 Sentries","floor":10,"turns":4},{"damage":34,"enemies":"Lagavulin","floor":11,"turns":6},{"damage":17,"enemies":"3 Sentries","floor":13,"turns":8},{"damage":0,"enemies":"Small Slimes","floor":14,"turns":3},{"damage":23,"enemies":"The Guardian","floor":16,"turns":12},{"damage":8,"enemies":"Spheric Guardian","floor":18,"turns":3},{"damage":14,"enemies":"Chosen","floor":20,"turns":4},{"damage":0,"enemies":"Snecko","floor":22,"turns":4},{"damage":25,"enemies":"Book of Stabbing","floor":24,"turns":5},{"damage":4,"enemies":"Centurion and Healer","floor":27,"turns":5},{"damage":0,"enemies":"Cultist and Chosen","floor":29,"turns":4},{"damage":22,"enemies":"Gremlin Leader","floor":30,"turns":3},{"damage":10,"enemies":"Shelled Parasite and Fungi","floor":31,"turns":3},{"damage":42,"enemies":"Champ","floor":33,"turns":9},{"damage":12,"enemies":"Orb Walker","floor":35,"turns":4},{"damage":4,"enemies":"3 Darklings","floor":36,"turns":2},{"damage":58,"enemies":"2 Orb Walkers","floor":37,"turns":4},{"damage":18,"enemies":"Nemesis","floor":41,"turns":5},{"damage":53,"enemies":"Reptomancer","floor":42,"turns":4},{"damage":6,"enemies":"Giant Head","floor":46,"turns":5},{"damage":78,"enemies":"Awakened One","floor":50,"turns":6},{"damage":54,"enemies":"Donu and Deca","floor":51,"turns":6},{"damage":79,"enemies":"Shield and Spear","floor":55,"turns":6},{"damage":63,"enemies":"The Heart","floor":56,"turns":6}],"seed_played":"4088547172784925285","potions_obtained":[{"floor":1,"key":"FairyPotion"},{"floor":3,"key":"Regen Potion"},{"floor":10,"key":"Strength Potion"},{"floor":20,"key":"Explosive Potion"},{"floor":29,"key":"Dexterity Potion"},{"floor":33,"key":"LiquidBronze"}],"is_trial":false,"path_per_floor":["M","?","M","$","?","R","E","R","T","E","E","R","E","M","R","B",null,"M","?","M","?","M","R","E","R","T","M","$","M","E","M","R","B",null,"M","M","?","$","?","R","E","E","T","R","?","E","R","$","R","B","B",null,"R","$","E","B",null],"character_chosen":"IRONCLAD","items_purchased":["Feel No Pain","HandDrill","Spot Weakness","Lee\u0027s Waffle","Bag of Preparation","Shrug It Off","DollysMirror"],"campfire_rested":1,"item_purchase_floors":[4,28,28,38,38,38,48],"current_hp_per_floor":[74,74,75,75,68,68,74,74,74,68,53,53,44,52,52,37,70,68,68,62,62,68,68,49,49,49,51,51,57,41,39,64,28,71,77,85,48,94,94,94,84,71,71,71,71,98,98,98,98,98,98,98,98,98,69,50],"gold":48,"neow_bonus":"THREE_ENEMY_KILL","is_prod":false,"is_daily":false,"chose_seed":false,"campfire_upgraded":10,"win_rate":0,"timestamp":1554742208,"path_taken":["M","?","M","?","?","R","E","R","T","E","E","R","E","M","R","BOSS","M","?","M","?","?","R","E","R","T","M","$","M","E","M","R","BOSS","M","M","?","$","?","R","E","E","T","R","?","E","R","$","R","BOSS","BOSS","R","$","E","BOSS"],"build_version":"2019-01-23","purchased_purges":1,"victory":true,"max_hp_per_floor":[75,75,75,75,75,75,75,75,75,75,75,75,77,79,79,81,81,81,81,83,83,83,83,83,83,83,83,83,83,83,85,85,85,85,85,85,87,94,94,94,96,96,96,96,96,98,98,98,98,98,98,98,98,98,100,100],"card_choices":[{"not_picked":["Feel No Pain","Inflame"],"picked":"Uppercut","floor":1},{"not_picked":["Metallicize","Havoc"],"picked":"Headbutt","floor":3},{"not_picked":["Body Slam","Inflame"],"picked":"Immolate","floor":7},{"not_picked":["Dropkick","Pummel"],"picked":"Flame Barrier","floor":10},{"not_picked":["Uppercut","Anger"],"picked":"Impervious","floor":11},{"not_picked":["Armaments","Warcry","Cleave"],"picked":"Singing Bowl","floor":13},{"not_picked":["Headbutt","Iron Wave","Shrug It Off"],"picked":"Singing Bowl","floor":14},{"not_picked":["Exhume","Berserk","Brutality"],"picked":"Singing Bowl","floor":16},{"not_picked":["Clothesline","Twin Strike+1"],"picked":"Whirlwind","floor":18},{"not_picked":["Carnage","Dual Wield","Flex"],"picked":"Singing Bowl","floor":20},{"not_picked":["Inflame","Blood for Blood"],"picked":"Shrug It Off","floor":22},{"not_picked":["Reckless Charge","Havoc"],"picked":"Offering","floor":24},{"not_picked":["Ghostly Armor","Reckless Charge+1"],"picked":"Spot Weakness","floor":27},{"not_picked":["Pommel Strike","Sword Boomerang+1"],"picked":"Ghostly Armor+1","floor":29},{"not_picked":["Combust","Entrench"],"picked":"Demon Form","floor":30},{"not_picked":["Second Wind","Flex","True Grit"],"picked":"Singing Bowl","floor":31},{"not_picked":["Dark Embrace","Demon Form"],"picked":"Reaper","floor":33},{"not_picked":["Inflame+1","Infernal Blade"],"picked":"Corruption","floor":35},{"not_picked":["Flex+1","Perfected Strike"],"picked":"Sword Boomerang","floor":36},{"not_picked":["Intimidate","Power Through","Anger"],"picked":"Singing Bowl","floor":37},{"not_picked":["Combust","Pummel","Second Wind"],"picked":"Singing Bowl","floor":41},{"not_picked":["Evolve","Perfected Strike"],"picked":"Heavy Blade","floor":42},{"not_picked":["Pommel Strike","Sentinel+1","Double Tap"],"picked":"Singing Bowl","floor":46},{"not_picked":["Ghostly Armor","Armaments","Corruption"],"picked":"Singing Bowl","floor":55}],"player_experience":1129932,"relics_obtained":[{"floor":7,"key":"WingedGreaves"},{"floor":9,"key":"Singing Bowl"},{"floor":10,"key":"Matryoshka"},{"floor":11,"key":"Ornamental Fan"},{"floor":13,"key":"Paper Frog"},{"floor":24,"key":"Bronze Scales"},{"floor":26,"key":"Happy Flower"},{"floor":26,"key":"Red Skull"},{"floor":30,"key":"Juzu Bracelet"},{"floor":37,"key":"Old Coin"},{"floor":41,"key":"Ancient Tea Set"},{"floor":42,"key":"Mummified Hand"},{"floor":43,"key":"Self Forming Clay"},{"floor":46,"key":"Bottled Lightning"},{"floor":55,"key":"Bag of Marbles"}],"event_choices":[{"damage_healed":0,"gold_gain":0,"player_choice":"0 cards matched","damage_taken":0,"max_hp_gain":0,"max_hp_loss":0,"event_name":"Match and Keep!","floor":2,"gold_loss":0,"cards_obtained":[]},{"cards_removed":["Strike_R"],"damage_healed":0,"gold_gain":0,"player_choice":"Card Removal","damage_taken":7,"max_hp_gain":0,"max_hp_loss":0,"event_name":"Golden Wing","floor":5,"gold_loss":0},{"damage_healed":0,"gold_gain":0,"player_choice":"Ignored","damage_taken":0,"max_hp_gain":0,"max_hp_loss":0,"event_name":"The Mausoleum","floor":19,"gold_loss":0},{"damage_healed":0,"gold_gain":0,"cards_transformed":["Strike_R"],"player_choice":"Transformed","damage_taken":0,"max_hp_gain":0,"max_hp_loss":0,"event_name":"Transmorgrifier","floor":21,"gold_loss":0,"cards_obtained":["Dark Embrace"]},{"damage_healed":0,"gold_gain":0,"player_choice":"Fight","damage_taken":0,"max_hp_gain":0,"max_hp_loss":0,"event_name":"Mysterious Sphere","floor":37,"gold_loss":0},{"damage_healed":0,"gold_gain":0,"player_choice":"Forge","damage_taken":0,"max_hp_gain":0,"max_hp_loss":0,"event_name":"Accursed Blacksmith","floor":39,"gold_loss":0,"cards_upgraded":["Corruption"]},{"damage_healed":0,"gold_gain":0,"player_choice":"Got Potions","damage_taken":0,"max_hp_gain":0,"max_hp_loss":0,"event_name":"Lab","floor":45,"gold_loss":0}],"is_beta":false,"boss_relics":[{"not_picked":["Ectoplasm","Black Blood"],"picked":"Philosopher\u0027s Stone"},{"not_picked":["Black Star","Astrolabe"],"picked":"Sozu"}],"items_purged_floors":[28],"is_endless":false,"potions_floor_spawned":[1,3,10,20,29,30,33,37,42,46],"ascension_level":20}