{"gold_per_floor":[116,79,94,112,62,95,95,112,161,161,171,206,206,218,218,316,316,333,258,111,127,8,27,54,54,102,115,115,115,115,129,129,129],"floor_reached":33,"playtime":1618,"items_purged":[],"score":427,"play_id":"4668ac2a-7195-494e-bf4a-959720094eba","local_time":"20190810142640","is_ascension_mode":true,"campfire_choices":[{"data":"Bash","floor":7,"key":"SMITH"},{"data":"Carnage","floor":10,"key":"SMITH"},{"data":"Flame Barrier","floor":13,"key":"SMITH"},{"data":"Cleave","floor":15,"key":"SMITH"},{"data":"Demon Form","floor":25,"key":"SMITH"},{"data":"Corruption","floor":28,"key":"SMITH"},{"data":"True Grit","floor":30,"key":"SMITH"},{"data":"Heavy Blade","floor":32,"key":"SMITH"}],"neow_cost":"NONE","seed_source_timestamp":17192079729101,"circlet_count":0,"master_deck":["Strike_R","Strike_R","Strike_R","Strike_R","Defend_R","Defend_R","Defend_R","Defend_R","Bash+1","Shrug It Off","Carnage+1","Flame Barrier+1","Shrug It Off","Iron Wave","True Grit+1","Pommel Strike","Cleave+1","Demon Form+1","Shrug It Off","Immolate","Battle Trance","Clothesline+1","Intimidate+1","Corruption+1","Heavy Blade+1"],"relics":["Burning Blood","Pear","Vajra","Art of War","Velvet Choker","Bronze Scales","Bottled Lightning","Strawberry"],"potions_floor_usage":[6,16],"damage_taken":[{"damage":9,"enemies":"Jaw Worm","floor":1,"turns":5},{"damage":2,"enemies":"2 Louse","floor":3,"turns":3},{"damage":0,"enemies":"Cultist","floor":4,"turns":2},{"damage":49,"enemies":"Lagavulin","floor":6,"turns":8},{"damage":9,"enemies":"Large Slime","floor":8,"turns":10},{"damage":0,"enemies":"2 Fungi Beasts","floor":11,"turns":2},{"damage":8,"enemies":"Gremlin Nob","floor":12,"turns":3},{"damage":0,"enemies":"Blue Slaver","floor":14,"turns":3},{"damage":2,"enemies":"Slime Boss","floor":16,"turns":8},{"damage":10,"enemies":"Spheric Guardian","floor":18,"turns":4},{"damage":4,"enemies":"Shell Parasite","floor":21,"turns":4},{"damage":6,"enemies":"Centurion and Healer","floor":23,"turns":6},{"damage":13,"enemies":"Book of Stabbing","floor":24,"turns":5},{"damage":0,"enemies":"Snake Plant","floor":27,"turns":3},{"damage":2,"enemies":"Cultist and Chosen","floor":31,"turns":5},{"damage":101,"enemies":"Automaton","floor":33,"turns":10}],"seed_played":"2888600138037105783","potions_obtained":[{"floor":0,"key":"Fire Potion"},{"floor":0,"key":"LiquidBronze"},{"floor":0,"key":"Regen Potion"},{"floor":1,"key":"AttackPotion"},{"floor":11,"key":"EssenceOfSteel"},{"floor":24,"key":"Explosive Potion"},{"floor":31,"key":"Strength Potion"}],"is_trial":false,"path_per_floor":["M","$","M","M","$","E","R","M","T","R","M","E","R","M","R","B",null,"M","?","$","M","$","M","E","R","T","M","R","?","R","M","R","B"],"character_chosen":"IRONCLAD","items_purchased":["Carnage","Shrug It Off","Bronze Scales","Battle Trance","Clothesline"],"campfire_rested":0,"item_purchase_floors":[2,5,20,22,22],"current_hp_per_floor":[69,69,73,79,79,46,46,43,43,43,49,47,47,53,53,57,82,78,78,78,80,80,80,73,73,80,86,86,86,86,90,90,0],"gold":129,"neow_bonus":"THREE_SMALL_POTIONS","is_prod":false,"is_daily":false,"chose_seed":false,"campfire_upgraded":8,"win_rate":0,"timestamp":1565440000,"path_taken":["M","$","M","M","$","E","R","M","T","R","M","E","R","M","R","BOSS","M","?","$","M","$","M","E","R","T","M","R","?","R","M","R","BOSS"],"build_version":"2019-07-17","purchased_purges":0,"victory":false,"max_hp_per_floor":[80,80,80,80,80,90,90,90,90,90,90,90,90,90,90,90,90,90,90,90,90,90,90,90,90,97,97,97,97,97,97,97,97],"card_choices":[{"not_picked":["Intimidate","Headbutt"],"picked":"Shrug It Off","floor":1},{"not_picked":["Bloodletting","Warcry"],"picked":"Flame Barrier","floor":3},{"not_picked":["Searing Blow","Wild Strike","Thunderclap"],"picked":"SKIP","floor":4},{"not_picked":["Heavy Blade","Clash"],"picked":"Iron Wave","floor":6},{"not_picked":["Blood for Blood","Warcry","Clash"],"picked":"SKIP","floor":8},{"not_picked":["Clash","Flex"],"picked":"True Grit","floor":11},{"not_picked":["Thunderclap","Sever Soul"],"picked":"Pommel Strike","floor":12},{"not_picked":["Cleave","Burning Pact","Iron Wave"],"picked":"SKIP","floor":14},{"not_picked":["Burning Pact","Iron Wave"],"picked":"Cleave","floor":14},{"not_picked":["Feed","Limit Break"],"picked":"Demon Form","floor":16},{"not_picked":["True Grit","Clash"],"picked":"Shrug It Off","floor":18},{"not_picked":["Power Through","Sword Boomerang"],"picked":"Immolate","floor":21},{"not_picked":["Cleave+1","Warcry"],"picked":"Intimidate+1","floor":23},{"not_picked":["Second Wind","Whirlwind"],"picked":"Corruption","floor":24},{"not_picked":["Twin Strike","Sentinel","Perfected Strike"],"picked":"SKIP","floor":27},{"not_picked":["Pommel Strike","Perfected Strike"],"picked":"Heavy Blade","floor":31}],"player_experience":822974,"relics_obtained":[{"floor":6,"key":"Pear"},{"floor":9,"key":"Vajra"},{"floor":12,"key":"Art of War"},{"floor":24,"key":"Bottled Lightning"},{"floor":26,"key":"Strawberry"}],"event_choices":[{"cards_removed":["Strike_R"],"damage_healed":0,"gold_gain":0,"player_choice":"Gave Gold","damage_taken":0,"max_hp_gain":0,"max_hp_loss":0,"event_name":"Beggar","floor":19,"gold_loss":75},{"damage_healed":0,"gold_gain":0,"player_choice":"Forge","damage_taken":0,"max_hp_gain":0,"max_hp_loss":0,"event_name":"Accursed Blacksmith","floor":29,"gold_loss":0,"cards_upgraded":["Clothesline"]}],"is_beta":false,"boss_relics":[{"not_picked":["Sozu","Busted Crown"],"picked":"Velvet Choker"}],"items_purged_floors":[],"is_endless":false,"potions_floor_spawned":[1,4,11,24,31],"killed_by":"Automaton","ascension_level":9}