{"gold_per_floor":[115,115,131,150,9,9,26,54,79,79,104,115,62,73,73,73],"floor_reached":16,"playtime":800,"items_purged":[],"score":224,"play_id":"803127cd-2e8d-4005-bcaa-b664fa109eca","local_time":"20190511120609","is_ascension_mode":true,"campfire_choices":[{"data":"Discovery","floor":6,"key":"SMITH"},{"floor":10,"key":"REST"},{"floor":15,"key":"REST"}],"neow_cost":"NONE","seed_source_timestamp":236838985869300,"circlet_count":0,"master_deck":["AscendersBane","Defend_G","Defend_G","Defend_G","Defend_G","Defend_G","Strike_G","Strike_G","Strike_G","Survivor","Neutralize","Deadly Poison","Heel Hook","Leg Sweep","Bane","Discovery+1","Sucker Punch","Leg Sweep","Prepared","Predator","Deadly Poison","PiercingWail","Caltrops"],"relics":["Ring of the Snake","Pen Nib","Orichalcum"],"potions_floor_usage":[8,11,16,16],"damage_taken":[{"damage":4,"enemies":"Jaw Worm","floor":1,"turns":6},{"damage":4,"enemies":"Cultist","floor":3,"turns":5},{"damage":1,"enemies":"2 Louse","floor":4,"turns":3},{"damage":0,"enemies":"2 Fungi Beasts","floor":7,"turns":3},{"damage":32,"enemies":"Gremlin Nob","floor":8,"turns":5},{"damage":19,"enemies":"Lagavulin","floor":11,"turns":6},{"damage":4,"enemies":"Gremlin Gang","floor":12,"turns":6},{"damage":4,"enemies":"Large Slime","floor":14,"turns":5},{"damage":28,"enemies":"Slime Boss","floor":16,"turns":6}],"seed_played":"1209917145264122676","potions_obtained":[{"floor":3,"key":"SpeedPotion"},{"floor":4,"key":"Swift Potion"},{"floor":8,"key":"Poison Potion"},{"floor":14,"key":"FearPotion"}],"is_trial":false,"path_per_floor":["M","?","M","M","$","R","M","E","T","R","E","M","$","M","R","B"],"character_chosen":"THE_SILENT","items_purchased":["Discovery","Sucker Punch","PiercingWail"],"campfire_rested":2,"item_purchase_floors":[5,5,13],"current_hp_per_floor":[55,55,51,50,50,50,50,18,18,37,18,14,14,10,29,1],"gold":73,"neow_bonus":"REMOVE_CARD","is_prod":false,"is_daily":false,"chose_seed":false,"campfire_upgraded":1,"win_rate":0,"timestamp":1557565569,"path_taken":["M","?","M","M","$","R","?","E","T","R","E","M","$","M","R","BOSS"],"build_version":"2019-01-23","purchased_purges":0,"victory":false,"max_hp_per_floor":[66,66,66,66,66,66,66,66,66,66,66,66,66,66,66,66],"card_choices":[{"not_picked":["Outmaneuver","Predator"],"picked":"Deadly Poison","floor":1},{"not_picked":["Sucker Punch","Choke"],"picked":"Leg Sweep","floor":3},{"not_picked":["Dash","Masterful Stab"],"picked":"Bane","floor":4},{"not_picked":["Deflect","Setup"],"picked":"Leg Sweep","floor":7},{"not_picked":["Infinite Blades","Blade Dance"],"picked":"Prepared","floor":8},{"not_picked":["Endless Agony","Quick Slash"],"picked":"Predator","floor":11},{"not_picked":["Backflip","PiercingWail"],"picked":"Deadly Poison","floor":12},{"not_picked":["Deflect","Skewer"],"picked":"Caltrops","floor":14}],"player_experience":1306469,"relics_obtained":[{"floor":8,"key":"Pen Nib"},{"floor":11,"key":"Orichalcum"}],"event_choices":[{"damage_healed":0,"gold_gain":0,"cards_transformed":["Strike_G"],"player_choice":"Transformed","damage_taken":0,"max_hp_gain":0,"max_hp_loss":0,"event_name":"Transmorgrifier","floor":2,"gold_loss":0,"cards_obtained":["Heel Hook"]}],"is_beta":false,"boss_relics":[],"items_purged_floors":[],"is_endless":false,"potions_floor_spawned":[3,4,8,14],"killed_by":"Slime Boss","ascension_level":20}