{"gold_per_floor":[119,119,134,55,55,55,75,75,75,95,108,108,108,108,108,237,237,250,250,250,263,283,283,306,322,322,337,356,356],"floor_reached":29,"playtime":1343,"items_purged":[],"score":255,"play_id":"6eb9aac2-9a69-4337-adfe-76653dec5696","local_time":"20190121004909","is_ascension_mode":true,"campfire_choices":[{"data":"Havoc","floor":6,"key":"SMITH"},{"data":"Anger","floor":8,"key":"SMITH"},{"floor":12,"key":"REST"},{"floor":15,"key":"REST"},{"data":"Havoc","floor":23,"key":"SMITH"}],"neow_cost":"NONE","seed_source_timestamp":687838227989077,"circlet_count":0,"master_deck":["Defend_R","Defend_R","Defend_R","Defend_R","Bash+1","Brutality","Havoc+1","Anger+1","Flame Barrier","Iron Wave","Whirlwind","Demon Form","Intimidate","Pummel","Havoc+1","Sentinel","Bite","Bite","Bite","Bite","Bite","Anger+1","Sentinel+1","True Grit+1","Uppercut+1"],"relics":["Burning Blood","Golden Idol","The Courier","Vajra","Orrery","Bottled Lightning","Molten Egg 2"],"potions_floor_usage":[25,27,27,29,29],"damage_taken":[{"damage":6,"enemies":"Small Slimes","floor":1,"turns":4},{"damage":6,"enemies":"Jaw Worm","floor":3,"turns":3},{"damage":0,"enemies":"2 Louse","floor":7,"turns":2},{"damage":26,"enemies":"Large Slime","floor":10,"turns":6},{"damage":22,"enemies":"Lots of Slimes","floor":11,"turns":3},{"damage":61,"enemies":"Slime Boss","floor":16,"turns":11},{"damage":30,"enemies":"Shell Parasite","floor":18,"turns":7},{"damage":8,"enemies":"Chosen","floor":21,"turns":5},{"damage":29,"enemies":"Snake Plant","floor":22,"turns":4},{"damage":34,"enemies":"Cultist and Chosen","floor":24,"turns":5},{"damage":35,"enemies":"Chosen and Byrds","floor":25,"turns":7},{"damage":8,"enemies":"Centurion and Healer","floor":27,"turns":6},{"damage":28,"enemies":"Sentry and Sphere","floor":28,"turns":5},{"damage":36,"enemies":"Slavers","floor":29,"turns":3}],"seed_played":"-7799562592550563916","potions_obtained":[{"floor":7,"key":"SkillPotion"},{"floor":11,"key":"PowerPotion"},{"floor":22,"key":"Block Potion"},{"floor":25,"key":"GamblersBrew"},{"floor":28,"key":"Regen Potion"}],"is_trial":false,"path_per_floor":["M","?","M","$","?","R","M","R","T","M","M","R","?","?","R","B",null,"M","?","T","M","M","R","M","M","T","M","M","E"],"character_chosen":"IRONCLAD","items_purchased":["Flame Barrier"],"campfire_rested":2,"item_purchase_floors":[4],"current_hp_per_floor":[80,85,85,85,64,64,70,70,70,50,34,59,42,42,67,12,85,61,59,59,59,44,44,28,15,15,23,9,0],"gold":356,"neow_bonus":"ONE_RANDOM_RARE_CARD","is_prod":false,"is_daily":false,"chose_seed":false,"campfire_upgraded":3,"win_rate":0,"timestamp":1547999349,"path_taken":["M","?","M","$","?","R","?","R","T","M","M","R","?","?","R","BOSS","M","?","?","M","M","R","M","M","T","M","M","E"],"build_version":"2019-01-17v2","purchased_purges":0,"victory":false,"max_hp_per_floor":[80,85,85,85,85,85,85,85,85,85,85,85,85,85,85,85,85,85,59,59,59,59,59,59,59,59,59,59,59],"card_choices":[{"not_picked":["Corruption","Clash"],"picked":"Havoc","floor":1},{"not_picked":["Perfected Strike","Fiend Fire"],"picked":"Anger","floor":3},{"not_picked":["Clothesline","Searing Blow"],"picked":"Iron Wave","floor":7},{"not_picked":["Clash","Heavy Blade"],"picked":"Whirlwind","floor":10},{"not_picked":["Pommel Strike","Blood for Blood","Cleave"],"picked":"SKIP","floor":11},{"not_picked":["Berserk","Bludgeon"],"picked":"Demon Form","floor":16},{"not_picked":["Flex","Power Through"],"picked":"Intimidate","floor":17},{"not_picked":["Headbutt","Clash"],"picked":"Pummel","floor":17},{"not_picked":["Clothesline","Feed"],"picked":"Havoc","floor":17},{"not_picked":["Cleave","Twin Strike"],"picked":"Sentinel","floor":17},{"not_picked":["Body Slam","Armaments","Evolve"],"picked":"SKIP","floor":18},{"not_picked":["Perfected Strike","Hemokinesis+1"],"picked":"Anger+1","floor":21},{"not_picked":["Sword Boomerang","Thunderclap","Pommel Strike"],"picked":"SKIP","floor":22},{"not_picked":["Blood for Blood","Headbutt+1"],"picked":"Sentinel+1","floor":24},{"not_picked":["Berserk","Havoc"],"picked":"True Grit+1","floor":25},{"not_picked":["Havoc","True Grit"],"picked":"Uppercut+1","floor":27},{"not_picked":["Anger+1","Headbutt+1","Thunderclap+1"],"picked":"SKIP","floor":28}],"player_experience":306206,"relics_obtained":[{"floor":9,"key":"The Courier"},{"floor":20,"key":"Bottled Lightning"},{"floor":26,"key":"Molten Egg 2"}],"event_choices":[{"damage_healed":0,"gold_gain":0,"player_choice":"Donut","damage_taken":0,"max_hp_gain":5,"max_hp_loss":0,"event_name":"Big Fish","floor":2,"gold_loss":0},{"damage_healed":0,"gold_gain":0,"player_choice":"Take Damage","damage_taken":21,"relics_obtained":["Golden Idol"],"max_hp_gain":0,"max_hp_loss":0,"event_name":"Golden Idol","floor":5,"gold_loss":0},{"damage_healed":0,"gold_gain":0,"player_choice":"Entered Light","damage_taken":17,"max_hp_gain":0,"max_hp_loss":0,"event_name":"Shining Light","floor":13,"gold_loss":0,"cards_upgraded":["Bash","Strike_R"]},{"damage_healed":0,"gold_gain":0,"player_choice":"Searched \u00272\u0027 times","damage_taken":0,"relics_obtained":["Vajra"],"max_hp_gain":0,"max_hp_loss":0,"event_name":"Dead Adventurer","floor":14,"gold_loss":0},{"damage_healed":0,"gold_gain":0,"player_choice":"Became a vampire","damage_taken":0,"max_hp_gain":0,"max_hp_loss":26,"event_name":"Vampires","floor":19,"gold_loss":0,"cards_obtained":["Bite","Bite","Bite","Bite","Bite"]}],"is_beta":false,"boss_relics":[{"not_picked":["Cursed Key","Coffee Dripper"],"picked":"Orrery"}],"items_purged_floors":[],"is_endless":false,"potions_floor_spawned":[7,11,22,24,25,28],"killed_by":"Slavers","ascension_level":1}