{"gold_per_floor":[119,136,151,169,179,179,209,209,209,151,170,170,186,186,186,186],"floor_reached":16,"playtime":698,"items_purged":[],"score":203,"play_id":"65bf87ec-8bc9-425e-bb91-59e41f6543c3","local_time":"20190923221638","is_ascension_mode":true,"campfire_choices":[{"floor":6.0,"key":"REST"},{"data":"Zap","floor":8.0,"key":"SMITH"},{"floor":15,"key":"REST"}],"neow_cost":"NONE","seed_source_timestamp":0,"circlet_count":0,"master_deck":["AscendersBane","Strike_B","Strike_B","Strike_B","Defend_B","Defend_B","Defend_B","Defend_B","Zap+1","Dualcast","Cold Snap","Melter","Gash","Sweeping Beam","Go for the Eyes+1","Steam","Coolheaded+1","Rebound"],"special_seed":0,"relics":["Cracked Core","PreservedInsect","Toxic Egg 2","Golden Idol"],"potions_floor_usage":[13,13],"damage_taken":[{"damage":10.0,"enemies":"2 Louse","floor":1.0,"turns":3.0},{"damage":4.0,"enemies":"Cultist","floor":2.0,"turns":4.0},{"damage":12.0,"enemies":"Small Slimes","floor":3.0,"turns":3.0},{"damage":14.0,"enemies":"Exordium Thugs","floor":4.0,"turns":5.0},{"damage":13.0,"enemies":"Blue Slaver","floor":5.0,"turns":2.0},{"damage":11.0,"enemies":"Lagavulin","floor":7.0,"turns":6.0},{"damage":11.0,"enemies":"Exordium Wildlife","floor":11.0,"turns":5.0},{"damage":2,"enemies":"3 Louse","floor":13,"turns":2},{"damage":32,"enemies":"The Guardian","floor":16,"turns":15}],"seed_played":"-6670827985916829733","potions_obtained":[{"floor":2.0,"key":"SteroidPotion"},{"floor":3.0,"key":"SteroidPotion"},{"floor":7.0,"key":"FearPotion"},{"floor":13,"key":"LiquidBronze"}],"is_trial":false,"path_per_floor":["M","M","M","M","M","R","E","R","T","?","M","?","M","?","R","B"],"character_chosen":"DEFECT","items_purchased":[],"campfire_rested":2,"item_purchase_floors":[],"current_hp_per_floor":[54,50,38,24,11,32,21,21,21,21,10,10,8,8,27,0],"gold":186,"neow_bonus":"REMOVE_CARD","is_prod":false,"is_daily":false,"chose_seed":false,"campfire_upgraded":1,"win_rate":0,"timestamp":1569244598,"path_taken":["M","M","M","M","M","R","E","R","T","?","M","?","?","?","R","BOSS"],"build_version":"2019-07-17","purchased_purges":0,"victory":false,"max_hp_per_floor":[71,71,71,71,71,71,71,71,71,71,71,71,71,64,64,64],"card_choices":[{"not_picked":["Hologram","Blizzard"],"picked":"Cold Snap","floor":1.0},{"not_picked":["Rebound","Turbo"],"picked":"Melter","floor":2.0},{"not_picked":["Amplify","Compile Driver"],"picked":"Gash","floor":3.0},{"not_picked":["Doom and Gloom","Barrage"],"picked":"Sweeping Beam","floor":4.0},{"not_picked":["Hologram","Gash"],"picked":"Go for the Eyes","floor":5.0},{"not_picked":["Steam Power","Fission"],"picked":"Steam","floor":7.0},{"not_picked":["Redo+1","Turbo+1"],"picked":"Coolheaded+1","floor":11.0},{"not_picked":["Heatsinks","Barrage"],"picked":"Rebound","floor":13}],"player_experience":438327,"relics_obtained":[{"floor":7.0,"key":"PreservedInsect"},{"floor":9.0,"key":"Toxic Egg 2"}],"event_choices":[{"damage_healed":0.0,"max_hp_gain":0.0,"max_hp_loss":0.0,"gold_gain":0.0,"event_name":"World of Goop","player_choice":"Left Gold","floor":10.0,"gold_loss":58.0,"damage_taken":0.0},{"damage_healed":0.0,"max_hp_gain":0.0,"max_hp_loss":0.0,"gold_gain":0.0,"event_name":"Upgrade Shrine","player_choice":"Upgraded","floor":12.0,"gold_loss":0.0,"damage_taken":0.0,"cards_upgraded":["Go for the Eyes"]},{"damage_healed":0,"gold_gain":0,"player_choice":"Lose Max HP","damage_taken":0,"relics_obtained":["Golden Idol"],"max_hp_gain":0,"max_hp_loss":7,"event_name":"Golden Idol","floor":14,"gold_loss":0}],"is_beta":false,"boss_relics":[],"items_purged_floors":[],"is_endless":false,"potions_floor_spawned":[2,3,7,11,13],"killed_by":"The Guardian","ascension_level":19}