{"gold_per_floor":[119,119,44,9,9,40,52,67,67,67,92,92,111,36,36,138,138,149,224,77,77,92,125,40,40,40,40,60,77,96,116,116,220,220,232,245,261,261,261,261,261,289,334,178,178,191,10,20,20,20],"floor_reached":51,"playtime":13577,"items_purged":["Strike_B"],"score":983,"play_id":"77dd3e1c-170d-498f-8796-14c0821911fa","local_time":"20180812233127","is_ascension_mode":true,"campfire_choices":[{"data":"Go for the Eyes","floor":10.0,"key":"SMITH"},{"data":"Steam","floor":12.0,"key":"SMITH"},{"data":"Zap","floor":15.0,"key":"SMITH"},{"data":"Conserve Battery","floor":25.0,"key":"SMITH"},{"data":"Scrape","floor":27.0,"key":"SMITH"},{"data":"Steam Power","floor":32.0,"key":"SMITH"},{"data":"Steam Power","floor":40.0,"key":"SMITH"},{"data":"Reboot","floor":45,"key":"SMITH"},{"data":"Skim","floor":49,"key":"SMITH"}],"neow_cost":"NONE","seed_source_timestamp":348484259769476,"circlet_count":0,"master_deck":["Zap+1","Dualcast","AscendersBane","Melter+1","Self Repair","Gash","Gash","Go for the Eyes+1","Steam+1","Skim+1","Electrodynamics","Conserve Battery+1","Scrape+1","Redo+1","Steam Power+1","Reboot+1","Steam Power+1","Ball Lightning","Ball Lightning","Go for the Eyes","Self Repair","Conserve Battery+1","Defragment+1","Chill+1","Streamline","Conserve Battery+1","Gash","Force Field","Dark Shackles","Go for the Eyes+1"],"special_seed":0,"relics":["Cracked Core","Meat on the Bone","Bag of Marbles","Vajra","Bird Faced Urn","Sozu","Whetstone","Mummified Hand","Du-Vu Doll","Pandora\u0027s Box","Gambling Chip","Bronze Scales","Juzu Bracelet","Centennial Puzzle"],"potions_floor_usage":[],"damage_taken":[{"damage":8.0,"enemies":"Small Slimes","floor":1.0,"turns":3.0},{"damage":35.0,"enemies":"Lagavulin","floor":6.0,"turns":8.0},{"damage":2.0,"enemies":"2 Louse","floor":7.0,"turns":2.0},{"damage":6.0,"enemies":"Cultist","floor":8.0,"turns":3.0},{"damage":21.0,"enemies":"Gremlin Nob","floor":11.0,"turns":4.0},{"damage":4.0,"enemies":"Exordium Wildlife","floor":13.0,"turns":3.0},{"damage":26.0,"enemies":"Slime Boss","floor":16.0,"turns":9.0},{"damage":25.0,"enemies":"2 Thieves","floor":18.0,"turns":4.0},{"damage":0.0,"enemies":"Spheric Guardian","floor":22.0,"turns":2.0},{"damage":34.0,"enemies":"Slavers","floor":23.0,"turns":5.0},{"damage":15.0,"enemies":"Snake Plant","floor":28.0,"turns":4.0},{"damage":5.0,"enemies":"3 Cultists","floor":29.0,"turns":4.0},{"damage":0.0,"enemies":"Chosen and Byrds","floor":30.0,"turns":2.0},{"damage":0.0,"enemies":"Sentry and Sphere","floor":31.0,"turns":1.0},{"damage":55.0,"enemies":"Collector","floor":33.0,"turns":8.0},{"damage":12.0,"enemies":"Flame Bruiser 1 Orb","floor":35.0,"turns":4.0},{"damage":1.0,"enemies":"3 Shapes","floor":36.0,"turns":3.0},{"damage":19.0,"enemies":"3 Darklings","floor":37.0,"turns":2.0},{"damage":5.0,"floor":41.0,"turns":4.0},{"damage":60,"enemies":"Nemesis","floor":42,"turns":5},{"damage":20,"enemies":"Maw","floor":46,"turns":5},{"damage":3,"enemies":"Sphere and 2 Shapes","floor":48,"turns":3},{"damage":71,"enemies":"Awakened One","floor":50,"turns":10}],"seed_played":"-6310989717711587159","potions_obtained":[{"floor":1.0,"key":"FairyPotion"},{"floor":13.0,"key":"PowerPotion"},{"floor":16.0,"key":"Energy Potion"}],"is_trial":false,"path_per_floor":["M","?","$","?","$","E","M","M","T","R","E","R","M","?","R","B",null,"M","?","$","?","M","E","?","R","T","R","M","M","M","M","R","B",null,"M","M","M","$","?","R","?","E","T","$","R","M","$","M","R","B"],"character_chosen":"DEFECT","items_purchased":["Self Repair","Scrape","Centennial Puzzle","Force Field","Dark Shackles"],"campfire_rested":0,"item_purchase_floors":[3,20,44,47,47],"current_hp_per_floor":[60,53,53,71,71,43,48,49,49,49,47,47,50,50,50,47,68,54,47,47,33,56,45,45,45,45,45,44,50,61,70,70,38,70,78,80,63,63,63,63,78,43,43,43,43,57,57,67,67,30],"gold":20,"neow_bonus":"REMOVE_CARD","is_prod":false,"is_daily":false,"chose_seed":false,"campfire_upgraded":9,"win_rate":0,"timestamp":1534084287,"path_taken":["M","?","$","?","?","E","?","M","T","R","E","R","?","?","R","BOSS","M","?","$","?","M","E","?","R","T","R","M","M","M","M","R","BOSS","M","M","M","$","?","R","?","E","T","?","R","M","$","M","R","BOSS"],"build_version":"2018-08-09","purchased_purges":1,"victory":true,"max_hp_per_floor":[75,75,75,75,75,75,75,75,75,75,75,75,75,75,75,75,75,75,75,75,80,80,80,80,80,80,80,80,80,80,80,80,80,80,80,80,80,80,80,80,80,80,80,80,80,80,80,80,80,80],"card_choices":[{"not_picked":["Turbo","Heatsinks"],"picked":"Melter","floor":1.0},{"not_picked":["Barrage","Sweeping Beam"],"picked":"Gash","floor":6.0},{"not_picked":["Coolheaded","Sunder"],"picked":"Gash","floor":7.0},{"not_picked":["Static Discharge","Lockon"],"picked":"Go for the Eyes","floor":8.0},{"not_picked":["Ball Lightning","Gash"],"picked":"Steam","floor":11.0},{"not_picked":["Stack","Leap"],"picked":"Skim","floor":13.0},{"not_picked":["Meteor Strike","Amplify"],"picked":"Electrodynamics","floor":16.0},{"not_picked":["Compile Driver","Steam"],"picked":"Conserve Battery","floor":18.0},{"not_picked":["Sweeping Beam","Coolheaded","Hologram"],"picked":"SKIP","floor":22.0},{"not_picked":["Stack","Aggregate+1"],"picked":"Redo+1","floor":23.0},{"not_picked":["Skim","Steam"],"picked":"Steam Power","floor":28.0},{"not_picked":["Stack+1","Beam Cell+1"],"picked":"Reboot","floor":29.0},{"not_picked":["Hello World","Ball Lightning+1","Compile Driver"],"picked":"SKIP","floor":30.0},{"not_picked":["Reinforced Body","Fusion","Turbo"],"picked":"SKIP","floor":31.0},{"not_picked":["Streamline","Hologram"],"picked":"Conserve Battery+1","floor":35.0},{"not_picked":["Melter+1","Glacier"],"picked":"Defragment+1","floor":36.0},{"not_picked":["Redo","Rebound"],"picked":"Chill+1","floor":37.0},{"not_picked":["Multi-Cast","Sweeping Beam+1"],"picked":"Streamline","floor":41.0},{"not_picked":["Coolheaded+1","Redo+1"],"picked":"Conserve Battery+1","floor":42},{"not_picked":["Seek","Redo"],"picked":"Gash","floor":46},{"not_picked":["Rebound+1","Consume+1"],"picked":"Go for the Eyes+1","floor":48}],"player_experience":193734,"relics_obtained":[{"floor":6.0,"key":"Meat on the Bone"},{"floor":9.0,"key":"Bag of Marbles"},{"floor":11.0,"key":"Vajra"},{"floor":23.0,"key":"Whetstone"},{"floor":26.0,"key":"Du-Vu Doll"},{"floor":41.0,"key":"Gambling Chip"},{"floor":42,"key":"Bronze Scales"},{"floor":43,"key":"Juzu Bracelet"}],"event_choices":[{"event_name":"Golden Wing","player_choice":"Card Removal","floor":2.0,"damage_taken":0.0},{"event_name":"The Cleric","player_choice":"Healed","floor":4.0,"damage_taken":0.0},{"event_name":"WeMeetAgain","player_choice":"Gold","floor":14.0,"damage_taken":0.0},{"event_name":"FaceTrader","player_choice":"Touch","floor":19.0,"damage_taken":0.0},{"event_name":"Forgotten Altar","player_choice":"Shed Blood","floor":21.0,"damage_taken":0.0},{"event_name":"Addict","player_choice":"Obtained Relic","floor":24.0,"damage_taken":0.0},{"event_name":"The Lab","player_choice":"Got Potions","floor":39.0,"damage_taken":0.0},{"event_name":"MindBloom","player_choice":"Fight","floor":41.0,"damage_taken":0.0}],"is_beta":false,"boss_relics":[{"not_picked":["White Beast Statue","Runic Dome"],"picked":"Sozu"},{"not_picked":["Black Star","Fusion Hammer"],"picked":"Pandora\u0027s Box"}],"items_purged_floors":[20],"is_endless":false,"potions_floor_spawned":[1,13,16,22,23,29,33,35,36,37,42],"ascension_level":10}