{"gold_per_floor":[12,26,43,63,63,63,88,88,88,101,101,426,437,437,437,510,510,521,521,361,371,391,391,391],"floor_reached":24,"playtime":1243,"items_purged":["Defend_B"],"score":406,"play_id":"c70c01f5-a5f2-47ab-ae28-7f3ce4908315","local_time":"20190920102618","is_ascension_mode":true,"campfire_choices":[{"data":"Go for the Eyes","floor":6.0,"key":"SMITH"},{"floor":8.0,"key":"REST"},{"data":"Streamline","floor":11.0,"key":"SMITH"},{"data":"Defend_B","floor":15,"key":"PURGE"},{"data":"Echo Form","floor":23,"key":"SMITH"}],"neow_cost":"NO_GOLD","seed_source_timestamp":549681294435900,"circlet_count":0,"master_deck":["AscendersBane","Strike_B","Strike_B","Strike_B","Defend_B","Defend_B","Zap+1","Dualcast","Streamline+1","Glacier","Go for the Eyes+1","Self Repair","Undo","Steam","Echo Form+1","Conserve Battery","Defragment","Beam Cell+1"],"special_seed":0,"relics":["Cracked Core","Emotion Chip","Thread and Needle","Peace Pipe","Old Coin","Nuclear Battery"],"potions_floor_usage":[16,24,24],"damage_taken":[{"damage":9.0,"enemies":"Small Slimes","floor":1.0,"turns":2.0},{"damage":1.0,"enemies":"2 Louse","floor":2.0,"turns":2.0},{"damage":6.0,"enemies":"Cultist","floor":3.0,"turns":3.0},{"damage":7.0,"enemies":"3 Louse","floor":4.0,"turns":4.0},{"damage":27.0,"enemies":"Gremlin Nob","floor":7.0,"turns":4.0},{"damage":0.0,"enemies":"Large Slime","floor":10.0,"turns":4.0},{"damage":12.0,"enemies":"3 Sentries","floor":12.0,"turns":9.0},{"damage":4.0,"enemies":"Gremlin Gang","floor":13.0,"turns":8.0},{"damage":29,"enemies":"Slime Boss","floor":16,"turns":8},{"damage":8,"enemies":"Spheric Guardian","floor":18,"turns":6},{"damage":21,"enemies":"3 Byrds","floor":21,"turns":4},{"damage":8,"enemies":"Snecko","floor":22,"turns":5},{"damage":55,"enemies":"Gremlin Leader","floor":24,"turns":9}],"seed_played":"-7019522742960618413","potions_obtained":[{"floor":1.0,"key":"Swift Potion"},{"floor":7.0,"key":"PowerPotion"},{"floor":16,"key":"Poison Potion"}],"is_trial":false,"path_per_floor":["M","M","M","M","?","R","E","R","T","M","R","E","M","?","R","B",null,"M","?","$","M","M","R","E"],"character_chosen":"DEFECT","items_purchased":["Defragment"],"campfire_rested":1,"item_purchase_floors":[20],"current_hp_per_floor":[55,54,48,41,41,41,14,35,35,35,35,30,33,33,33,4,54,53,53,53,46,45,45,0],"gold":391,"neow_bonus":"ONE_RARE_RELIC","is_prod":false,"is_daily":false,"chose_seed":false,"campfire_upgraded":3,"win_rate":0,"timestamp":1568942778,"path_taken":["M","M","M","M","?","R","E","R","T","M","R","E","M","?","R","BOSS","M","?","$","M","M","R","E"],"build_version":"2019-07-17","purchased_purges":1,"victory":false,"max_hp_per_floor":[71,71,71,71,71,71,71,71,71,71,71,71,71,71,71,71,71,71,71,71,71,71,71,71],"card_choices":[{"not_picked":["Rebound","Turbo"],"picked":"Streamline","floor":1.0},{"not_picked":["Heatsinks","Recycle"],"picked":"Glacier","floor":2.0},{"not_picked":["Recycle","Darkness"],"picked":"Go for the Eyes","floor":3.0},{"not_picked":["Hello World","White Noise","Redo"],"picked":"SKIP","floor":4.0},{"not_picked":["Fission","Force Field","Tempest"],"picked":"SKIP","floor":7.0},{"not_picked":["Coolheaded","Lockon"],"picked":"Self Repair","floor":10.0},{"not_picked":["Go for the Eyes","Force Field"],"picked":"Undo","floor":12.0},{"not_picked":["Auto Shields","Force Field"],"picked":"Steam","floor":13.0},{"not_picked":["Machine Learning","Creative AI"],"picked":"Echo Form","floor":16},{"not_picked":["Aggregate","Barrage"],"picked":"Conserve Battery","floor":18},{"not_picked":["Tempest","Hologram","Leap"],"picked":"SKIP","floor":21},{"not_picked":["Steam","Go for the Eyes"],"picked":"Beam Cell+1","floor":22}],"player_experience":435944,"relics_obtained":[{"floor":7.0,"key":"Thread and Needle"},{"floor":9.0,"key":"Peace Pipe"},{"floor":12.0,"key":"Old Coin"}],"event_choices":[{"damage_healed":0.0,"max_hp_gain":0.0,"max_hp_loss":0.0,"gold_gain":0.0,"event_name":"Living Wall","player_choice":"Grow","floor":5.0,"gold_loss":0.0,"damage_taken":0.0,"cards_upgraded":["Zap"]},{"cards_removed":["Strike_B"],"damage_healed":0,"gold_gain":0,"player_choice":"Offered Basic","damage_taken":0,"max_hp_gain":0,"max_hp_loss":0,"event_name":"Bonfire Elementals","floor":14,"gold_loss":0},{"damage_healed":0,"gold_gain":0,"player_choice":"Ignored","damage_taken":0,"max_hp_gain":0,"max_hp_loss":0,"event_name":"Vampires","floor":19,"gold_loss":0}],"is_beta":false,"boss_relics":[{"not_picked":["Snecko Eye","Cursed Key"],"picked":"Nuclear Battery"}],"items_purged_floors":[20],"is_endless":false,"potions_floor_spawned":[1,7,10,12,16,18],"killed_by":"Gremlin Leader","ascension_level":19}