{"gold_per_floor":[111,111,111,111,121,121,156,174,222,242,242,71,71,71],"floor_reached":14,"playtime":736,"items_purged":[],"score":176,"play_id":"42cab48d-2e81-4a7a-8ba3-0d44011affab","local_time":"20190511122809","is_ascension_mode":true,"campfire_choices":[{"data":"Envenom","floor":6,"key":"SMITH"},{"data":"Terror","floor":11,"key":"SMITH"}],"neow_cost":"NONE","seed_source_timestamp":238222432980200,"circlet_count":0,"master_deck":["AscendersBane","Defend_G","Defend_G","Defend_G","Defend_G","Defend_G","Strike_G","Strike_G","Strike_G","Strike_G","Survivor","Neutralize","Skewer","Neutralize","Envenom+1","Infinite Blades","Dagger Spray","Bane","Terror+1","Blade Dance","Flying Knee","Noxious Fumes"],"relics":["Ring of the Snake","Bronze Scales","Happy Flower","Meat on the Bone","Bag of Marbles","Golden Idol"],"potions_floor_usage":[14],"damage_taken":[{"damage":2,"enemies":"2 Louse","floor":1,"turns":5},{"damage":0,"enemies":"Jaw Worm","floor":5,"turns":3},{"damage":26,"enemies":"Lagavulin","floor":7,"turns":7},{"damage":0,"enemies":"Cultist","floor":8,"turns":2},{"damage":2,"enemies":"3 Louse","floor":10,"turns":4},{"damage":42,"enemies":"Gremlin Nob","floor":14,"turns":4}],"seed_played":"-8678242409052487229","potions_obtained":[{"floor":1,"key":"LiquidBronze"},{"floor":5,"key":"GamblersBrew"}],"is_trial":false,"path_per_floor":["M","?","?","?","M","R","E","M","T","M","R","$","?","E"],"character_chosen":"THE_SILENT","items_purchased":["Blade Dance","Flying Knee","Noxious Fumes"],"campfire_rested":0,"item_purchase_floors":[12,12,12],"current_hp_per_floor":[57,57,52,52,52,52,26,38,38,36,36,36,36,0],"gold":71,"neow_bonus":"RANDOM_COMMON_RELIC","is_prod":false,"is_daily":false,"chose_seed":false,"campfire_upgraded":2,"win_rate":0,"timestamp":1557566889,"path_taken":["M","?","?","?","M","R","E","M","T","?","R","$","?","E"],"build_version":"2019-01-23","purchased_purges":0,"victory":false,"max_hp_per_floor":[66,66,66,66,66,66,66,66,66,66,66,66,60,60],"card_choices":[{"not_picked":["Distraction","Backflip"],"picked":"Skewer","floor":1},{"not_picked":["Deflect","PiercingWail"],"picked":"Infinite Blades","floor":5},{"not_picked":["Prepared","Acrobatics"],"picked":"Dagger Spray","floor":7},{"not_picked":["Deflect","Sucker Punch"],"picked":"Bane","floor":8},{"not_picked":["Bouncing Flask","Finisher"],"picked":"Terror","floor":10}],"player_experience":1307827,"relics_obtained":[{"floor":7,"key":"Meat on the Bone"},{"floor":9,"key":"Bag of Marbles"}],"event_choices":[{"cards_removed":["Strike_G"],"damage_healed":0,"gold_gain":0,"player_choice":"Forget","damage_taken":0,"max_hp_gain":0,"max_hp_loss":0,"event_name":"Living Wall","floor":2,"gold_loss":0},{"damage_healed":0,"gold_gain":0,"player_choice":"Success","damage_taken":5,"relics_obtained":["Happy Flower"],"max_hp_gain":0,"max_hp_loss":0,"event_name":"Scrap Ooze","floor":3,"gold_loss":0},{"damage_healed":0,"gold_gain":0,"player_choice":"2 cards matched","damage_taken":0,"max_hp_gain":0,"max_hp_loss":0,"event_name":"Match and Keep!","floor":4,"gold_loss":0,"cards_obtained":["Neutralize","Envenom"]},{"damage_healed":0,"gold_gain":0,"player_choice":"Lose Max HP","damage_taken":0,"relics_obtained":["Golden Idol"],"max_hp_gain":0,"max_hp_loss":6,"event_name":"Golden Idol","floor":13,"gold_loss":0}],"is_beta":false,"boss_relics":[],"items_purged_floors":[],"is_endless":false,"potions_floor_spawned":[1,5,10],"killed_by":"Gremlin Nob","ascension_level":20}