{"gold_per_floor":[118,68,86,86,104,104,123,157,180,210,210,222,249,268,268,369,369,387,402,402,413,16,16,47,47,47,47,47,64,64,77,77,180,180,193,212,112,112,66,66,84,114,140,155,168,182,200,214,214,214],"floor_reached":51,"playtime":11936,"items_purged":["Strike_G","Defend_G"],"score":899,"play_id":"24214766-32e1-4438-ad09-625f3a2a3d48","local_time":"20190106213852","is_ascension_mode":true,"campfire_choices":[{"data":"Neutralize","floor":6.0,"key":"SMITH"},{"data":"Backflip","floor":11.0,"key":"SMITH"},{"floor":15.0,"key":"REST"},{"data":"Noxious Fumes","floor":23,"key":"SMITH"},{"data":"Prepared","floor":28,"key":"SMITH"},{"data":"Adrenaline","floor":30,"key":"SMITH"},{"data":"Backflip","floor":32,"key":"SMITH"},{"data":"Survivor","floor":40,"key":"SMITH"},{"data":"A Thousand Cuts","floor":49,"key":"SMITH"}],"neow_cost":"NONE","seed_source_timestamp":0,"circlet_count":0,"master_deck":["Defend_G","Defend_G","Defend_G+1","Defend_G+1","Strike_G","Strike_G","Strike_G","Survivor+1","Neutralize+1","Deflect","Prepared+1","Backflip+1","Backflip","After Image","Noxious Fumes+1","Backflip+1","Adrenaline+1","Slice","Poisoned Stab+1","Slice+1","Footwork","Good Instincts","Footwork","Slice","Deflect+1","A Thousand Cuts+1","Acrobatics+1","Deflect+1","Adrenaline+1","Deflect+1","Night Terror+1","Poisoned Stab+1","Outmaneuver+1","Prepared+1","After Image"],"special_seed":0,"relics":["Ring of the Snake","Centennial Puzzle","Strawberry","Blood Vial","Runic Pyramid","War Paint","Toxic Egg 2","Juzu Bracelet","Nloth\u0027s Gift","Lizard Tail","Shuriken","Snake Skull"],"potions_floor_usage":[36,42,50,50],"damage_taken":[{"damage":0.0,"enemies":"Small Slimes","floor":1.0,"turns":1.0},{"damage":0.0,"enemies":"Jaw Worm","floor":3.0,"turns":1.0},{"damage":0.0,"enemies":"2 Louse","floor":5.0,"turns":1.0},{"damage":1.0,"enemies":"Looter","floor":7.0,"turns":4.0},{"damage":32.0,"enemies":"3 Sentries","floor":8.0,"turns":20.0},{"damage":2.0,"enemies":"Red Slaver","floor":12.0,"turns":6.0},{"damage":23.0,"enemies":"Lagavulin","floor":13.0,"turns":17.0},{"damage":2.0,"enemies":"Exordium Thugs","floor":14.0,"turns":5.0},{"damage":17.0,"enemies":"Hexaghost","floor":16.0,"turns":13.0},{"damage":13,"enemies":"Chosen","floor":18,"turns":8},{"damage":2,"enemies":"Spheric Guardian","floor":19,"turns":8},{"damage":0,"enemies":"Snecko","floor":21,"turns":6},{"damage":12,"enemies":"Gremlin Leader","floor":24,"turns":8},{"damage":0,"enemies":"Chosen and Byrds","floor":29,"turns":7},{"damage":0,"enemies":"Sentry and Sphere","floor":31,"turns":7},{"damage":0,"enemies":"Champ","floor":33,"turns":19},{"damage":6,"enemies":"3 Darklings","floor":35,"turns":6},{"damage":22,"enemies":"3 Shapes","floor":36,"turns":5},{"damage":0,"enemies":"Maw","floor":41,"turns":9},{"damage":0,"enemies":"Giant Head","floor":42,"turns":11},{"damage":2,"enemies":"3 Darklings","floor":44,"turns":5},{"damage":0,"enemies":"Transient","floor":45,"turns":5},{"damage":0,"enemies":"Maw","floor":46,"turns":7},{"damage":0,"enemies":"Spire Growth","floor":47,"turns":6},{"damage":0,"enemies":"Writhing Mass","floor":48,"turns":7},{"damage":6,"enemies":"Awakened One","floor":50,"turns":11}],"seed_played":"7110327476065151548","potions_obtained":[{"floor":8.0,"key":"Explosive Potion"},{"floor":13.0,"key":"Fire Potion"},{"floor":14.0,"key":"LiquidBronze"},{"floor":16.0,"key":"Poison Potion"},{"floor":42,"key":"EssenceOfSteel"},{"floor":46,"key":"LiquidBronze"}],"is_trial":false,"path_per_floor":["M","?","M","?","M","R","M","E","T","?","R","M","E","M","R","B",null,"M","M","?","M","$","R","E","?","T","?","R","M","R","M","R","B",null,"M","M","$","?","$","R","M","E","T","M","M","M","M","M","R","B",null],"character_chosen":"THE_SILENT","items_purchased":["Footwork","War Paint","Good Instincts","Deflect+1"],"campfire_rested":1,"item_purchase_floors":[22,22,22,39],"current_hp_per_floor":[70,70,70,75,75,75,74,42,49,49,49,47,24,24,48,33,82,69,69,69,71,71,71,61,61,61,61,61,63,63,65,65,67,82,76,56,56,56,56,56,58,60,60,60,62,64,66,68,68,64],"gold":214,"neow_bonus":"THREE_ENEMY_KILL","is_prod":false,"is_daily":false,"chose_seed":false,"campfire_upgraded":8,"win_rate":0,"timestamp":1546778332,"path_taken":["M","?","M","?","M","R","?","E","T","?","R","M","E","M","R","BOSS","M","M","?","M","$","R","E","?","T","?","R","M","R","M","R","BOSS","M","M","$","?","?","R","M","E","T","M","M","M","M","M","R","BOSS"],"build_version":"2019-01-03v4","purchased_purges":2,"victory":true,"max_hp_per_floor":[70,70,70,75,75,75,75,75,82,82,82,82,82,82,82,82,82,82,82,82,82,82,82,82,82,82,82,82,82,82,82,82,82,82,82,82,82,82,82,82,82,82,82,82,82,82,82,82,82,82],"card_choices":[{"not_picked":["Outmaneuver","Blade Dance"],"picked":"Deflect","floor":1.0},{"not_picked":["Outmaneuver","Poisoned Stab"],"picked":"Prepared","floor":3.0},{"not_picked":["Quick Slash","Setup"],"picked":"Backflip","floor":5.0},{"not_picked":["Flechettes","Quick Slash"],"picked":"Backflip","floor":7.0},{"not_picked":["Quick Slash","All Out Attack"],"picked":"After Image","floor":8.0},{"not_picked":["Underhanded Strike","Acrobatics","Deadly Poison"],"picked":"SKIP","floor":12.0},{"not_picked":["Reflex","Well Laid Plans"],"picked":"Noxious Fumes","floor":13.0},{"not_picked":["Backstab","Acrobatics"],"picked":"Backflip","floor":14.0},{"not_picked":["Burst","Corpse Explosion"],"picked":"Adrenaline","floor":16.0},{"not_picked":["Deadly Poison","Dagger Spray"],"picked":"Slice","floor":18},{"not_picked":["Underhanded Strike","Sucker Punch"],"picked":"Poisoned Stab+1","floor":19},{"not_picked":["Acrobatics","Dagger Spray"],"picked":"Slice+1","floor":21},{"not_picked":["Envenom","Leg Sweep"],"picked":"Footwork","floor":24},{"not_picked":["Dagger Throw","Underhanded Strike"],"picked":"Slice","floor":29},{"not_picked":["Burst+1","All Out Attack"],"picked":"Deflect+1","floor":31},{"not_picked":["Tools of the Trade","Grand Finale"],"picked":"A Thousand Cuts","floor":33},{"not_picked":["Cloak And Dagger+1","Quick Slash+1"],"picked":"Acrobatics+1","floor":35},{"not_picked":["Quick Slash+1","Dodge and Roll+1"],"picked":"Deflect+1","floor":36},{"not_picked":["Dagger Spray","Deadly Poison+1","Acrobatics+1"],"picked":"SKIP","floor":41},{"not_picked":["Wraith Form v2","Underhanded Strike+1"],"picked":"Night Terror+1","floor":42},{"not_picked":["Bane+1","Dodge and Roll+1","Underhanded Strike"],"picked":"SKIP","floor":44},{"not_picked":["Quick Slash+1","Blade Dance+1"],"picked":"Poisoned Stab+1","floor":45},{"not_picked":["Acrobatics+1","Flying Knee"],"picked":"Outmaneuver+1","floor":46},{"not_picked":["Dodge and Roll+1","Riddle With Holes+1"],"picked":"Prepared+1","floor":47},{"not_picked":["Deflect+1","Slice"],"picked":"After Image","floor":48}],"player_experience":274233,"relics_obtained":[{"floor":8.0,"key":"Centennial Puzzle"},{"floor":9.0,"key":"Strawberry"},{"floor":13.0,"key":"Blood Vial"},{"floor":24,"key":"Toxic Egg 2"},{"floor":26,"key":"Juzu Bracelet"},{"floor":42,"key":"Shuriken"},{"floor":43,"key":"Snake Skull"}],"event_choices":[{"cards_removed":["Strike_G"],"damage_healed":0.0,"max_hp_gain":0.0,"max_hp_loss":0.0,"gold_gain":0.0,"event_name":"The Cleric","player_choice":"Card Removal","floor":2.0,"gold_loss":50.0,"damage_taken":0.0},{"damage_healed":0.0,"max_hp_gain":5.0,"max_hp_loss":0.0,"gold_gain":0.0,"event_name":"Big Fish","player_choice":"Donut","floor":4.0,"gold_loss":0.0,"damage_taken":0.0},{"damage_healed":0.0,"max_hp_gain":0.0,"max_hp_loss":0.0,"gold_gain":30.0,"event_name":"Dead Adventurer","player_choice":"Searched \u00272\u0027 times","floor":10.0,"gold_loss":0.0,"damage_taken":0.0},{"damage_healed":0,"gold_gain":0,"player_choice":"Ignored","damage_taken":0,"max_hp_gain":0,"max_hp_loss":0,"event_name":"Cursed Tome","floor":20,"gold_loss":0},{"damage_healed":0,"gold_gain":0,"player_choice":"Ignored","damage_taken":0,"max_hp_gain":0,"max_hp_loss":0,"event_name":"Beggar","floor":25,"gold_loss":0},{"damage_healed":0,"gold_gain":0,"player_choice":"Traded Relic","damage_taken":0,"relics_obtained":["Nloth\u0027s Gift"],"max_hp_gain":0,"max_hp_loss":0,"event_name":"N\u0027loth","floor":27,"relics_lost":["NeowsBlessing"],"gold_loss":0},{"damage_healed":0,"gold_gain":0,"player_choice":"Copied","damage_taken":0,"max_hp_gain":0,"max_hp_loss":0,"event_name":"Duplicator","floor":38,"gold_loss":0,"cards_obtained":["Adrenaline"]}],"is_beta":false,"boss_relics":[{"not_picked":["Tiny House","Ectoplasm"],"picked":"Runic Pyramid"},{"not_picked":["Ring of the Serpent","Empty Cage"],"picked":"Lizard Tail"}],"items_purged_floors":[22,37],"is_endless":false,"potions_floor_spawned":[8,13,14,16,19,24,29,31,35,42,46,47],"ascension_level":3}