{"gold_per_floor":[118,133,151,168,182,182,182,182,227,258,258,271,106,56,56,156,156,170,183,203,203,220,220,250,250,250,160,177,193,193,222,222,323,323,333,349,85,99,110,142,142,160,160,160,160,160,195,205,205,205],"floor_reached":51,"playtime":2715,"items_purged":["Strike_B","Strike_B"],"score":751,"play_id":"c6dd3641-f447-4946-b3a5-c1894f683439","local_time":"20190924120741","is_ascension_mode":false,"campfire_choices":[{"data":"Streamline","floor":6.0,"key":"SMITH"},{"data":"Zap","floor":8.0,"key":"SMITH"},{"data":"Good Instincts","floor":15.0,"key":"SMITH"},{"data":"Go for the Eyes","floor":23.0,"key":"SMITH"},{"floor":25.0,"key":"REST"},{"floor":30.0,"key":"REST"},{"data":"Reinforced Body","floor":32.0,"key":"SMITH"},{"data":"Hologram","floor":41,"key":"SMITH"},{"floor":44,"key":"REST"},{"floor":49,"key":"REST"}],"neow_cost":"NONE","seed_source_timestamp":0,"circlet_count":0,"master_deck":["Strike_B+1","Defend_B","Defend_B","Defend_B","Zap+1","Dualcast","Streamline+1","Hologram+1","FTL","Beam Cell+1","Good Instincts+1","Seek+1","Go for the Eyes+1","Cold Snap+1","Coolheaded+1","FTL+1","Reinforced Body+1","Reinforced Body+1","All For One","Tempest+1","Scrape","Trip","Parasite","Skim+1","Hologram+1","Gash","Gash","Forethought","Gash+1","Parasite","Conserve Battery+1","Leap+1"],"special_seed":0,"relics":["Cracked Core","NeowsBlessing","Art of War","Gremlin Horn","Nuclear Battery","PreservedInsect","Dodecahedron","Ancient Tea Set","Black Star","Dream Catcher","Smiling Mask","Pocketwatch","Regal Pillow","Pen Nib"],"potions_floor_usage":[33,48,50],"damage_taken":[{"damage":0.0,"enemies":"Cultist","floor":1.0,"turns":1.0},{"damage":0.0,"enemies":"Small Slimes","floor":2.0,"turns":1.0},{"damage":0.0,"enemies":"2 Louse","floor":3.0,"turns":1.0},{"damage":8.0,"enemies":"2 Fungi Beasts","floor":4.0,"turns":3.0},{"damage":5.0,"enemies":"Looter","floor":5.0,"turns":2.0},{"damage":5.0,"enemies":"Gremlin Nob","floor":10.0,"turns":3.0},{"damage":0.0,"enemies":"Red Slaver","floor":12.0,"turns":3.0},{"damage":12.0,"enemies":"The Guardian","floor":16.0,"turns":8.0},{"damage":8.0,"enemies":"3 Byrds","floor":18.0,"turns":4.0},{"damage":2.0,"enemies":"Shell Parasite","floor":19.0,"turns":3.0},{"damage":1.0,"enemies":"Snecko","floor":20.0,"turns":4.0},{"damage":10.0,"enemies":"Centurion and Healer","floor":22.0,"turns":5.0},{"damage":37.0,"enemies":"Slavers","floor":24.0,"turns":5.0},{"damage":1.0,"enemies":"Snake Plant","floor":28.0,"turns":3.0},{"damage":4.0,"enemies":"Snecko","floor":29.0,"turns":4.0},{"damage":0.0,"enemies":"Book of Stabbing","floor":31.0,"turns":3.0},{"damage":31,"enemies":"Automaton","floor":33,"turns":14},{"damage":0,"enemies":"3 Darklings","floor":35,"turns":5},{"damage":11,"enemies":"3 Shapes","floor":36,"turns":6},{"damage":0,"enemies":"Writhing Mass","floor":38,"turns":7},{"damage":2,"enemies":"4 Shapes","floor":39,"turns":6},{"damage":35,"enemies":"Giant Head","floor":40,"turns":7},{"damage":0,"enemies":"Sphere and 2 Shapes","floor":42,"turns":4},{"damage":16,"enemies":"Reptomancer","floor":47,"turns":5},{"damage":14,"enemies":"Writhing Mass","floor":48,"turns":6},{"damage":35,"enemies":"Awakened One","floor":50,"turns":10}],"seed_played":"-5180013844638115777","potions_obtained":[{"floor":1.0,"key":"SteroidPotion"},{"floor":4.0,"key":"Energy Potion"},{"floor":10.0,"key":"Strength Potion"},{"floor":12.0,"key":"SkillPotion"},{"floor":39,"key":"Block Potion"},{"floor":48,"key":"PowerPotion"}],"is_trial":false,"path_per_floor":["M","M","M","M","M","R","?","R","T","E","?","M","$","?","R","B",null,"M","M","M","?","M","R","E","R","T","?","M","M","R","E","R","B",null,"M","M","$","M","M","E","R","M","T","R","?","?","E","M","R","B",null],"character_chosen":"DEFECT","items_purchased":["Good Instincts","Scrape","Trip"],"campfire_rested":4,"item_purchase_floors":[13,37,37],"current_hp_per_floor":[75,75,75,67,62,62,62,62,62,57,42,42,42,42,42,30,75,67,65,64,64,54,54,17,39,39,39,38,34,56,56,56,25,75,75,64,64,64,62,27,27,27,27,49,44,44,28,14,51,16],"gold":205,"neow_bonus":"THREE_ENEMY_KILL","is_prod":false,"is_daily":false,"chose_seed":false,"campfire_upgraded":6,"win_rate":0,"timestamp":1569294461,"path_taken":["M","M","?","M","M","R","?","R","T","E","?","M","$","?","R","BOSS","M","M","M","?","M","R","E","R","T","?","M","?","R","E","R","BOSS","M","M","$","M","M","E","R","?","T","R","?","?","E","M","R","BOSS"],"build_version":"2019-07-17","purchased_purges":2,"victory":true,"max_hp_per_floor":[75,75,75,75,75,75,75,75,75,75,75,75,75,75,75,75,75,75,75,75,75,75,75,75,75,75,75,75,75,75,75,75,75,75,75,75,75,75,75,75,75,75,75,75,75,75,75,75,75,75],"card_choices":[{"not_picked":["Double Energy","Turbo"],"picked":"Streamline","floor":1.0},{"not_picked":["Coolheaded","Self Repair"],"picked":"Hologram","floor":2.0},{"not_picked":["Thunder Strike","Barrage"],"picked":"Go for the Eyes","floor":3.0},{"not_picked":["Rebound","Compile Driver"],"picked":"FTL","floor":4.0},{"not_picked":["Chaos","Stack","Streamline"],"picked":"SKIP","floor":5.0},{"not_picked":["Turbo","Blizzard"],"picked":"Beam Cell","floor":10.0},{"not_picked":["Redo","Barrage","Coolheaded"],"picked":"SKIP","floor":12.0},{"not_picked":["Creative AI","Multi-Cast"],"picked":"Seek","floor":16.0},{"not_picked":["Coolheaded","Barrage"],"picked":"Go for the Eyes+1","floor":18.0},{"not_picked":["Turbo","Recycle"],"picked":"Cold Snap+1","floor":19.0},{"not_picked":["Static Discharge","Barrage"],"picked":"Coolheaded+1","floor":20.0},{"not_picked":["Leap+1","Lockon"],"picked":"FTL+1","floor":22.0},{"not_picked":["Sweeping Beam","Fission","Hyperbeam"],"picked":"SKIP","floor":24.0},{"not_picked":["Static Discharge","Sweeping Beam"],"picked":"Reinforced Body","floor":28.0},{"not_picked":["Beam Cell","Rip and Tear","Go for the Eyes+1"],"picked":"SKIP","floor":29.0},{"not_picked":["Static Discharge","Thunder Strike"],"picked":"Reinforced Body+1","floor":31.0},{"not_picked":["Electrodynamics","Machine Learning"],"picked":"All For One","floor":33},{"not_picked":["Sweeping Beam","Coolheaded+1","Rebound+1"],"picked":"SKIP","floor":35},{"not_picked":["Ball Lightning+1","Streamline"],"picked":"Tempest+1","floor":36},{"not_picked":["Hello World","Stack+1","Consume+1"],"picked":"SKIP","floor":38},{"not_picked":["Capacitor","Hologram"],"picked":"Skim+1","floor":39},{"not_picked":["Core Surge","Defragment+1"],"picked":"Hologram","floor":40},{"not_picked":["Coolheaded+1","Streamline"],"picked":"Gash","floor":42},{"not_picked":["Hello World","Double Energy+1"],"picked":"Gash","floor":44},{"not_picked":["Dark Shackles","Jack Of All Trades"],"picked":"Forethought","floor":45},{"not_picked":["Compile Driver+1","Sweeping Beam"],"picked":"Gash+1","floor":47},{"not_picked":["Steam+1","Blizzard+1"],"picked":"Conserve Battery+1","floor":48},{"not_picked":["Rebound+1","Turbo"],"picked":"Leap+1","floor":49}],"player_experience":447042,"relics_obtained":[{"floor":9.0,"key":"Art of War"},{"floor":10.0,"key":"Gremlin Horn"},{"floor":24.0,"key":"PreservedInsect"},{"floor":26.0,"key":"Dodecahedron"},{"floor":31.0,"key":"Ancient Tea Set"},{"floor":40,"key":"Dream Catcher"},{"floor":40,"key":"Smiling Mask"},{"floor":43,"key":"Pocketwatch"},{"floor":47,"key":"Regal Pillow"},{"floor":47,"key":"Pen Nib"}],"event_choices":[{"damage_healed":0.0,"max_hp_gain":0.0,"max_hp_loss":0.0,"gold_gain":0.0,"event_name":"Living Wall","player_choice":"Grow","floor":7.0,"gold_loss":0.0,"damage_taken":0.0,"cards_upgraded":["Hologram"]},{"damage_healed":0.0,"max_hp_gain":0.0,"max_hp_loss":0.0,"gold_gain":0.0,"event_name":"Shining Light","player_choice":"Entered Light","floor":11.0,"gold_loss":0.0,"damage_taken":15.0,"cards_upgraded":["Strike_B","Beam Cell"]},{"cards_removed":["Defend_B"],"damage_healed":0.0,"max_hp_gain":0.0,"max_hp_loss":0.0,"gold_gain":0.0,"event_name":"The Cleric","player_choice":"Card Removal","floor":14.0,"gold_loss":50.0,"damage_taken":0.0},{"damage_healed":0.0,"max_hp_gain":0.0,"max_hp_loss":0.0,"gold_gain":0.0,"event_name":"Vampires","player_choice":"Ignored","floor":21.0,"gold_loss":0.0,"damage_taken":0.0},{"cards_removed":["Strike_B"],"damage_healed":0.0,"max_hp_gain":0.0,"max_hp_loss":0.0,"gold_gain":0.0,"event_name":"Designer","player_choice":"Upgrade and Remove","floor":27.0,"gold_loss":90.0,"damage_taken":0.0,"cards_upgraded":["Seek"]},{"damage_healed":0,"gold_gain":0,"player_choice":"Memory 2","damage_taken":5,"max_hp_gain":0,"max_hp_loss":0,"event_name":"SensoryStone","floor":45,"gold_loss":0},{"cards_removed":["Go for the Eyes"],"damage_healed":0,"gold_gain":0,"player_choice":"Removed Attack","damage_taken":0,"max_hp_gain":0,"max_hp_loss":0,"event_name":"Falling","floor":46,"gold_loss":0}],"is_beta":false,"boss_relics":[{"not_picked":["Astrolabe","White Beast Statue"],"picked":"Nuclear Battery"},{"not_picked":["Velvet Choker","Runic Dome"],"picked":"Black Star"}],"items_purged_floors":[13,37],"is_endless":false,"potions_floor_spawned":[1,4,10,12,16,22,24,29,39,42,48],"ascension_level":0}