{"gold_per_floor":[110,4,24,24,74,103,103,114,139,171,182,182,199,199,199,272,272,291,11,24,24,74,74,109,109,136,166,166,181,181],"floor_reached":30,"playtime":2086,"items_purged":[],"score":524,"play_id":"c54d2a9b-d99f-4f71-845a-9e6bd34a6117","local_time":"20190819013657","is_ascension_mode":true,"campfire_choices":[{"floor":7,"key":"REST"},{"data":"Cloak And Dagger","floor":12,"key":"SMITH"},{"data":"Neutralize","floor":15,"key":"SMITH"},{"data":"Glass Knife","floor":23,"key":"SMITH"},{"floor":25,"key":"REST"},{"data":"Noxious Fumes","floor":28,"key":"SMITH"}],"neow_cost":"NONE","seed_source_timestamp":56710794172410,"circlet_count":0,"master_deck":["AscendersBane","Strike_G","Strike_G","Strike_G","Defend_G","Defend_G","Defend_G","Defend_G","Defend_G","Survivor","Neutralize+1","Cloak And Dagger+1","Dagger Throw","Skewer","Glass Knife+1","Dash","Cloak And Dagger","PiercingWail","PiercingWail","Well Laid Plans","Adrenaline","Backflip","Leg Sweep","Crippling Poison","Noxious Fumes+1","Footwork","Slice+1","Flying Knee","Backstab"],"relics":["Ring of the Snake","Omamori","Art of War","Prayer Wheel","Empty Cage","Vajra","Ancient Tea Set","Bag of Preparation","Orichalcum","Torii"],"potions_floor_usage":[10,11,16,18,27],"damage_taken":[{"damage":1,"enemies":"2 Louse","floor":1,"turns":4},{"damage":0,"enemies":"Cultist","floor":3,"turns":3},{"damage":56,"enemies":"Gremlin Nob","floor":6,"turns":5},{"damage":0,"enemies":"Jaw Worm","floor":8,"turns":3},{"damage":2,"enemies":"3 Sentries","floor":10,"turns":8},{"damage":0,"enemies":"Lots of Slimes","floor":11,"turns":2},{"damage":7,"enemies":"Large Slime","floor":13,"turns":7},{"damage":59,"enemies":"Hexaghost","floor":16,"turns":18},{"damage":12,"enemies":"3 Byrds","floor":18,"turns":9},{"damage":10,"enemies":"Chosen","floor":20,"turns":6},{"damage":17,"enemies":"Slavers","floor":24,"turns":8},{"damage":15,"enemies":"Book of Stabbing","floor":27,"turns":7},{"damage":10,"enemies":"Shelled Parasite and Fungi","floor":29,"turns":7},{"damage":17,"enemies":"Gremlin Leader","floor":30,"turns":5}],"seed_played":"-8548830448773624204","potions_obtained":[{"floor":6,"key":"Dexterity Potion"},{"floor":8,"key":"Fire Potion"},{"floor":10,"key":"Explosive Potion"},{"floor":11,"key":"Energy Potion"},{"floor":20,"key":"SteroidPotion"}],"is_trial":false,"path_per_floor":["M","$","M","?","?","E","R","M","T","E","M","R","M","?","R","B",null,"M","$","M","$","T","R","E","R","T","E","R","M","E"],"character_chosen":"THE_SILENT","items_purchased":["Cloak And Dagger","Dagger Throw","Vajra","Crippling Poison","Noxious Fumes"],"campfire_rested":2,"item_purchase_floors":[2,2,19,19,19],"current_hp_per_floor":[64,64,64,64,64,8,29,29,29,27,27,27,20,72,72,13,57,45,45,35,35,35,35,18,39,39,24,24,14,0],"gold":181,"neow_bonus":"TEN_PERCENT_HP_BONUS","is_prod":false,"is_daily":false,"chose_seed":false,"campfire_upgraded":4,"win_rate":0,"timestamp":1566171417,"path_taken":["M","$","M","?","?","E","R","M","T","E","?","R","M","?","R","BOSS","M","$","M","?","?","R","E","R","T","E","R","M","E"],"build_version":"2019-07-17","purchased_purges":0,"victory":false,"max_hp_per_floor":[72,72,72,72,72,72,72,72,72,72,72,72,72,72,72,72,72,72,72,72,72,72,72,72,72,72,72,72,72,72],"card_choices":[{"not_picked":["Backflip","Underhanded Strike"],"picked":"Heel Hook","floor":1},{"not_picked":["Distraction","Bane"],"picked":"Skewer","floor":3},{"not_picked":["Sucker Punch","Dagger Throw"],"picked":"Glass Knife","floor":6},{"not_picked":["Flying Knee","Bane"],"picked":"Dash","floor":8},{"not_picked":["Dagger Throw","Acrobatics"],"picked":"Cloak And Dagger","floor":10},{"not_picked":["Night Terror","Dagger Throw"],"picked":"PiercingWail","floor":11},{"not_picked":["Quick Slash","Deflect","Sucker Punch"],"picked":"SKIP","floor":11},{"not_picked":["Prepared","Blade Dance"],"picked":"PiercingWail","floor":13},{"not_picked":["Deadly Poison","Dagger Spray"],"picked":"Well Laid Plans","floor":13},{"not_picked":["Storm of Steel","Grand Finale"],"picked":"Adrenaline","floor":16},{"not_picked":["Heel Hook","Cloak And Dagger"],"picked":"Backflip","floor":18},{"not_picked":["Setup+1","Infinite Blades"],"picked":"Leg Sweep","floor":18},{"not_picked":["Poisoned Stab","All Out Attack"],"picked":"Footwork","floor":20},{"not_picked":["Well Laid Plans","Skewer","Prepared"],"picked":"SKIP","floor":20},{"not_picked":["Crippling Poison","Outmaneuver"],"picked":"Slice+1","floor":24},{"not_picked":["Blade Dance","Dagger Throw"],"picked":"Flying Knee","floor":27},{"not_picked":["Heel Hook","Quick Slash"],"picked":"Backstab","floor":29},{"not_picked":["Endless Agony","PiercingWail","Quick Slash"],"picked":"SKIP","floor":29}],"player_experience":972676,"relics_obtained":[{"floor":6,"key":"Omamori"},{"floor":9,"key":"Art of War"},{"floor":10,"key":"Prayer Wheel"},{"floor":22,"key":"Ancient Tea Set"},{"floor":24,"key":"Bag of Preparation"},{"floor":26,"key":"Orichalcum"},{"floor":27,"key":"Torii"}],"event_choices":[{"damage_healed":0,"gold_gain":0,"player_choice":"Ignored","damage_taken":0,"max_hp_gain":0,"max_hp_loss":0,"event_name":"Golden Idol","floor":4,"gold_loss":0},{"damage_healed":0,"gold_gain":50,"player_choice":"Pray","damage_taken":0,"max_hp_gain":0,"max_hp_loss":0,"event_name":"Golden Shrine","floor":5,"gold_loss":0},{"cards_removed":["Heel Hook"],"damage_healed":52,"gold_gain":0,"player_choice":"Offered Uncommon","damage_taken":0,"max_hp_gain":0,"max_hp_loss":0,"event_name":"Bonfire Elementals","floor":14,"gold_loss":0}],"is_beta":false,"boss_relics":[{"not_picked":["Ring of the Serpent","Velvet Choker"],"picked":"Empty Cage"}],"items_purged_floors":[],"is_endless":false,"potions_floor_spawned":[6,8,10,11,20],"killed_by":"Gremlin Leader","ascension_level":18}