{"gold_per_floor":[115,129,129,54,54,54,81,81,129,144,161,193,27,45,45,119,119,136,152,77,92,174,174,174],"floor_reached":24,"playtime":1113,"items_purged":["Defend_B"],"score":402,"play_id":"43f16903-6147-487d-9139-990644797adb","local_time":"20190928195152","is_ascension_mode":true,"campfire_choices":[{"data":"Zap","floor":6,"key":"SMITH"},{"floor":8,"key":"REST"},{"floor":15,"key":"REST"},{"data":"Defragment","floor":23,"key":"SMITH"}],"neow_cost":"TEN_PERCENT_HP_LOSS","seed_source_timestamp":527222467971800,"circlet_count":0,"master_deck":["AscendersBane","Strike_B","Defend_B","Defend_B","Zap+1","Dualcast","Melter","Defragment+1","Steam","Coolheaded","Rebound","Steam","Echo Form","Sweeping Beam","Conserve Battery","Seek","Cold Snap","Self Repair"],"special_seed":0,"relics":["Cracked Core","Dodecahedron","Ancient Tea Set","Dead Branch","Regal Pillow","Lizard Tail","Matryoshka"],"potions_floor_usage":[12,18,24],"damage_taken":[{"damage":5.0,"enemies":"2 Louse","floor":1.0,"turns":3.0},{"damage":6.0,"enemies":"Small Slimes","floor":2.0,"turns":4.0},{"damage":24,"enemies":"Lagavulin","floor":7,"turns":5},{"damage":0,"enemies":"Cultist","floor":10,"turns":4},{"damage":8,"enemies":"Gremlin Gang","floor":11,"turns":6},{"damage":22,"enemies":"3 Sentries","floor":12,"turns":8},{"damage":2,"enemies":"Exordium Wildlife","floor":14,"turns":4},{"damage":28,"enemies":"Slime Boss","floor":16,"turns":9},{"damage":1,"enemies":"3 Byrds","floor":18,"turns":2},{"damage":11,"enemies":"Chosen","floor":19,"turns":5},{"damage":46,"enemies":"Snake Plant","floor":21,"turns":5},{"damage":54,"enemies":"Gremlin Leader","floor":24,"turns":6}],"seed_played":"-7953092494435600272","potions_obtained":[{"floor":2.0,"key":"LiquidBronze"},{"floor":7,"key":"Weak Potion"},{"floor":12,"key":"Fruit Juice"},{"floor":14,"key":"FocusPotion"},{"floor":19,"key":"AttackPotion"}],"is_trial":false,"path_per_floor":["M","M","?","?","?","R","E","R","T","M","M","E","$","M","R","B",null,"M","M","$","M","T","R","E"],"character_chosen":"DEFECT","items_purchased":["Regal Pillow"],"campfire_rested":2,"item_purchase_floors":[13],"current_hp_per_floor":[59,53,46,46,46,46,22,41,41,41,33,16,16,14,49,21,57,56,45,45,41,41,41,0],"gold":174,"neow_bonus":"TRANSFORM_TWO_CARDS","is_prod":false,"is_daily":false,"chose_seed":false,"campfire_upgraded":2,"win_rate":0,"timestamp":1569667912,"path_taken":["M","M","?","?","?","R","E","R","T","M","M","E","$","M","R","BOSS","M","M","$","M","?","R","E"],"build_version":"2019-07-17","purchased_purges":1,"victory":false,"max_hp_per_floor":[64,64,64,64,64,64,64,64,64,64,64,69,69,69,69,69,69,69,69,69,69,69,69,69],"card_choices":[{"not_picked":["Rebound","Hello World"],"picked":"Steam","floor":1.0},{"not_picked":["Redo","Reprogram"],"picked":"Coolheaded","floor":2.0},{"not_picked":["Sweeping Beam","Turbo"],"picked":"Steam","floor":7},{"not_picked":["Beam Cell","Conserve Battery"],"picked":"Echo Form","floor":10},{"not_picked":["Reprogram","Rebound"],"picked":"Sweeping Beam","floor":11},{"not_picked":["Recycle","Multi-Cast","Fusion"],"picked":"SKIP","floor":12},{"not_picked":["Stack","Redo"],"picked":"Conserve Battery","floor":14},{"not_picked":["Core Surge","Buffer"],"picked":"Seek","floor":16},{"not_picked":["Skim","Ball Lightning"],"picked":"Cold Snap","floor":18},{"not_picked":["Redo","Compile Driver"],"picked":"Self Repair","floor":19},{"not_picked":["Beam Cell","Rip and Tear","Hologram"],"picked":"SKIP","floor":21}],"player_experience":513109,"relics_obtained":[{"floor":7,"key":"Dodecahedron"},{"floor":9,"key":"Ancient Tea Set"},{"floor":12,"key":"Dead Branch"},{"floor":22,"key":"Matryoshka"}],"event_choices":[{"cards_removed":["Defend_B"],"damage_healed":0.0,"max_hp_gain":0.0,"max_hp_loss":0.0,"gold_gain":0.0,"event_name":"Golden Wing","player_choice":"Card Removal","floor":3.0,"gold_loss":0.0,"damage_taken":7.0},{"cards_removed":["Strike_B"],"damage_healed":0.0,"max_hp_gain":0.0,"max_hp_loss":0.0,"gold_gain":0.0,"event_name":"The Cleric","player_choice":"Card Removal","floor":4.0,"gold_loss":75.0,"damage_taken":0.0},{"damage_healed":0,"gold_gain":0,"player_choice":"1 cards matched","damage_taken":0,"max_hp_gain":0,"max_hp_loss":0,"event_name":"Match and Keep!","floor":5,"gold_loss":0,"cards_obtained":["Rebound"]}],"is_beta":false,"boss_relics":[{"not_picked":["Ectoplasm","Snecko Eye"],"picked":"Lizard Tail"}],"items_purged_floors":[20],"is_endless":false,"potions_floor_spawned":[2,7,12,14,16,19],"killed_by":"Gremlin Leader","ascension_level":19}