{"gold_per_floor":[115,135,146,165,90,90,90,105,129,129,79,92,107,118,118,217,217,232,232,232,242,242,242],"floor_reached":23,"playtime":2291,"items_purged":["Bash"],"score":185,"play_id":"39acaeba-1bad-4f4a-be7b-84a0481c3dd4","local_time":"20180627015637","is_ascension_mode":false,"campfire_choices":[{"data":"Metallicize","floor":6,"key":"SMITH"},{"data":"Shrug It Off","floor":10,"key":"SMITH"},{"data":"Shrug It Off","floor":15,"key":"SMITH"}],"neow_cost":"NONE","seed_source_timestamp":357304071515493,"circlet_count":0,"master_deck":["Strike_R+1","Strike_R+1","Strike_R+1","Strike_R+1","Strike_R+1","Defend_R+1","Defend_R+1","Defend_R+1","Defend_R+1","Flex","Metallicize+1","Shrug It Off","Shrug It Off+1","Barricade","Shrug It Off+1","Reaper","Battle Trance"],"relics":["Burning Blood","NeowsBlessing","Anchor","Lizard Tail"],"potions_floor_usage":[16,16,16,18],"damage_taken":[{"damage":0,"enemies":"2 Louse","floor":1,"turns":1},{"damage":0,"enemies":"Small Slimes","floor":2,"turns":1},{"damage":0,"enemies":"Cultist","floor":3,"turns":1},{"damage":21,"enemies":"Lots of Slimes","floor":4,"turns":7},{"damage":0,"enemies":"Blue Slaver","floor":8,"turns":6},{"damage":1,"enemies":"2 Fungi Beasts","floor":12,"turns":6},{"damage":13,"enemies":"Exordium Wildlife","floor":13,"turns":10},{"damage":3,"enemies":"Large Slime","floor":14,"turns":12},{"damage":31,"enemies":"Slime Boss","floor":16,"turns":31},{"damage":134,"enemies":"Chosen","floor":18,"turns":17},{"damage":6,"enemies":"Shell Parasite","floor":21,"turns":20},{"damage":19,"enemies":"Book of Stabbing","floor":23,"turns":7}],"seed_played":"9013542362767276339","potions_obtained":[{"floor":1,"key":"Fire Potion"},{"floor":3,"key":"AttackPotion"},{"floor":4,"key":"PowerPotion"},{"floor":16,"key":"SkillPotion"}],"is_trial":false,"path_per_floor":["M","M","M","M","$","R","$","M","T","R","?","M","M","M","R","B",null,"M","?","?","M","?"],"character_chosen":"IRONCLAD","items_purchased":[],"campfire_rested":0,"item_purchase_floors":[],"current_hp_per_floor":[80,80,80,65,65,65,65,71,71,71,71,76,69,72,72,47,80,13,13,13,17,17,0],"gold":242,"neow_bonus":"THREE_ENEMY_KILL","is_prod":false,"is_daily":false,"chose_seed":false,"campfire_upgraded":3,"win_rate":0.0,"timestamp":1530032197,"path_taken":["M","M","M","M","$","R","$","M","T","R","?","M","M","M","R","BOSS","M","?","?","?","?","E"],"build_version":"2018-06-21v2","purchased_purges":1,"victory":false,"max_hp_per_floor":[80,80,80,80,80,80,80,80,80,80,80,80,80,80,80,80,80,80,80,80,80,80,80],"card_choices":[{"not_picked":["Twin Strike","Heavy Blade"],"picked":"Flex","floor":1},{"not_picked":["Flame Barrier","Heavy Blade"],"picked":"Metallicize","floor":2},{"not_picked":["Heavy Blade","Seeing Red"],"picked":"Shrug It Off","floor":3},{"not_picked":["Twin Strike","Heavy Blade"],"picked":"True Grit","floor":4},{"not_picked":["Perfected Strike","Armaments"],"picked":"Shrug It Off","floor":8},{"not_picked":["Twin Strike","Burning Pact"],"picked":"Barricade","floor":12},{"not_picked":["Anger","Shockwave","Pommel Strike"],"picked":"SKIP","floor":13},{"not_picked":["Anger","Hemokinesis"],"picked":"Shrug It Off","floor":14},{"not_picked":["Limit Break","Barricade"],"picked":"Reaper","floor":16},{"not_picked":["Sever Soul","Perfected Strike","Sword Boomerang"],"picked":"SKIP","floor":18},{"not_picked":["Clothesline","Pommel Strike"],"picked":"Battle Trance","floor":21}],"player_experience":40273,"relics_obtained":[{"floor":9,"key":"Anchor"}],"event_choices":[{"event_name":"The Cleric","player_choice":"Card Removal","floor":11,"damage_taken":0},{"event_name":"Match and Keep!","player_choice":"0 cards matched","floor":19,"damage_taken":0},{"event_name":"Addict","player_choice":"Ignored","floor":20,"damage_taken":0},{"event_name":"Back to Basics","player_choice":"Simplicity","floor":22,"damage_taken":0}],"boss_relics":[{"not_picked":["Calling Bell","Eternal Feather"],"picked":"Lizard Tail"}],"items_purged_floors":[5],"is_endless":false,"potions_floor_spawned":[1,3,4,16],"killed_by":"Book of Stabbing","ascension_level":0}