{"gold_per_floor":[361,436,416,433,453,453,484,3,28,44,44,44,63,63,63,140,140,159,176,176,91,41,41,52,69,146,196,196,208,208],"floor_reached":30,"playtime":1601,"items_purged":[],"score":464,"play_id":"3c3242f6-04ab-4235-af62-ef8a357dfa9d","local_time":"20190404102537","is_ascension_mode":true,"campfire_choices":[{"data":"Bash","floor":6,"key":"SMITH"},{"data":"True Grit","floor":11,"key":"SMITH"},{"floor":15,"key":"REST"},{"data":"Juggernaut","floor":23,"key":"SMITH"}],"neow_cost":"CURSE","seed_source_timestamp":1467339275094300,"circlet_count":0,"master_deck":["AscendersBane","Strike_R","Strike_R","Strike_R","Strike_R","Defend_R","Defend_R","Defend_R","Defend_R","Bash+1","Pommel Strike","Anger","True Grit","True Grit+1","Blind+1","Feel No Pain","Juggernaut+1","Sentinel+1","Entrench","Thunderclap","Body Slam"],"relics":["Burning Blood","Anchor","Calipers","Happy Flower","Sozu","Regal Pillow"],"potions_floor_usage":[4,7,16,20,29],"damage_taken":[{"damage":28,"enemies":"Jaw Worm","floor":1,"turns":6},{"damage":5,"enemies":"Small Slimes","floor":4,"turns":4},{"damage":1,"enemies":"Cultist","floor":5,"turns":4},{"damage":26,"enemies":"3 Sentries","floor":7,"turns":9},{"damage":4,"enemies":"Gremlin Gang","floor":10,"turns":8},{"damage":5,"enemies":"Blue Slaver","floor":13,"turns":5},{"damage":19,"enemies":"The Guardian","floor":16,"turns":16},{"damage":10,"enemies":"2 Thieves","floor":18,"turns":5},{"damage":15,"enemies":"Chosen","floor":19,"turns":6},{"damage":3,"enemies":"Snecko","floor":20,"turns":4},{"damage":11,"enemies":"Centurion and Healer","floor":24,"turns":6},{"damage":21,"enemies":"Snake Plant","floor":25,"turns":5},{"damage":20,"enemies":"Snecko","floor":29,"turns":5},{"damage":23,"enemies":"Book of Stabbing","floor":30,"turns":3}],"seed_played":"-8366805957987706702","potions_obtained":[{"floor":1,"key":"BloodPotion"},{"floor":3,"key":"Fire Potion"},{"floor":5,"key":"SmokeBomb"},{"floor":10,"key":"PowerPotion"},{"floor":16,"key":"Ancient Potion"}],"is_trial":false,"path_per_floor":["M","?","?","M","M","R","E","$","T","M","R","?","M","$","R","B",null,"M","M","M","?","?","R","M","M","T","?","?","M","E"],"character_chosen":"IRONCLAD","items_purchased":["Calipers","True Grit","Blind"],"campfire_rested":1,"item_purchase_floors":[8,8,8],"current_hp_per_floor":[46,35,35,43,48,48,28,28,28,30,30,30,31,31,52,39,64,60,51,54,54,54,54,49,34,34,34,34,20,0],"gold":208,"neow_bonus":"TWO_FIFTY_GOLD","is_prod":false,"is_daily":false,"chose_seed":false,"campfire_upgraded":3,"win_rate":0,"timestamp":1554362737,"path_taken":["M","?","?","?","?","R","E","$","T","M","R","?","M","$","R","BOSS","M","M","?","?","?","R","?","M","T","?","?","M","E"],"build_version":"2019-01-23","purchased_purges":0,"victory":false,"max_hp_per_floor":[75,75,75,75,75,75,75,75,75,75,75,72,72,72,72,72,72,72,72,72,72,72,72,72,72,72,72,72,72,72],"card_choices":[{"not_picked":["True Grit","Shrug It Off"],"picked":"Pommel Strike","floor":1},{"not_picked":["Clothesline","Havoc"],"picked":"Anger","floor":4},{"not_picked":["Searing Blow","Seeing Red"],"picked":"True Grit","floor":5},{"not_picked":["Warcry","Havoc","Pummel"],"picked":"SKIP","floor":7},{"not_picked":["Thunderclap","Dropkick"],"picked":"Feel No Pain","floor":10},{"not_picked":["Cleave","Wild Strike","Limit Break"],"picked":"SKIP","floor":13},{"not_picked":["Brutality","Bludgeon"],"picked":"Juggernaut","floor":16},{"not_picked":["Havoc","Thunderclap","Rampage"],"picked":"SKIP","floor":18},{"not_picked":["Pummel","Sword Boomerang"],"picked":"Sentinel+1","floor":19},{"not_picked":["Flex","Body Slam"],"picked":"Entrench","floor":24},{"not_picked":["Seeing Red","Spot Weakness","Heavy Blade"],"picked":"SKIP","floor":25},{"not_picked":["Ghostly Armor","Iron Wave"],"picked":"Body Slam","floor":29}],"player_experience":1106153,"relics_obtained":[{"floor":7,"key":"Anchor"},{"floor":9,"key":"Happy Flower"}],"event_choices":[{"damage_healed":0,"gold_gain":75,"player_choice":"Gather Gold","damage_taken":11,"max_hp_gain":0,"max_hp_loss":0,"event_name":"World of Goop","floor":2,"gold_loss":0},{"damage_healed":0,"gold_gain":0,"player_choice":"Bought 1 Potion","damage_taken":0,"max_hp_gain":0,"max_hp_loss":0,"event_name":"The Woman in Blue","floor":3,"gold_loss":0},{"cards_removed":["Parasite"],"damage_healed":0,"gold_gain":0,"player_choice":"Purged","damage_taken":0,"max_hp_gain":0,"max_hp_loss":0,"event_name":"Purifier","floor":12,"gold_loss":0},{"damage_healed":0,"gold_gain":0,"player_choice":"Obtained Relic","damage_taken":0,"relics_obtained":["Regal Pillow"],"max_hp_gain":0,"max_hp_loss":0,"event_name":"Addict","floor":21,"gold_loss":85},{"damage_healed":0,"gold_gain":0,"player_choice":"Upgrade","damage_taken":0,"max_hp_gain":0,"max_hp_loss":0,"event_name":"Designer","floor":22,"gold_loss":50,"cards_upgraded":["Blind"]},{"damage_healed":0,"gold_gain":50,"player_choice":"Stole From Cult","damage_taken":0,"max_hp_gain":0,"max_hp_loss":0,"event_name":"Nest","floor":27,"gold_loss":0},{"damage_healed":0,"gold_gain":0,"cards_transformed":["Strike_R"],"player_choice":"Transformed","damage_taken":0,"max_hp_gain":0,"max_hp_loss":0,"event_name":"Transmorgrifier","floor":28,"gold_loss":0,"cards_obtained":["Thunderclap"]}],"is_beta":false,"boss_relics":[{"not_picked":["Black Blood","Tiny House"],"picked":"Sozu"}],"items_purged_floors":[],"is_endless":false,"potions_floor_spawned":[1,5,10,16,19,25],"killed_by":"Book of Stabbing","ascension_level":20}