{"gold_per_floor":[111,123,134,209,174,174,191,1,25,25,44,58,58,72,72,173,173,191,191,191,206,216,216,236,247,323,323,323,323,343,356,356,452,452,469,340,351,351,361,361,391,391,391,198,229,244,38,52,52,52],"floor_reached":51,"playtime":8761,"items_purged":["Writhe"],"score":882,"play_id":"ed91438e-7e02-460b-89cc-cde19482da39","local_time":"20180808220415","is_ascension_mode":true,"campfire_choices":[{"data":"Zap","floor":6,"key":"SMITH"},{"data":"Apotheosis","floor":10,"key":"SMITH"},{"floor":13,"key":"REST"},{"data":"Steam Power","floor":15,"key":"SMITH"},{"floor":23,"key":"REST"},{"floor":27,"key":"REST"},{"data":"Seek","floor":29,"key":"SMITH"},{"floor":32,"key":"REST"},{"floor":40,"key":"REST"},{"data":"Reboot","floor":42,"key":"SMITH"},{"floor":49,"key":"REST"}],"neow_cost":"NONE","seed_source_timestamp":2933051278741,"circlet_count":0,"master_deck":["Strike_B","Strike_B","Strike_B","Strike_B","Defend_B","Defend_B","Defend_B","Defend_B","Zap+1","Dualcast","Static Discharge","Undo","Apotheosis+1","Steam Power+1","Sweeping Beam","Ball Lightning","Electrodynamics","Ball Lightning","Zap+1","Conserve Battery","Seek+1","Glacier","Defragment","Conserve Battery+1","Fission","Rebound+1","Capacitor","Barrage","Ball Lightning","Reboot+1","Recycle","Conserve Battery"],"relics":["Cracked Core","Omamori","Boot","Cursed Key","Letter Opener","Nuclear Battery","Orichalcum","Blood Vial","Centennial Puzzle","Bag of Preparation"],"potions_floor_usage":[21,24,25,33,33,41,45,50,50],"damage_taken":[{"damage":3,"enemies":"Jaw Worm","floor":1,"turns":4},{"damage":0,"enemies":"Small Slimes","floor":2,"turns":3},{"damage":1,"enemies":"2 Louse","floor":3,"turns":3},{"damage":1,"enemies":"2 Fungi Beasts","floor":7,"turns":3},{"damage":18,"enemies":"Lots of Slimes","floor":11,"turns":3},{"damage":0,"enemies":"Blue Slaver","floor":12,"turns":5},{"damage":0,"enemies":"Gremlin Gang","floor":14,"turns":3},{"damage":18,"enemies":"Slime Boss","floor":16,"turns":7},{"damage":6,"enemies":"Spheric Guardian","floor":18,"turns":4},{"damage":2,"enemies":"Shell Parasite","floor":21,"turns":3},{"damage":13,"enemies":"Sentry and Sphere","floor":22,"turns":4},{"damage":12,"enemies":"Snake Plant","floor":24,"turns":4},{"damage":21,"enemies":"Centurion and Healer","floor":25,"turns":5},{"damage":2,"enemies":"Cultist and Chosen","floor":30,"turns":3},{"damage":11,"enemies":"Snake Plant","floor":31,"turns":2},{"damage":19,"enemies":"Automaton","floor":33,"turns":8},{"damage":10,"enemies":"Flame Bruiser 1 Orb","floor":35,"turns":5},{"damage":0,"enemies":"3 Shapes","floor":37,"turns":3},{"damage":6,"enemies":"3 Darklings","floor":39,"turns":4},{"damage":8,"enemies":"Nemesis","floor":41,"turns":7},{"damage":17,"enemies":"2 Orb Walkers","floor":45,"turns":3},{"damage":2,"enemies":"Maw","floor":46,"turns":7},{"damage":18,"enemies":"Transient","floor":48,"turns":5},{"damage":24,"enemies":"Donu and Deca","floor":50,"turns":5}],"seed_played":"-2333034445456314138","potions_obtained":[{"floor":1,"key":"Block Potion"},{"floor":3,"key":"FearPotion"},{"floor":7,"key":"FearPotion"},{"floor":12,"key":"FairyPotion"},{"floor":18,"key":"Block Potion"},{"floor":22,"key":"SkillPotion"},{"floor":25,"key":"PowerPotion"},{"floor":31,"key":"Dexterity Potion"},{"floor":39,"key":"PowerPotion"},{"floor":48,"key":"AttackPotion"}],"is_trial":false,"path_per_floor":["M","M","M","?","?","R","M","$","T","R","M","M","R","M","R","B",null,"M","?","T","M","M","R","M","M","T","R","?","R","M","M","R","B",null,"M","$","M","T","M","R","E","R","T","$","E","M","$","M","R","B"],"character_chosen":"DEFECT","items_purchased":["Apotheosis","Capacitor","Barrage","Recycle","Energy Potion","Bag of Preparation","Dexterity Potion"],"campfire_rested":6,"item_purchase_floors":[8,36,36,44,44,47,47],"current_hp_per_floor":[65,65,64,53,71,71,70,70,70,70,52,52,74,74,74,56,70,64,64,64,62,49,71,59,38,38,60,60,60,58,47,69,50,69,59,59,59,59,53,75,67,67,67,67,52,52,52,36,58,36],"gold":52,"neow_bonus":"RANDOM_COMMON_RELIC","is_prod":false,"is_daily":false,"chose_seed":false,"campfire_upgraded":5,"win_rate":0,"timestamp":1533733455,"path_taken":["M","M","M","?","?","R","M","$","T","R","M","M","R","M","R","BOSS","M","?","?","M","M","R","M","M","T","R","?","R","M","?","R","BOSS","M","$","M","?","M","R","E","R","T","$","E","?","$","M","R","BOSS"],"build_version":"2018-08-02","purchased_purges":1,"victory":true,"max_hp_per_floor":[75,75,75,75,75,75,75,75,75,75,75,75,75,75,75,75,75,75,75,75,75,75,75,75,75,75,75,75,75,75,75,75,75,75,75,75,75,75,75,75,75,75,75,75,75,75,75,75,75,75],"card_choices":[{"not_picked":["Reinforced Body","Coolheaded","Blizzard"],"picked":"SKIP","floor":1},{"not_picked":["Blizzard","Turbo"],"picked":"Static Discharge","floor":2},{"not_picked":["Cold Snap","Consume","Skim"],"picked":"SKIP","floor":3},{"not_picked":["Scrape","Redo"],"picked":"Undo","floor":7},{"not_picked":["Streamline","Hologram"],"picked":"Steam Power","floor":11},{"not_picked":["Cold Snap","Coolheaded"],"picked":"Sweeping Beam","floor":12},{"not_picked":["Rainbow","Stack"],"picked":"Ball Lightning","floor":14},{"not_picked":["Echo Form","Core Surge"],"picked":"Electrodynamics","floor":16},{"not_picked":["Undo","Gash"],"picked":"Ball Lightning","floor":18},{"not_picked":["Stack","Coolheaded+1","Streamline+1"],"picked":"SKIP","floor":21},{"not_picked":["Coolheaded","Recycle"],"picked":"Conserve Battery","floor":22},{"not_picked":["Coolheaded","Conserve Battery"],"picked":"Seek","floor":24},{"not_picked":["Reprogram","Doom and Gloom"],"picked":"Glacier","floor":25},{"not_picked":["Streamline","Glacier"],"picked":"Defragment","floor":30},{"not_picked":["Storm+1","Tempest+1"],"picked":"Conserve Battery+1","floor":31},{"not_picked":["Seek","All For One"],"picked":"Fission","floor":33},{"not_picked":["Fusion+1","Steam"],"picked":"Rebound+1","floor":35},{"not_picked":["White Noise+1","Lockon+1","Doom and Gloom+1"],"picked":"SKIP","floor":37},{"not_picked":["Turbo+1","Steam+1"],"picked":"Ball Lightning","floor":39},{"not_picked":["Streamline","FTL"],"picked":"Reboot","floor":41},{"not_picked":["Tempest","Consume"],"picked":"Conserve Battery","floor":45},{"not_picked":["Genetic Algorithm+1","Lockon+1","Rebound"],"picked":"SKIP","floor":46},{"not_picked":["Steam+1","Rebound","Streamline"],"picked":"SKIP","floor":48}],"player_experience":172710,"relics_obtained":[{"floor":9,"key":"Boot"},{"floor":26,"key":"Letter Opener"},{"floor":38,"key":"Orichalcum"},{"floor":41,"key":"Blood Vial"},{"floor":45,"key":"Centennial Puzzle"}],"event_choices":[{"event_name":"World of Goop","player_choice":"Gather Gold","floor":4,"damage_taken":0},{"event_name":"The Cleric","player_choice":"Healed","floor":5,"damage_taken":0},{"event_name":"Duplicator","player_choice":"One dupe","floor":19,"damage_taken":0},{"event_name":"Drug Dealer","player_choice":"Ignored","floor":28,"damage_taken":0}],"is_beta":false,"boss_relics":[{"not_picked":["Astrolabe","Runic Pyramid"],"picked":"Cursed Key"},{"not_picked":["Velvet Choker","Philosopher\u0027s Stone"],"picked":"Nuclear Battery"}],"items_purged_floors":[44],"is_endless":false,"potions_floor_spawned":[1,3,7,12,18,22,25,31,39,48],"ascension_level":7}