{"gold_per_floor":[219,219,219,35,54,54,2,2,2,19,19,19,45,74,86,170,182,214,15,15,32,32,61,61,93,175,225,252,252,271,40,40,117,117,128,141,41,41,55,89,104,137,182,182,182,182,47,64,64,64,64,64,64,14,49,49],"floor_reached":56,"playtime":4765,"items_purged":["Decay","Strike_R","Writhe","Strike_R"],"score":2143,"play_id":"ea3ff88f-abb6-43be-8453-eb47976704e1","local_time":"20190325121926","is_ascension_mode":true,"campfire_choices":[{"data":"Apotheosis","floor":6.0,"key":"SMITH"},{"floor":12.0,"key":"REST"},{"data":"Immolate","floor":15.0,"key":"SMITH"},{"floor":24.0,"key":"REST"},{"floor":29.0,"key":"REST"},{"floor":32.0,"key":"REST"},{"floor":45.0,"key":"REST"},{"floor":49.0,"key":"RECALL"},{"floor":53.0,"key":"REST"}],"neow_cost":"NONE","seed_source_timestamp":606545390159200,"circlet_count":0,"master_deck":["AscendersBane","Strike_R","Strike_R","Defend_R+1","Defend_R+1","Defend_R","Bash+1","True Grit+1","Apotheosis+1","Thunderclap","Iron Wave","Thunderclap","Immolate+1","Disarm","Barricade+1","Havoc+1","Shrug It Off+1","True Grit","Feel No Pain","Brutality","Deep Breath","Feel No Pain","Body Slam+1","Shrug It Off+1","Shrug It Off","Clumsy","Battle Trance","True Grit"],"special_seed":0,"relics":["Burning Blood","StoneCalendar","Darkstone Periapt","MawBank","Fusion Hammer","TheAbacus","Smiling Mask","Centennial Puzzle","Pantograph","Bag of Marbles","Cursed Key","Lantern","Thread and Needle","Pear","War Paint"],"potions_floor_usage":[56],"damage_taken":[{"damage":9.0,"enemies":"Small Slimes","floor":1.0,"turns":4.0},{"damage":0.0,"enemies":"2 Louse","floor":5.0,"turns":3.0},{"damage":0.0,"enemies":"Jaw Worm","floor":10.0,"turns":4.0},{"damage":38.0,"enemies":"3 Sentries","floor":13.0,"turns":7.0},{"damage":7.0,"enemies":"Blue Slaver","floor":14.0,"turns":4.0},{"damage":18.0,"enemies":"Slime Boss","floor":16.0,"turns":7.0},{"damage":16.0,"enemies":"3 Byrds","floor":18.0,"turns":4.0},{"damage":27.0,"enemies":"Shell Parasite","floor":21.0,"turns":5.0},{"damage":0.0,"enemies":"Gremlin Leader","floor":23.0,"turns":7.0},{"damage":21.0,"enemies":"Slavers","floor":25.0,"turns":6.0},{"damage":26.0,"enemies":"Book of Stabbing","floor":28.0,"turns":7.0},{"damage":11.0,"enemies":"Snecko","floor":30.0,"turns":4.0},{"damage":30.0,"enemies":"Champ","floor":33.0,"turns":26.0},{"damage":11.0,"enemies":"3 Shapes","floor":35.0,"turns":7.0},{"damage":25.0,"enemies":"3 Darklings","floor":36.0,"turns":5.0},{"damage":16.0,"enemies":"Spire Growth","floor":39.0,"turns":5.0},{"damage":14.0,"enemies":"Nemesis","floor":40.0,"turns":11.0},{"damage":1.0,"enemies":"4 Shapes","floor":41.0,"turns":7.0},{"damage":45.0,"enemies":"Reptomancer","floor":42.0,"turns":6.0},{"damage":7.0,"enemies":"Sphere and 2 Shapes","floor":48.0,"turns":5.0},{"damage":8.0,"enemies":"Donu and Deca","floor":50.0,"turns":9.0},{"damage":18.0,"enemies":"Time Eater","floor":51.0,"turns":10.0},{"damage":7.0,"enemies":"Shield and Spear","floor":55.0,"turns":8.0},{"damage":103,"enemies":"The Heart","floor":56,"turns":7}],"seed_played":"-7043817299897715008","potions_obtained":[{"floor":1.0,"key":"AttackPotion"},{"floor":14.0,"key":"SpeedPotion"},{"floor":28.0,"key":"SteroidPotion"},{"floor":30.0,"key":"PowerPotion"},{"floor":36.0,"key":"Regen Potion"},{"floor":40.0,"key":"SkillPotion"},{"floor":48.0,"key":"Weak Potion"},{"floor":55.0,"key":"GamblersBrew"}],"is_trial":false,"path_per_floor":["M","?","?","$","M","R","$","?","T","M","?","R","E","M","R","B",null,"M","$","?","M","?","E","R","E","T","?","E","R","M","$","R","B",null,"M","M","$","?","M","E","M","E","T","T","R","?","$","M","R","B","B",null,"R","$","E","B"],"character_chosen":"IRONCLAD","items_purchased":["Apotheosis","Iron Wave","TheAbacus","Deep Breath","Feel No Pain","Shrug It Off","Battle Trance"],"campfire_rested":6,"item_purchase_floors":[4,7,19,31,31,37,47],"current_hp_per_floor":[65,65,42,42,48,48,48,48,48,54,47,69,37,36,36,24,62,52,52,52,31,37,43,67,52,52,52,32,56,51,51,75,57,75,70,51,51,51,41,48,53,14,20,36,66,66,66,65,65,88,91,100,103,103,102,0],"gold":49,"neow_bonus":"HUNDRED_GOLD","is_prod":false,"is_daily":false,"chose_seed":false,"campfire_upgraded":2,"win_rate":0,"timestamp":1553505566,"path_taken":["M","?","?","$","M","R","$","?","T","?","?","R","E","M","R","BOSS","M","$","?","?","?","E","R","E","T","?","E","R","M","$","R","BOSS","M","M","$","?","M","E","M","E","T","?","R","?","$","M","R","BOSS","BOSS","R","$","E","BOSS"],"build_version":"2019-01-23","purchased_purges":4,"victory":false,"max_hp_per_floor":[75,75,75,75,75,75,75,75,75,75,75,75,75,75,75,75,75,75,75,75,75,81,81,81,81,81,81,81,81,81,81,81,81,81,81,81,81,81,81,81,81,81,87,103,103,103,103,103,103,103,103,103,103,103,103,103],"card_choices":[{"not_picked":["Havoc","Dual Wield"],"picked":"True Grit","floor":1.0},{"not_picked":["Wild Strike","Burning Pact"],"picked":"Thunderclap","floor":5.0},{"not_picked":["Searing Blow","Perfected Strike"],"picked":"Thunderclap","floor":10.0},{"not_picked":["Perfected Strike","True Grit"],"picked":"Immolate","floor":13.0},{"not_picked":["Sentinel","True Grit"],"picked":"Disarm","floor":14.0},{"not_picked":["Double Tap","Dark Embrace"],"picked":"Barricade","floor":16.0},{"not_picked":["Warcry","Corruption"],"picked":"Havoc+1","floor":18.0},{"not_picked":["Intimidate","Heavy Blade"],"picked":"Shrug It Off+1","floor":21.0},{"not_picked":["Fire Breathing","Havoc"],"picked":"True Grit","floor":23.0},{"not_picked":["Cleave","Clothesline+1","Rampage"],"picked":"SKIP","floor":25.0},{"not_picked":["Rampage","Carnage"],"picked":"Feel No Pain","floor":28.0},{"not_picked":["Havoc+1","Flex"],"picked":"Brutality","floor":30.0},{"not_picked":["Reckless Charge+1","Warcry"],"picked":"Body Slam+1","floor":35.0},{"not_picked":["Iron Wave","Armaments"],"picked":"Shrug It Off+1","floor":36.0},{"not_picked":["Iron Wave+1","Power Through","Thunderclap"],"picked":"SKIP","floor":39.0},{"not_picked":["Spot Weakness","Sword Boomerang","Wild Strike"],"picked":"SKIP","floor":40.0},{"not_picked":["Power Through+1","Metallicize","Wild Strike"],"picked":"SKIP","floor":41.0},{"not_picked":["Perfected Strike","Headbutt","Bludgeon"],"picked":"SKIP","floor":42.0},{"not_picked":["Spot Weakness","Clothesline"],"picked":"True Grit","floor":48.0},{"not_picked":["Headbutt","Flex","Second Wind"],"picked":"SKIP","floor":55.0}],"player_experience":1009812,"relics_obtained":[{"floor":9.0,"key":"Darkstone Periapt"},{"floor":13.0,"key":"MawBank"},{"floor":23.0,"key":"Smiling Mask"},{"floor":25.0,"key":"Centennial Puzzle"},{"floor":26.0,"key":"Pantograph"},{"floor":28.0,"key":"Bag of Marbles"},{"floor":40.0,"key":"Lantern"},{"floor":42.0,"key":"Thread and Needle"},{"floor":44.0,"key":"Pear"},{"floor":55.0,"key":"War Paint"}],"event_choices":[{"damage_healed":0.0,"max_hp_gain":0.0,"max_hp_loss":0.0,"gold_gain":0.0,"event_name":"The Cleric","player_choice":"Leave","floor":2.0,"gold_loss":0.0,"damage_taken":0.0},{"damage_healed":0.0,"max_hp_gain":0.0,"max_hp_loss":0.0,"gold_gain":0.0,"event_name":"Shining Light","player_choice":"Entered Light","floor":3.0,"gold_loss":0.0,"damage_taken":23.0,"cards_upgraded":["Bash","True Grit"]},{"damage_healed":0.0,"max_hp_gain":0.0,"max_hp_loss":0.0,"gold_gain":0.0,"event_name":"Dead Adventurer","player_choice":"Searched \u00271\u0027 times","floor":8.0,"gold_loss":0.0,"damage_taken":0.0,"relics_obtained":["StoneCalendar"]},{"cards_removed":["Strike_R"],"damage_healed":0.0,"max_hp_gain":0.0,"max_hp_loss":0.0,"gold_gain":0.0,"event_name":"Golden Wing","player_choice":"Card Removal","floor":11.0,"gold_loss":0.0,"damage_taken":7.0},{"damage_healed":0.0,"max_hp_gain":0.0,"max_hp_loss":0.0,"gold_gain":0.0,"event_name":"Upgrade Shrine","player_choice":"Upgraded","floor":20.0,"gold_loss":0.0,"damage_taken":0.0,"cards_upgraded":["Barricade"]},{"damage_healed":0.0,"max_hp_gain":0.0,"max_hp_loss":0.0,"gold_gain":0.0,"event_name":"Forgotten Altar","player_choice":"Smashed Altar","floor":22.0,"gold_loss":0.0,"damage_taken":0.0,"cards_obtained":["Decay"]},{"damage_healed":0.0,"max_hp_gain":0.0,"max_hp_loss":0.0,"gold_gain":50.0,"event_name":"Nest","player_choice":"Stole From Cult","floor":27.0,"gold_loss":0.0,"damage_taken":0.0},{"cards_removed":["Defend_R"],"damage_healed":0.0,"max_hp_gain":0.0,"max_hp_loss":0.0,"gold_gain":0.0,"event_name":"Falling","player_choice":"Removed Skill","floor":38.0,"gold_loss":0.0,"damage_taken":0.0},{"damage_healed":0.0,"max_hp_gain":0.0,"max_hp_loss":0.0,"gold_gain":0.0,"event_name":"Tomb of Lord Red Mask","player_choice":"Ignored","floor":46.0,"gold_loss":0.0,"damage_taken":0.0}],"is_beta":false,"boss_relics":[{"not_picked":["Runic Cube","Busted Crown"],"picked":"Fusion Hammer"},{"not_picked":["Pandora\u0027s Box","Lizard Tail"],"picked":"Cursed Key"}],"items_purged_floors":[31,37,47,54],"is_endless":false,"potions_floor_spawned":[1,14,28,30,36,39,40,48,55],"killed_by":"The Heart","ascension_level":20}