{"gold_per_floor":[366,32,32,48,48,48,65,84,84,184,184,199,234,249,249,348,348,365,377,61,61,73,100,100,112,135,148,148,180,199,229,229,333,333,343,127,127,35,35,35,35,55,55,55,23,54,69,79,79,79],"floor_reached":50,"playtime":4522,"items_purged":["Strike_B","Strike_B","Strike_B"],"score":557,"play_id":"255c67b9-c7e7-489b-a128-4750f56771f3","local_time":"20190718225710","is_ascension_mode":false,"campfire_choices":[{"floor":6,"key":"REST"},{"data":"Sweeping Beam","floor":11,"key":"SMITH"},{"floor":15,"key":"REST"},{"floor":24,"key":"REST"},{"data":"Sunder","floor":28,"key":"SMITH"},{"floor":32,"key":"REST"},{"data":"Rainbow","floor":40,"key":"SMITH"},{"data":"Thunder Strike","floor":44,"key":"SMITH"},{"floor":49,"key":"REST"}],"neow_cost":"CURSE","seed_source_timestamp":19047326134730,"circlet_count":0,"master_deck":["Strike_B+1","Defend_B","Defend_B","Defend_B","Defend_B","Zap","Dualcast","Ball Lightning+1","Sweeping Beam+1","Core Surge","Leap","Hologram","Capacitor","Rainbow+1","Echo Form","Rebound","Sunder+1","Defragment+1","Hologram","Steam Power+1","Conserve Battery+1","Machine Learning","Thunder Strike+1","Compile Driver+1","Regret","Defragment","Sunder+1"],"relics":["Cracked Core","Lantern","Bottled Flame","The Courier","Snecko Eye","Gremlin Horn","Blood Vial","Potion Belt","Bronze Scales","Cursed Key","Membership Card","Tiny Chest","Dodecahedron","DataDisk"],"potions_floor_usage":[19,23,23,31,31,50,50,50],"damage_taken":[{"damage":9,"enemies":"Small Slimes","floor":1,"turns":3},{"damage":6,"enemies":"Cultist","floor":4,"turns":3},{"damage":1,"enemies":"Jaw Worm","floor":7,"turns":2},{"damage":0,"enemies":"3 Louse","floor":8,"turns":3},{"damage":0,"enemies":"2 Fungi Beasts","floor":12,"turns":2},{"damage":17,"enemies":"3 Sentries","floor":13,"turns":5},{"damage":8,"enemies":"Exordium Wildlife","floor":14,"turns":4},{"damage":27,"enemies":"Hexaghost","floor":16,"turns":9},{"damage":10,"enemies":"Spheric Guardian","floor":18,"turns":3},{"damage":12,"enemies":"2 Thieves","floor":19,"turns":4},{"damage":9,"enemies":"Centurion and Healer","floor":22,"turns":4},{"damage":50,"enemies":"Slavers","floor":23,"turns":3},{"damage":2,"enemies":"Sentry and Sphere","floor":25,"turns":4},{"damage":2,"enemies":"Cultist and Chosen","floor":27,"turns":6},{"damage":3,"enemies":"Gremlin Leader","floor":29,"turns":5},{"damage":17,"enemies":"Snake Plant","floor":30,"turns":2},{"damage":9,"enemies":"Slavers","floor":31,"turns":2},{"damage":25,"enemies":"Champ","floor":33,"turns":10},{"damage":0,"enemies":"Orb Walker","floor":35,"turns":3},{"damage":5,"enemies":"3 Shapes","floor":42,"turns":2},{"damage":11,"enemies":"Reptomancer","floor":46,"turns":5},{"damage":9,"enemies":"Spire Growth","floor":47,"turns":5},{"damage":2,"enemies":"Transient","floor":48,"turns":5},{"damage":69,"enemies":"Time Eater","floor":50,"turns":7}],"seed_played":"-8442072548197132318","potions_obtained":[{"floor":1,"key":"Swift Potion"},{"floor":4,"key":"Regen Potion"},{"floor":7,"key":"Energy Potion"},{"floor":23,"key":"GamblersBrew"},{"floor":29,"key":"PowerPotion"},{"floor":31,"key":"FearPotion"},{"floor":33,"key":"Ancient Potion"},{"floor":46,"key":"Poison Potion"},{"floor":47,"key":"FearPotion"},{"floor":48,"key":"Explosive Potion"}],"is_trial":false,"path_per_floor":["M","$","?","M","?","R","M","M","T","?","R","M","E","M","R","B",null,"M","M","$","$","M","E","R","M","T","M","R","E","M","E","R","B",null,"M","$","?","$","?","R","?","M","T","R","$","E","M","M","R","B"],"character_chosen":"DEFECT","items_purchased":["Sweeping Beam","Lantern","Core Surge","Sunder","Gremlin Horn","Membership Card","Tiny Chest","Defragment"],"campfire_rested":5,"item_purchase_floors":[2,2,2,20,20,36,38,45],"current_hp_per_floor":[66,66,59,53,38,60,59,59,59,59,59,59,42,34,56,36,75,65,60,60,60,58,13,35,35,35,42,42,41,26,19,41,25,75,75,75,65,65,65,65,65,62,62,62,62,53,46,46,67,0],"gold":79,"neow_bonus":"TWO_FIFTY_GOLD","is_prod":false,"is_daily":false,"chose_seed":false,"campfire_upgraded":4,"win_rate":0,"timestamp":1563483430,"path_taken":["M","$","?","M","?","R","M","M","T","?","R","M","E","?","R","BOSS","M","M","?","$","M","E","R","M","T","M","R","E","M","E","R","BOSS","M","$","?","$","?","R","?","M","T","R","$","E","?","M","R","BOSS"],"build_version":"2019-07-17","purchased_purges":3,"victory":false,"max_hp_per_floor":[75,75,75,75,75,75,75,75,75,75,75,75,75,75,75,75,75,75,75,75,75,75,75,75,75,75,75,75,75,75,75,75,75,75,75,75,75,75,75,75,71,71,71,71,71,71,71,71,71,71],"card_choices":[{"not_picked":["Conserve Battery","Cold Snap"],"picked":"Ball Lightning","floor":1},{"not_picked":["Cold Snap","Beam Cell"],"picked":"Leap","floor":4},{"not_picked":["Stack","Turbo","Streamline"],"picked":"SKIP","floor":7},{"not_picked":["Coolheaded","Amplify"],"picked":"Hologram","floor":8},{"not_picked":["Go for the Eyes","Turbo"],"picked":"Capacitor","floor":12},{"not_picked":["Gash","Fusion"],"picked":"Rainbow","floor":13},{"not_picked":["Streamline","Barrage"],"picked":"Self Repair","floor":14},{"not_picked":["Amplify","Thunder Strike"],"picked":"Echo Form","floor":16},{"not_picked":["Chill","Ball Lightning"],"picked":"Rebound","floor":18},{"not_picked":["Stack","Gash","Recycle"],"picked":"SKIP","floor":19},{"not_picked":["Streamline+1","Glacier"],"picked":"Defragment+1","floor":22},{"not_picked":["Recycle","Skim"],"picked":"Hologram","floor":23},{"not_picked":["Ball Lightning","Recycle"],"picked":"Steam Power+1","floor":25},{"not_picked":["Streamline","Conserve Battery+1","Gash"],"picked":"SKIP","floor":27},{"not_picked":["Streamline","Gash"],"picked":"Conserve Battery+1","floor":27},{"not_picked":["Barrage+1","BootSequence"],"picked":"Machine Learning","floor":29},{"not_picked":["Reprogram","Turbo","Beam Cell"],"picked":"SKIP","floor":30},{"not_picked":["Melter","Tempest","Fusion"],"picked":"SKIP","floor":31},{"not_picked":["Machine Learning","Seek"],"picked":"Thunder Strike","floor":33},{"not_picked":["Coolheaded","Redo","Compile Driver+1"],"picked":"SKIP","floor":35},{"not_picked":["Streamline","Lockon","Compile Driver+1"],"picked":"SKIP","floor":42},{"not_picked":["Streamline","Lockon"],"picked":"Compile Driver+1","floor":42},{"not_picked":["Fission","Rebound+1"],"picked":"Sunder+1","floor":46},{"not_picked":["Coolheaded","Blizzard+1","White Noise"],"picked":"SKIP","floor":47},{"not_picked":["Streamline+1","Turbo+1","Conserve Battery"],"picked":"SKIP","floor":48}],"player_experience":534034,"relics_obtained":[{"floor":9,"key":"Bottled Flame"},{"floor":13,"key":"The Courier"},{"floor":23,"key":"Blood Vial"},{"floor":29,"key":"Potion Belt"},{"floor":31,"key":"Bronze Scales"},{"floor":43,"key":"Dodecahedron"},{"floor":46,"key":"DataDisk"}],"event_choices":[{"cards_removed":["Regret"],"damage_healed":0,"gold_gain":0,"player_choice":"Card Removal","damage_taken":7,"max_hp_gain":0,"max_hp_loss":0,"event_name":"Golden Wing","floor":3,"gold_loss":0},{"damage_healed":0,"gold_gain":0,"player_choice":"Entered Light","damage_taken":15,"max_hp_gain":0,"max_hp_loss":0,"event_name":"Shining Light","floor":5,"gold_loss":0,"cards_upgraded":["Strike_B","Ball Lightning"]},{"damage_healed":0,"gold_gain":100,"player_choice":"Gold","damage_taken":0,"max_hp_gain":0,"max_hp_loss":0,"event_name":"Wheel of Change","floor":10,"gold_loss":0},{"damage_healed":0,"gold_gain":0,"player_choice":"Memory 3","damage_taken":10,"max_hp_gain":0,"max_hp_loss":0,"event_name":"SensoryStone","floor":37,"gold_loss":0},{"cards_removed":["Self Repair"],"damage_healed":0,"gold_gain":0,"player_choice":"Removed Power","damage_taken":0,"max_hp_gain":0,"max_hp_loss":0,"event_name":"Falling","floor":39,"gold_loss":0},{"damage_healed":0,"gold_gain":0,"player_choice":"Max HP","damage_taken":0,"max_hp_gain":0,"max_hp_loss":4,"event_name":"Winding Halls","floor":41,"gold_loss":0}],"is_beta":false,"boss_relics":[{"not_picked":["Philosopher\u0027s Stone","Runic Dome"],"picked":"Snecko Eye"},{"not_picked":["Sozu","Runic Pyramid"],"picked":"Cursed Key"}],"items_purged_floors":[20,36,38],"is_endless":false,"potions_floor_spawned":[1,4,7,18,23,29,31,33,46,47,48],"killed_by":"Time Eater","ascension_level":0}