{"gold_per_floor":[115,125,46,46,61,61,80,80,80,80,80,121,139,139],"floor_reached":14,"playtime":350,"items_purged":[],"score":158,"play_id":"26910a2f-e7bd-44c6-9140-b2ca074d91d2","local_time":"20190916174619","is_ascension_mode":true,"campfire_choices":[{"data":"Creative AI","floor":6,"key":"SMITH"},{"data":"Defragment","floor":11,"key":"SMITH"}],"neow_cost":"NONE","seed_source_timestamp":231397274349000,"circlet_count":0,"master_deck":["AscendersBane","Strike_B","Strike_B","Strike_B","Strike_B","Defend_B","Defend_B","Defend_B","Defend_B","Zap","Dualcast","Creative AI+1","Cold Snap","Leap","Defragment+1","Beam Cell","Sunder+1","Force Field","Steam"],"relics":["Cracked Core","Golden Idol","The Courier","Dodecahedron"],"potions_floor_usage":[14],"damage_taken":[{"damage":1,"enemies":"2 Louse","floor":1,"turns":3},{"damage":0,"enemies":"Small Slimes","floor":2,"turns":3},{"damage":5,"enemies":"Cultist","floor":5,"turns":5},{"damage":9,"enemies":"Exordium Thugs","floor":7,"turns":6},{"damage":16,"enemies":"Gremlin Nob","floor":12,"turns":4},{"damage":13,"enemies":"Blue Slaver","floor":13,"turns":2},{"damage":24,"enemies":"Exordium Wildlife","floor":14,"turns":1}],"seed_played":"6669557348658825578","potions_obtained":[{"floor":13,"key":"Swift Potion"}],"is_trial":false,"path_per_floor":["M","M","$","?","M","R","M","?","T","?","R","E","M","M"],"character_chosen":"DEFECT","items_purchased":["Defragment"],"campfire_rested":0,"item_purchase_floors":[3],"current_hp_per_floor":[63,63,63,63,58,58,49,49,49,49,49,33,20,0],"gold":139,"neow_bonus":"ONE_RANDOM_RARE_CARD","is_prod":false,"is_daily":false,"chose_seed":false,"campfire_upgraded":2,"win_rate":0,"timestamp":1568623579,"path_taken":["M","M","$","?","M","R","M","?","T","?","R","E","M","M"],"build_version":"2019-07-17","purchased_purges":0,"victory":false,"max_hp_per_floor":[71,71,71,64,64,64,64,64,64,64,64,64,64,64],"card_choices":[{"not_picked":["Hologram","Redo"],"picked":"Cold Snap","floor":1},{"not_picked":["Double Energy","Stack"],"picked":"Leap","floor":2},{"not_picked":["Turbo","Leap"],"picked":"Beam Cell","floor":5},{"not_picked":["Cold Snap","Chaos"],"picked":"Sunder","floor":7},{"not_picked":["Cold Snap","Auto Shields"],"picked":"Force Field","floor":12},{"not_picked":["Core Surge","Rebound"],"picked":"Steam","floor":13}],"player_experience":350824,"relics_obtained":[{"floor":9,"key":"The Courier"},{"floor":12,"key":"Dodecahedron"}],"event_choices":[{"damage_healed":0,"gold_gain":0,"player_choice":"Lose Max HP","damage_taken":0,"relics_obtained":["Golden Idol"],"max_hp_gain":0,"max_hp_loss":7,"event_name":"Golden Idol","floor":4,"gold_loss":0},{"damage_healed":0,"gold_gain":0,"player_choice":"Ignored","damage_taken":0,"max_hp_gain":0,"max_hp_loss":0,"event_name":"Liars Game","floor":8,"gold_loss":0},{"damage_healed":0,"gold_gain":0,"player_choice":"Grow","damage_taken":0,"max_hp_gain":0,"max_hp_loss":0,"event_name":"Living Wall","floor":10,"gold_loss":0,"cards_upgraded":["Sunder"]}],"is_beta":false,"boss_relics":[],"items_purged_floors":[],"is_endless":false,"potions_floor_spawned":[13],"killed_by":"Exordium Wildlife","ascension_level":15}