{"gold_per_floor":[118,118,130,148,158,158,223,239,239,265,265,280,260,275,275,351,351,366,384,409,409],"floor_reached":21,"playtime":1213,"items_purged":[],"score":386,"play_id":"21b91446-9277-4de4-9421-5b58f64d81c8","local_time":"20190402102203","is_ascension_mode":true,"campfire_choices":[{"data":"Uppercut","floor":6,"key":"SMITH"},{"data":"Body Slam","floor":11,"key":"SMITH"},{"data":"Bash","floor":15,"key":"SMITH"}],"neow_cost":"TEN_PERCENT_HP_LOSS","seed_source_timestamp":1294701114400200,"circlet_count":0,"master_deck":["AscendersBane","Strike_R","Strike_R","Strike_R","Defend_R","Defend_R","Defend_R","Defend_R","Bash+1","True Grit","Uppercut+1","Headbutt","Thunderclap","Headbutt","Body Slam+1","Iron Wave","Spot Weakness","Barricade","Armaments"],"relics":["Burning Blood","NlothsMask","Tiny Chest","PreservedInsect","Fusion Hammer","Art of War"],"potions_floor_usage":[7,10,10,16,18],"damage_taken":[{"damage":13,"enemies":"Cultist","floor":1,"turns":5},{"damage":11,"enemies":"Small Slimes","floor":3,"turns":4},{"damage":7,"enemies":"2 Louse","floor":4,"turns":3},{"damage":5,"enemies":"Exordium Wildlife","floor":5,"turns":6},{"damage":6,"enemies":"Gremlin Nob","floor":7,"turns":3},{"damage":18,"enemies":"Red Slaver","floor":8,"turns":4},{"damage":15,"enemies":"3 Sentries","floor":10,"turns":6},{"damage":7,"enemies":"Blue Slaver","floor":12,"turns":3},{"damage":1,"enemies":"Looter","floor":14,"turns":4},{"damage":26,"enemies":"Slime Boss","floor":16,"turns":8},{"damage":10,"enemies":"2 Thieves","floor":18,"turns":3},{"damage":26,"enemies":"Shell Parasite","floor":19,"turns":4},{"damage":43,"enemies":"Colosseum Slavers","floor":21,"turns":3}],"seed_played":"-8481782680470539760","potions_obtained":[{"floor":5,"key":"SteroidPotion"},{"floor":7,"key":"BloodPotion"},{"floor":8,"key":"Strength Potion"},{"floor":12,"key":"Block Potion"},{"floor":13,"key":"Ancient Potion"},{"floor":14,"key":"Fire Potion"}],"is_trial":false,"path_per_floor":["M","?","M","M","M","R","E","M","T","E","R","M","?","M","R","B",null,"M","M","T","?"],"character_chosen":"IRONCLAD","items_purchased":[],"campfire_rested":0,"item_purchase_floors":[],"current_hp_per_floor":[61,61,56,55,56,56,56,44,44,41,41,40,40,45,45,25,57,53,33,33,0],"gold":409,"neow_bonus":"REMOVE_TWO","is_prod":false,"is_daily":false,"chose_seed":false,"campfire_upgraded":3,"win_rate":0,"timestamp":1554189723,"path_taken":["M","?","?","M","M","R","E","M","T","E","R","M","?","M","R","BOSS","M","M","?","?"],"build_version":"2019-01-23","purchased_purges":0,"victory":false,"max_hp_per_floor":[68,68,68,68,68,68,68,68,68,68,68,68,68,68,68,68,68,68,68,68,68],"card_choices":[{"not_picked":["Warcry","Clash"],"picked":"True Grit","floor":1},{"not_picked":["Clothesline","Exhume"],"picked":"Uppercut","floor":3},{"not_picked":["Cleave","Shockwave"],"picked":"Headbutt","floor":4},{"not_picked":["Perfected Strike","Reckless Charge"],"picked":"Thunderclap","floor":5},{"not_picked":["Brutality","Clash"],"picked":"Headbutt","floor":7},{"not_picked":["Searing Blow","Sentinel","Fire Breathing"],"picked":"SKIP","floor":8},{"not_picked":["Clash","Evolve"],"picked":"Body Slam","floor":10},{"not_picked":["Wild Strike","Dropkick"],"picked":"Iron Wave","floor":12},{"not_picked":["Flex","Wild Strike"],"picked":"Spot Weakness","floor":14},{"not_picked":["Juggernaut","Double Tap"],"picked":"Barricade","floor":16},{"not_picked":["Corruption","Inflame"],"picked":"Armaments","floor":18},{"not_picked":["Thunderclap","Heavy Blade","Fire Breathing"],"picked":"SKIP","floor":19}],"player_experience":1088368,"relics_obtained":[{"floor":7,"key":"Tiny Chest"},{"floor":10,"key":"PreservedInsect"},{"floor":20,"key":"Art of War"}],"event_choices":[{"damage_healed":0,"gold_gain":0,"player_choice":"Trade","damage_taken":0,"relics_obtained":["NlothsMask"],"max_hp_gain":0,"max_hp_loss":0,"event_name":"FaceTrader","floor":2,"gold_loss":0},{"damage_healed":0,"gold_gain":0,"player_choice":"Bought 1 Potion","damage_taken":0,"max_hp_gain":0,"max_hp_loss":0,"event_name":"The Woman in Blue","floor":13,"gold_loss":0},{"damage_healed":0,"gold_gain":0,"player_choice":"Fight","damage_taken":0,"max_hp_gain":0,"max_hp_loss":0,"event_name":"Colosseum","floor":21,"gold_loss":0}],"is_beta":false,"boss_relics":[{"not_picked":["Empty Cage","Runic Cube"],"picked":"Fusion Hammer"}],"items_purged_floors":[],"is_endless":false,"potions_floor_spawned":[5,7,8,12,14],"killed_by":"Colosseum Slavers","ascension_level":20}