{"gold_per_floor":[366,441,453,471,29,29,62,62,114,114,24,44,44,69,69,146,146,160,174,15,27,41,70,90,125,207,207,217,217,217,231,231,306,306,326,326,326,341,358,358,372,382,382,167,167,82,99,124,124,124,124,124,124,16,16],"floor_reached":55,"playtime":3869,"items_purged":["Strike_G"],"score":2073,"play_id":"443f1679-81d5-4db3-8fe3-f6395eda0ef4","local_time":"20190522125810","is_ascension_mode":true,"campfire_choices":[{"data":"Bouncing Flask","floor":6.0,"key":"SMITH"},{"data":"Dash","floor":8.0,"key":"SMITH"},{"data":"Well Laid Plans","floor":15.0,"key":"SMITH"},{"floor":27.0,"key":"REST"},{"data":"Footwork","floor":29.0,"key":"SMITH"},{"floor":32.0,"key":"REST"},{"data":"Enlightenment","floor":40.0,"key":"SMITH"},{"floor":49.0,"key":"RECALL"},{"data":"Burst","floor":53.0,"key":"SMITH"}],"neow_cost":"PERCENT_DAMAGE","seed_source_timestamp":857380369604900,"circlet_count":0,"master_deck":["AscendersBane","Defend_G","Defend_G","Defend_G","Defend_G","Defend_G","Strike_G","Strike_G","Survivor","Neutralize","Dagger Spray","Deadly Poison","Dash+1","Bouncing Flask+1","Footwork+1","Dash","Die Die Die","Bouncing Flask+1","Well Laid Plans+1","Malaise","Deflect+1","PiercingWail","Calculated Gamble","PiercingWail","Acrobatics","Well Laid Plans+1","Burst+1","Escape Plan","Enlightenment+1","Backflip","Bouncing Flask+1","Corpse Explosion","Expertise","Catalyst","Backflip+1","Dark Shackles"],"special_seed":0,"relics":["Ring of the Snake","Singing Bowl","Bag of Preparation","Snake Skull","Bronze Scales","Philosopher\u0027s Stone","Vajra","Lantern","Sozu","Darkstone Periapt","Lee\u0027s Waffle","Potion Belt"],"potions_floor_usage":[],"damage_taken":[{"damage":1.0,"enemies":"Small Slimes","floor":1.0,"turns":4.0},{"damage":0.0,"enemies":"2 Louse","floor":3.0,"turns":3.0},{"damage":1.0,"enemies":"Cultist","floor":4.0,"turns":4.0},{"damage":7.0,"enemies":"3 Sentries","floor":7.0,"turns":9.0},{"damage":0.0,"enemies":"2 Fungi Beasts","floor":12.0,"turns":3.0},{"damage":11.0,"enemies":"Gremlin Nob","floor":14.0,"turns":3.0},{"damage":0.0,"enemies":"Hexaghost","floor":16.0,"turns":7.0},{"damage":12.0,"enemies":"Spheric Guardian","floor":18.0,"turns":3.0},{"damage":0.0,"enemies":"Chosen","floor":19.0,"turns":3.0},{"damage":18.0,"enemies":"Centurion and Healer","floor":21.0,"turns":6.0},{"damage":0.0,"enemies":"Snake Plant","floor":22.0,"turns":4.0},{"damage":13.0,"enemies":"Slavers","floor":23.0,"turns":4.0},{"damage":1.0,"enemies":"Sentry and Sphere","floor":24.0,"turns":4.0},{"damage":3.0,"enemies":"Book of Stabbing","floor":25.0,"turns":7.0},{"damage":6.0,"enemies":"Cultist and Chosen","floor":28.0,"turns":6.0},{"damage":0.0,"enemies":"3 Cultists","floor":31.0,"turns":4.0},{"damage":31.0,"enemies":"Collector","floor":33.0,"turns":10.0},{"damage":16.0,"enemies":"3 Darklings","floor":35.0,"turns":7.0},{"damage":0.0,"enemies":"3 Shapes","floor":38.0,"turns":6.0},{"damage":1.0,"enemies":"Writhing Mass","floor":39.0,"turns":6.0},{"damage":0.0,"enemies":"Maw","floor":41.0,"turns":6.0},{"damage":1.0,"enemies":"4 Shapes","floor":42.0,"turns":4.0},{"damage":1.0,"enemies":"Sphere and 2 Shapes","floor":47.0,"turns":3.0},{"damage":0.0,"enemies":"Nemesis","floor":48.0,"turns":5.0},{"damage":32.0,"enemies":"Donu and Deca","floor":50.0,"turns":8.0},{"damage":43.0,"enemies":"Awakened One","floor":51.0,"turns":17.0},{"damage":70,"enemies":"Shield and Spear","floor":55,"turns":4}],"seed_played":"-4317088716852436305","potions_obtained":[{"floor":3.0,"key":"GhostInAJar"},{"floor":12.0,"key":"Explosive Potion"},{"floor":14.0,"key":"GamblersBrew"},{"floor":21.0,"key":"GamblersBrew"},{"floor":24.0,"key":"Weak Potion"},{"floor":28.0,"key":"AttackPotion"},{"floor":31.0,"key":"AttackPotion"},{"floor":33.0,"key":"EssenceOfSteel"}],"is_trial":false,"path_per_floor":["M","?","M","M","$","R","E","R","T","?","$","M","?","E","R","B",null,"M","M","$","M","M","E","M","E","T","R","M","R","?","M","R","B",null,"M","?","?","M","M","R","M","M","T","$","?","$","M","E","R","B","B",null,"R","$","E"],"character_chosen":"THE_SILENT","items_purchased":["Singing Bowl","Bouncing Flask","Footwork","Die Die Die","Calculated Gamble","Lee\u0027s Waffle","Catalyst","Dark Shackles"],"campfire_rested":2,"item_purchase_floors":[5,5,5,11,20,44,46,54],"current_hp_per_floor":[43,32,32,31,31,31,24,24,24,24,24,24,24,13,13,13,53,41,41,41,23,23,10,11,10,10,31,27,27,27,29,51,20,61,45,45,45,45,44,44,46,45,45,83,83,83,84,84,84,52,9,66,66,66,0],"gold":16,"neow_bonus":"TWO_FIFTY_GOLD","is_prod":false,"is_daily":false,"chose_seed":false,"campfire_upgraded":6,"win_rate":0,"timestamp":1558519090,"path_taken":["M","?","M","M","$","R","E","R","T","?","$","M","?","E","R","BOSS","M","M","?","M","M","E","M","E","T","R","M","R","?","?","R","BOSS","M","?","?","M","M","R","M","M","T","?","?","$","M","E","R","BOSS","BOSS","R","$","E"],"build_version":"2019-01-23","purchased_purges":1,"victory":false,"max_hp_per_floor":[66,66,66,66,66,66,66,66,66,66,66,66,66,66,66,66,66,66,66,66,66,66,66,68,70,70,70,72,72,72,74,74,74,74,74,74,74,74,74,74,76,76,76,83,83,83,85,85,85,85,85,85,85,85,85],"card_choices":[{"not_picked":["Cloak And Dagger","Outmaneuver"],"picked":"Dagger Spray","floor":1.0},{"not_picked":["Flechettes","Blade Dance"],"picked":"Deadly Poison","floor":3.0},{"not_picked":["Dagger Throw","Acrobatics"],"picked":"Dash","floor":4.0},{"not_picked":["Underhanded Strike","Acrobatics"],"picked":"Dash","floor":7.0},{"not_picked":["Cloak And Dagger","Tools of the Trade"],"picked":"Bouncing Flask","floor":12.0},{"not_picked":["Outmaneuver","Infinite Blades"],"picked":"Well Laid Plans","floor":14.0},{"not_picked":["Venomology","Envenom"],"picked":"Malaise","floor":16.0},{"not_picked":["Slice","Masterful Stab"],"picked":"Deflect+1","floor":18.0},{"not_picked":["Dodge and Roll","Dagger Throw"],"picked":"PiercingWail","floor":19.0},{"not_picked":["Quick Slash","Phantasmal Killer"],"picked":"PiercingWail","floor":21.0},{"not_picked":["Underhanded Strike","Dagger Throw"],"picked":"Acrobatics","floor":22.0},{"not_picked":["Outmaneuver","Endless Agony"],"picked":"Well Laid Plans+1","floor":23.0},{"not_picked":["Prepared","Bane","Cloak And Dagger"],"picked":"Singing Bowl","floor":24.0},{"not_picked":["Deadly Poison","Crippling Poison","Tools of the Trade"],"picked":"Singing Bowl","floor":25.0},{"not_picked":["Deflect","Choke","Sucker Punch"],"picked":"Singing Bowl","floor":28.0},{"not_picked":["Sucker Punch","Dagger Spray","Crippling Poison"],"picked":"Singing Bowl","floor":31.0},{"not_picked":["Doppelganger","Die Die Die"],"picked":"Burst","floor":33.0},{"not_picked":["Outmaneuver","Underhanded Strike"],"picked":"Escape Plan","floor":35.0},{"not_picked":["Swift Strike","Forethought"],"picked":"Enlightenment","floor":36.0},{"not_picked":["Deadly Poison","Noxious Fumes"],"picked":"Backflip","floor":38.0},{"not_picked":["Outmaneuver+1","Flying Knee"],"picked":"Bouncing Flask+1","floor":39.0},{"not_picked":["Sucker Punch+1","Deflect","Outmaneuver"],"picked":"Singing Bowl","floor":41.0},{"not_picked":["Concentrate","Sucker Punch"],"picked":"Corpse Explosion","floor":42.0},{"not_picked":["Sucker Punch","Quick Slash+1","Flying Knee+1"],"picked":"Singing Bowl","floor":47.0},{"not_picked":["Prepared","Bane"],"picked":"Backflip+1","floor":48.0}],"player_experience":1324167,"relics_obtained":[{"floor":7.0,"key":"Bag of Preparation"},{"floor":9.0,"key":"Snake Skull"},{"floor":14.0,"key":"Bronze Scales"},{"floor":23.0,"key":"Vajra"},{"floor":25.0,"key":"Lantern"},{"floor":43.0,"key":"Darkstone Periapt"},{"floor":48.0,"key":"Potion Belt"}],"event_choices":[{"damage_healed":0.0,"max_hp_gain":0.0,"max_hp_loss":0.0,"gold_gain":75.0,"event_name":"World of Goop","player_choice":"Gather Gold","floor":2.0,"gold_loss":0.0,"damage_taken":11.0},{"damage_healed":0.0,"max_hp_gain":0.0,"max_hp_loss":0.0,"gold_gain":0.0,"event_name":"Scrap Ooze","player_choice":"Fled","floor":10.0,"gold_loss":0.0,"damage_taken":0.0},{"damage_healed":0.0,"max_hp_gain":0.0,"max_hp_loss":0.0,"gold_gain":0.0,"event_name":"Upgrade Shrine","player_choice":"Upgraded","floor":13.0,"gold_loss":0.0,"damage_taken":0.0,"cards_upgraded":["Bouncing Flask"]},{"damage_healed":0.0,"max_hp_gain":0.0,"max_hp_loss":0.0,"gold_gain":0.0,"event_name":"FaceTrader","player_choice":"Leave","floor":30.0,"gold_loss":0.0,"damage_taken":0.0},{"damage_healed":0.0,"max_hp_gain":0.0,"max_hp_loss":0.0,"gold_gain":0.0,"event_name":"SensoryStone","player_choice":"Memory 1","floor":36.0,"gold_loss":0.0,"damage_taken":0.0},{"cards_removed":["Strike_G"],"damage_healed":0.0,"max_hp_gain":0.0,"max_hp_loss":0.0,"gold_gain":0.0,"event_name":"Falling","player_choice":"Removed Attack","floor":37.0,"gold_loss":0.0,"damage_taken":0.0},{"damage_healed":0.0,"max_hp_gain":0.0,"max_hp_loss":0.0,"gold_gain":0.0,"cards_transformed":["Strike_G"],"event_name":"Transmorgrifier","player_choice":"Transformed","floor":45.0,"gold_loss":0.0,"damage_taken":0.0,"cards_obtained":["Expertise"]}],"is_beta":false,"boss_relics":[{"not_picked":["Runic Dome","Calling Bell"],"picked":"Philosopher\u0027s Stone"},{"not_picked":["Coffee Dripper","White Beast Statue"],"picked":"Sozu"}],"items_purged_floors":[20],"is_endless":false,"potions_floor_spawned":[3,12,14,21,22,24,28,31,33,35,38,39],"killed_by":"Shield and Spear","ascension_level":20}