{"gold_per_floor":[117,133,133,133,133,145,157,180,192,220,232,263,275,297,309,426,438,470,482,507,534,546,588,38,53,53,64,64,80,80,92,92,192,192,207,227,227,242,242,242,255,255,255,255,271,287,387,442,442,442],"floor_reached":51,"playtime":3799,"items_purged":["Choke"],"score":754,"play_id":"38dba546-6698-414c-8ced-a302449a8680","local_time":"20181208010623","is_ascension_mode":true,"campfire_choices":[{"data":"Survivor","floor":6,"key":"SMITH"},{"data":"Cloak And Dagger","floor":7,"key":"SMITH"},{"data":"Noxious Fumes","floor":11,"key":"SMITH"},{"floor":15,"key":"REST"},{"floor":30,"key":"REST"},{"floor":32,"key":"REST"},{"data":"Cloak And Dagger","floor":40,"key":"SMITH"},{"data":"Backflip","floor":42,"key":"SMITH"},{"data":"Adrenaline","floor":44,"key":"SMITH"},{"data":"Cloak And Dagger","floor":49,"key":"SMITH"}],"neow_cost":"NONE","seed_source_timestamp":17914370671427,"circlet_count":0,"master_deck":["Survivor+1","Neutralize+1","Cloak And Dagger+1","PiercingWail","Noxious Fumes+1","Sucker Punch","After Image","Masterful Stab","Bane","Masterful Stab","Dagger Spray","Poisoned Stab","Sucker Punch","Cloak And Dagger+1","Distraction+1","Deflect","Deflect+1","Accuracy","Well Laid Plans+1","Backflip+1","Cloak And Dagger+1","PiercingWail","Distraction+1","Deflect","Adrenaline+1","Footwork+1","Parasite","Cloak And Dagger+1","Backflip","Accuracy+1"],"relics":["Ring of the Snake","WingedGreaves","MawBank","Potion Belt","Pandora\u0027s Box","Enchiridion","Paper Crane","Cauldron","Question Card","Incense Burner","WristBlade","Mercury Hourglass","StoneCalendar","Lantern"],"potions_floor_usage":[23,25,27,27,33,41,41,47,50],"damage_taken":[{"damage":2,"enemies":"Cultist","floor":1,"turns":4},{"damage":1,"enemies":"Jaw Worm","floor":2,"turns":4},{"damage":0,"enemies":"2 Louse","floor":8,"turns":3},{"damage":14,"enemies":"Gremlin Gang","floor":10,"turns":6},{"damage":0,"enemies":"Blue Slaver","floor":12,"turns":5},{"damage":0,"enemies":"Looter","floor":14,"turns":4},{"damage":31,"enemies":"Slime Boss","floor":16,"turns":12},{"damage":12,"enemies":"Spheric Guardian","floor":18,"turns":4},{"damage":5,"enemies":"2 Thieves","floor":20,"turns":3},{"damage":10,"enemies":"Chosen and Byrds","floor":21,"turns":5},{"damage":16,"enemies":"Book of Stabbing","floor":23,"turns":6},{"damage":0,"enemies":"Snecko","floor":25,"turns":5},{"damage":0,"enemies":"Shelled Parasite and Fungi","floor":27,"turns":5},{"damage":3,"enemies":"Snake Plant","floor":29,"turns":5},{"damage":0,"enemies":"Chosen and Byrds","floor":31,"turns":5},{"damage":0,"enemies":"Collector","floor":33,"turns":11},{"damage":0,"enemies":"Orb Walker","floor":35,"turns":3},{"damage":1,"enemies":"3 Shapes","floor":36,"turns":3},{"damage":16,"enemies":"Writhing Mass","floor":38,"turns":8},{"damage":1,"enemies":"Jaw Worm Horde","floor":41,"turns":5},{"damage":4,"enemies":"Spire Growth","floor":45,"turns":4},{"damage":5,"enemies":"Maw","floor":46,"turns":8},{"damage":0,"enemies":"Mind Bloom Boss Battle","floor":47,"turns":6},{"damage":9,"enemies":"Awakened One","floor":50,"turns":12}],"seed_played":"1901978169940504323","potions_obtained":[{"floor":2,"key":"EntropicBrew"},{"floor":16,"key":"Energy Potion"},{"floor":24,"key":"EssenceOfSteel"},{"floor":24,"key":"Fire Potion"},{"floor":24,"key":"Block Potion"},{"floor":24,"key":"FearPotion"},{"floor":24,"key":"FairyPotion"},{"floor":27,"key":"Swift Potion"},{"floor":31,"key":"SteroidPotion"},{"floor":33,"key":"FearPotion"},{"floor":35,"key":"Regen Potion"},{"floor":36,"key":"Swift Potion"},{"floor":45,"key":"Regen Potion"},{"floor":47,"key":"Strength Potion"}],"is_trial":false,"path_per_floor":["M","M","?","T","?","R","R","M","T","M","R","M","?","M","R","B",null,"M","?","M","M","?","E","$","M","T","M","?","M","R","M","R","B",null,"M","M","?","M","?","R","M","R","T","R","M","M","?","T","R","B",null],"character_chosen":"THE_SILENT","items_purchased":["Cauldron","Accuracy","Question Card"],"campfire_rested":3,"item_purchase_floors":[24,24,24],"current_hp_per_floor":[68,67,60,60,60,60,60,60,60,46,46,46,32,32,53,22,70,58,42,37,27,27,11,11,11,11,11,11,8,29,29,50,50,70,70,69,69,53,53,53,66,66,66,66,62,57,70,70,70,61],"gold":442,"neow_bonus":"UPGRADE_CARD","is_prod":false,"is_daily":false,"chose_seed":false,"campfire_upgraded":7,"win_rate":0,"timestamp":1544198783,"path_taken":["M","?","?","?","?","R","R","M","T","M","R","?","?","M","R","BOSS","M","?","M","M","?","E","?","M","T","M","?","M","R","M","R","BOSS","M","M","?","M","?","R","M","R","T","R","M","M","?","?","R","BOSS"],"build_version":"2018-12-06","purchased_purges":1,"victory":true,"max_hp_per_floor":[70,70,70,70,70,70,70,70,70,70,70,70,70,70,70,70,70,70,70,70,70,70,70,70,70,70,70,70,70,70,70,70,70,70,70,70,70,70,70,70,70,70,70,70,70,70,70,70,70,70],"card_choices":[{"not_picked":["Dagger Throw","Poisoned Stab"],"picked":"Cloak And Dagger","floor":1},{"not_picked":["Underhanded Strike","Choke"],"picked":"Flying Knee","floor":2},{"not_picked":["Catalyst","Slice"],"picked":"PiercingWail","floor":8},{"not_picked":["Expertise","Tactician"],"picked":"Noxious Fumes","floor":10},{"not_picked":["Prepared","Slice"],"picked":"Sucker Punch","floor":12},{"not_picked":["Underhanded Strike","Escape Plan"],"picked":"After Image","floor":14},{"not_picked":["Phantasmal Killer","Unload"],"picked":"A Thousand Cuts","floor":16},{"not_picked":["Terror","Blade Dance"],"picked":"Cloak And Dagger","floor":18},{"not_picked":["Outmaneuver","Flying Knee"],"picked":"Distraction+1","floor":20},{"not_picked":["Deadly Poison","Caltrops"],"picked":"Deflect","floor":21},{"not_picked":["Endless Agony","Cloak And Dagger"],"picked":"Deflect+1","floor":23},{"not_picked":["Flechettes","Predator","Choke"],"picked":"Well Laid Plans+1","floor":25},{"not_picked":["Caltrops","Deadly Poison","Dash+1"],"picked":"Backflip","floor":27},{"not_picked":["PiercingWail","Dagger Spray","Flying Knee"],"picked":"Distraction+1","floor":29},{"not_picked":["Calculated Gamble+1","Blade Dance","Cloak And Dagger"],"picked":"Deflect","floor":31},{"not_picked":["Burst","Envenom","Grand Finale"],"picked":"Adrenaline","floor":33},{"not_picked":["Dagger Spray+1","Bane","Finisher","Underhanded Strike"],"picked":"SKIP","floor":35},{"not_picked":["Skewer+1","Slice","Blade Dance"],"picked":"Footwork+1","floor":36},{"not_picked":["PiercingWail","Flying Knee+1","Deadly Poison+1","Skewer"],"picked":"SKIP","floor":38},{"not_picked":["Dash","Caltrops","Wraith Form v2"],"picked":"Cloak And Dagger+1","floor":41},{"not_picked":["Dagger Spray+1","Concentrate","Sucker Punch","Slice"],"picked":"SKIP","floor":45},{"not_picked":["Blade Dance","Dagger Throw","Sucker Punch+1"],"picked":"Backflip","floor":46},{"not_picked":["Choke+1","Dash+1","Noxious Fumes+1"],"picked":"Accuracy+1","floor":47}],"player_experience":270413,"relics_obtained":[{"floor":4,"key":"WingedGreaves"},{"floor":9,"key":"Potion Belt"},{"floor":19,"key":"Enchiridion"},{"floor":23,"key":"Paper Crane"},{"floor":26,"key":"Incense Burner"},{"floor":43,"key":"Mercury Hourglass"},{"floor":47,"key":"StoneCalendar"},{"floor":48,"key":"Lantern"}],"event_choices":[{"cards_removed":["Strike_G"],"damage_healed":0,"gold_gain":0,"player_choice":"Card Removal","damage_taken":7,"max_hp_gain":0,"max_hp_loss":0,"event_name":"Golden Wing","floor":3,"gold_loss":0},{"damage_healed":0,"gold_gain":0,"player_choice":"Gave Potion","damage_taken":0,"relics_obtained":["MawBank"],"max_hp_gain":0,"max_hp_loss":0,"event_name":"WeMeetAgain","floor":5,"gold_loss":0},{"damage_healed":0,"gold_gain":0,"player_choice":"Entered Light","damage_taken":14,"max_hp_gain":0,"max_hp_loss":0,"event_name":"Shining Light","floor":13,"gold_loss":0,"cards_upgraded":["Strike_G","Defend_G"]},{"damage_healed":0,"gold_gain":0,"player_choice":"Obtained Book","damage_taken":16,"max_hp_gain":0,"max_hp_loss":0,"event_name":"Cursed Tome","floor":19,"gold_loss":0},{"cards_removed":["A Thousand Cuts"],"damage_healed":0,"gold_gain":0,"player_choice":"Elegance","damage_taken":0,"max_hp_gain":0,"max_hp_loss":0,"event_name":"Back to Basics","floor":22,"gold_loss":0},{"damage_healed":0,"gold_gain":0,"cards_transformed":["Dagger Throw","Underhanded Strike"],"player_choice":"Became Test Subject","damage_taken":0,"max_hp_gain":0,"max_hp_loss":0,"event_name":"Drug Dealer","floor":28,"gold_loss":0,"cards_obtained":["Cloak And Dagger","PiercingWail"]},{"damage_healed":0,"gold_gain":0,"player_choice":"Ignored","damage_taken":0,"max_hp_gain":0,"max_hp_loss":0,"event_name":"Mysterious Sphere","floor":37,"gold_loss":0},{"cards_removed":["Flying Knee"],"damage_healed":0,"gold_gain":0,"player_choice":"Removed Attack","damage_taken":0,"max_hp_gain":0,"max_hp_loss":0,"event_name":"Falling","floor":39,"gold_loss":0},{"damage_healed":0,"gold_gain":0,"player_choice":"Fight","damage_taken":0,"max_hp_gain":0,"max_hp_loss":0,"event_name":"MindBloom","floor":47,"gold_loss":0}],"is_beta":false,"boss_relics":[{"not_picked":["Snecko Eye","Ectoplasm"],"picked":"Pandora\u0027s Box"},{"not_picked":["Runic Pyramid","Runic Dome"],"picked":"WristBlade"}],"items_purged_floors":[24],"is_endless":false,"potions_floor_spawned":[2,16,27,31,33,35,36,45,47],"ascension_level":2}