{"gold_per_floor":[111,129,129,28,40,40,69,69,69,69,94,94,119,119,119,191,191,203,36,36,36,36,67,67,25,48,74,74,74,74,88,118,197,197,212,212,212,212,212,212,241,241,241,241,251,262,4,32,32,32],"floor_reached":50,"playtime":3175,"items_purged":["Regret","Injury"],"score":1037,"play_id":"151a39ce-dde9-4cee-9767-f9fde75ecd56","local_time":"20190918230733","is_ascension_mode":true,"campfire_choices":[{"data":"Dagger Spray","floor":6,"key":"SMITH"},{"data":"Cloak And Dagger","floor":8,"key":"SMITH"},{"floor":10,"key":"REST"},{"floor":12,"key":"REST"},{"floor":15,"key":"REST"},{"floor":24,"key":"REST"},{"floor":29,"key":"REST"},{"floor":32,"key":"DIG"},{"floor":40,"key":"DIG"},{"floor":49,"key":"REST"}],"neow_cost":"NONE","seed_source_timestamp":5823771708555,"circlet_count":0,"master_deck":["AscendersBane","Strike_G","Strike_G","Defend_G","Defend_G","Defend_G","Defend_G","Defend_G","Survivor","Neutralize","Dagger Spray+1","Dash","Deadly Poison","Slice","Cloak And Dagger+1","Dodge and Roll","PiercingWail","Footwork","Catalyst","Deadly Poison","Adrenaline+1","Well Laid Plans","Noxious Fumes","PiercingWail+1","After Image","Sucker Punch+1","Dark Shackles","Expertise","Blur+1","Backflip"],"relics":["Ring of the Snake","Centennial Puzzle","Oddly Smooth Stone","Dead Branch","Mercury Hourglass","Shovel","Juzu Bracelet","Cursed Key","Tingsha","Strawberry","Blood Vial","Tiny Chest","Fusion Hammer","Darkstone Periapt","Turnip","War Paint","Boot"],"potions_floor_usage":[16,23,31,41,50,50],"damage_taken":[{"damage":6,"enemies":"Jaw Worm","floor":1,"turns":7},{"damage":0,"enemies":"2 Louse","floor":2,"turns":3},{"damage":0,"enemies":"Cultist","floor":5,"turns":3},{"damage":34,"enemies":"Gremlin Nob","floor":7,"turns":5},{"damage":25,"enemies":"Lagavulin","floor":11,"turns":7},{"damage":6,"enemies":"3 Sentries","floor":13,"turns":5},{"damage":15,"enemies":"Slime Boss","floor":16,"turns":7},{"damage":1,"enemies":"Chosen","floor":18,"turns":4},{"damage":20,"enemies":"Slavers","floor":23,"turns":4},{"damage":24,"enemies":"Book of Stabbing","floor":27,"turns":6},{"damage":12,"enemies":"Colosseum Slavers","floor":30,"turns":4},{"damage":0,"enemies":"3 Byrds","floor":31,"turns":4},{"damage":34,"enemies":"Champ","floor":33,"turns":12},{"damage":7,"enemies":"3 Darklings","floor":35,"turns":5},{"damage":54,"enemies":"Giant Head","floor":41,"turns":10},{"damage":7,"enemies":"Orb Walker","floor":45,"turns":5},{"damage":21,"enemies":"Transient","floor":46,"turns":6},{"damage":11,"enemies":"Reptomancer","floor":48,"turns":6},{"damage":86,"enemies":"Time Eater","floor":50,"turns":17}],"seed_played":"-3193404941070104446","potions_obtained":[{"floor":7,"key":"Strength Potion"},{"floor":13,"key":"Strength Potion"},{"floor":16,"key":"GamblersBrew"},{"floor":33,"key":"Block Potion"},{"floor":35,"key":"LiquidBronze"},{"floor":46,"key":"EssenceOfSteel"}],"is_trial":false,"path_per_floor":["M","M","?","$","M","R","E","R","T","R","E","R","E","?","R","B",null,"M","$","?","?","$","E","R","$","T","E","?","R","?","M","R","B",null,"M","?","?","?","?","R","E","?","T","?","M","M","$","E","R","B"],"character_chosen":"THE_SILENT","items_purchased":["Deadly Poison","Footwork","Catalyst","Deadly Poison","Noxious Fumes","War Paint"],"campfire_rested":6,"item_purchase_floors":[4,19,19,19,25,47],"current_hp_per_floor":[53,53,53,53,53,53,19,19,19,38,13,32,26,26,45,30,57,56,56,56,56,56,36,55,55,62,38,38,59,49,51,51,19,60,55,55,55,55,55,55,3,83,83,83,76,57,57,48,72,0],"gold":32,"neow_bonus":"RANDOM_COMMON_RELIC","is_prod":false,"is_daily":false,"chose_seed":false,"campfire_upgraded":2,"win_rate":0,"timestamp":1568840853,"path_taken":["M","M","?","$","M","R","E","R","T","R","E","R","E","?","R","BOSS","M","$","?","?","?","E","R","$","T","E","?","R","?","M","R","BOSS","M","?","?","?","?","R","E","?","T","?","M","M","$","E","R","BOSS"],"build_version":"2019-07-17","purchased_purges":2,"victory":false,"max_hp_per_floor":[66,66,66,66,66,66,66,66,66,66,66,66,66,66,66,66,66,66,66,66,66,66,66,66,66,73,73,73,73,73,73,73,73,73,73,73,73,73,73,73,73,83,83,83,83,83,83,83,83,83],"card_choices":[{"not_picked":["Prepared","Deflect"],"picked":"Dagger Spray","floor":1},{"not_picked":["Poisoned Stab","Blade Dance"],"picked":"Dash","floor":2},{"not_picked":["Deflect","Cloak And Dagger"],"picked":"Slice","floor":5},{"not_picked":["Sucker Punch","Deflect"],"picked":"Cloak And Dagger","floor":7},{"not_picked":["Acrobatics","Calculated Gamble"],"picked":"Dodge and Roll","floor":11},{"not_picked":["Accuracy","Predator"],"picked":"PiercingWail","floor":13},{"not_picked":["Envenom","Bullet Time"],"picked":"Phantasmal Killer","floor":16},{"not_picked":["Outmaneuver","Eviscerate","Reflex"],"picked":"SKIP","floor":18},{"not_picked":["Sucker Punch","Acrobatics"],"picked":"Well Laid Plans","floor":23},{"not_picked":["Flying Knee","Reflex"],"picked":"PiercingWail+1","floor":27},{"not_picked":["Underhanded Strike","Sucker Punch","Slice"],"picked":"SKIP","floor":31},{"not_picked":["Adrenaline","Grand Finale"],"picked":"After Image","floor":33},{"not_picked":["Bane","Blade Dance"],"picked":"Sucker Punch+1","floor":35},{"not_picked":["Violence","Secret Weapon"],"picked":"Dark Shackles","floor":36},{"not_picked":["Expertise","Well Laid Plans"],"picked":"Blur","floor":41},{"not_picked":["Blur","Prepared","Dagger Spray"],"picked":"SKIP","floor":45},{"not_picked":["Underhanded Strike","Accuracy","Prepared"],"picked":"SKIP","floor":46},{"not_picked":["Deflect","Riddle With Holes"],"picked":"Backflip","floor":48}],"player_experience":1064864,"relics_obtained":[{"floor":7,"key":"Dead Branch"},{"floor":9,"key":"Mercury Hourglass"},{"floor":11,"key":"Shovel"},{"floor":13,"key":"Juzu Bracelet"},{"floor":23,"key":"Tingsha"},{"floor":26,"key":"Strawberry"},{"floor":27,"key":"Blood Vial"},{"floor":32,"key":"Tiny Chest"},{"floor":40,"key":"Darkstone Periapt"},{"floor":41,"key":"Turnip"},{"floor":48,"key":"Boot"}],"event_choices":[{"damage_healed":0,"gold_gain":0,"player_choice":"Box","damage_taken":0,"relics_obtained":["Oddly Smooth Stone"],"max_hp_gain":0,"max_hp_loss":0,"event_name":"Big Fish","floor":3,"gold_loss":0,"cards_obtained":["Regret"]},{"cards_removed":["Strike_G"],"damage_healed":0,"gold_gain":0,"player_choice":"Purged","damage_taken":0,"max_hp_gain":0,"max_hp_loss":0,"event_name":"Purifier","floor":14,"gold_loss":0},{"damage_healed":0,"gold_gain":0,"player_choice":"Ignored","damage_taken":0,"max_hp_gain":0,"max_hp_loss":0,"event_name":"Vampires","floor":20,"gold_loss":0},{"damage_healed":0,"gold_gain":0,"player_choice":"1 cards matched","damage_taken":0,"max_hp_gain":0,"max_hp_loss":0,"event_name":"Match and Keep!","floor":21,"gold_loss":0,"cards_obtained":["Adrenaline"]},{"damage_healed":0,"gold_gain":0,"player_choice":"Leave","damage_taken":0,"max_hp_gain":0,"max_hp_loss":0,"event_name":"FaceTrader","floor":28,"gold_loss":0},{"damage_healed":0,"gold_gain":0,"player_choice":"Fight","damage_taken":0,"max_hp_gain":0,"max_hp_loss":0,"event_name":"Colosseum","floor":30,"gold_loss":0},{"damage_healed":0,"gold_gain":0,"player_choice":"Fled From Nobs","damage_taken":0,"max_hp_gain":0,"max_hp_loss":0,"event_name":"Colosseum","floor":30,"gold_loss":0},{"damage_healed":0,"gold_gain":0,"player_choice":"Memory 1","damage_taken":0,"max_hp_gain":0,"max_hp_loss":0,"event_name":"SensoryStone","floor":36,"gold_loss":0},{"damage_healed":0,"gold_gain":0,"cards_transformed":["Strike_G"],"player_choice":"Transformed","damage_taken":0,"max_hp_gain":0,"max_hp_loss":0,"event_name":"Transmorgrifier","floor":37,"gold_loss":0,"cards_obtained":["Expertise"]},{"cards_removed":["Strike_G"],"damage_healed":0,"gold_gain":0,"player_choice":"Removed Attack","damage_taken":0,"max_hp_gain":0,"max_hp_loss":0,"event_name":"Falling","floor":38,"gold_loss":0},{"damage_healed":0,"gold_gain":0,"player_choice":"Ignored","damage_taken":0,"max_hp_gain":0,"max_hp_loss":0,"event_name":"Mysterious Sphere","floor":39,"gold_loss":0},{"cards_removed":["Phantasmal Killer"],"damage_healed":70,"gold_gain":0,"player_choice":"Offered Rare","damage_taken":0,"max_hp_gain":10,"max_hp_loss":0,"event_name":"Bonfire Elementals","floor":42,"gold_loss":0},{"damage_healed":0,"gold_gain":0,"player_choice":"0 cards matched","damage_taken":0,"max_hp_gain":0,"max_hp_loss":0,"event_name":"Match and Keep!","floor":44,"gold_loss":0,"cards_obtained":[]}],"is_beta":false,"boss_relics":[{"not_picked":["Black Star","Philosopher\u0027s Stone"],"picked":"Cursed Key"},{"not_picked":["Ring of the Serpent","Tiny House"],"picked":"Fusion Hammer"}],"items_purged_floors":[4,47],"is_endless":false,"potions_floor_spawned":[7,13,16,18,33,35,46],"killed_by":"Time Eater","ascension_level":18}