{"gold_per_floor":[116,131,149,129,144,144,179,179,250,265,58,71,71,106,106,177,177,196,206,220,240,251,251,251,251,251,251,38,50,80,90,90,90],"floor_reached":33,"playtime":1525,"items_purged":["Strike_B"],"score":587,"play_id":"2dc63533-d416-4d75-8d8a-17364f137938","local_time":"20191003002610","is_ascension_mode":true,"campfire_choices":[{"data":"Beam Cell","floor":6.0,"key":"SMITH"},{"data":"Streamline","floor":8.0,"key":"SMITH"},{"floor":13.0,"key":"REST"},{"floor":15.0,"key":"REST"},{"data":"Hologram","floor":23.0,"key":"SMITH"},{"floor":25.0,"key":"REST"},{"data":"Hologram","floor":27.0,"key":"SMITH"},{"floor":32,"key":"REST"}],"neow_cost":"NONE","seed_source_timestamp":888689406636900,"circlet_count":0,"master_deck":["AscendersBane","Strike_B+1","Strike_B+1","Strike_B+1","Defend_B+1","Defend_B+1","Defend_B+1","Defend_B+1","Zap","Dualcast","Streamline+1","Rebound","Steam","Beam Cell+1","Hologram+1","Rip and Tear","Conserve Battery","FTL","Go for the Eyes","Electrodynamics","Hologram+1","Steam","Chill","Ball Lightning+1","All For One","Gash+1","Genetic Algorithm+1","Blind+1","Conserve Battery+1","Conserve Battery+1"],"special_seed":0,"relics":["Cracked Core","NeowsBlessing","Prayer Wheel","Singing Bowl","Pen Nib","Orrery","Toxic Egg 2"],"potions_floor_usage":[33],"damage_taken":[{"damage":0.0,"enemies":"Jaw Worm","floor":1.0,"turns":1.0},{"damage":0.0,"enemies":"Cultist","floor":2.0,"turns":1.0},{"damage":0.0,"enemies":"Small Slimes","floor":3.0,"turns":1.0},{"damage":30.0,"enemies":"Exordium Thugs","floor":5.0,"turns":5.0},{"damage":5.0,"enemies":"Gremlin Nob","floor":7.0,"turns":3.0},{"damage":0.0,"enemies":"Blue Slaver","floor":10.0,"turns":2.0},{"damage":13.0,"enemies":"3 Louse","floor":12.0,"turns":3.0},{"damage":17.0,"enemies":"Lagavulin","floor":14.0,"turns":4.0},{"damage":25.0,"enemies":"Hexaghost","floor":16.0,"turns":8.0},{"damage":0.0,"enemies":"Spheric Guardian","floor":18.0,"turns":1.0},{"damage":2.0,"enemies":"3 Byrds","floor":19.0,"turns":5.0},{"damage":38.0,"enemies":"Sentry and Sphere","floor":20.0,"turns":6.0},{"damage":8.0,"enemies":"Centurion and Healer","floor":21.0,"turns":5.0},{"damage":6.0,"enemies":"3 Cultists","floor":22.0,"turns":4.0},{"damage":25.0,"enemies":"Chosen and Byrds","floor":29.0,"turns":6.0},{"damage":15.0,"enemies":"Slavers","floor":30.0,"turns":6.0},{"damage":15,"enemies":"Snake Plant","floor":31,"turns":4},{"damage":54,"enemies":"Automaton","floor":33,"turns":6}],"seed_played":"689527113512049586","potions_obtained":[{"floor":4.0,"key":"Fire Potion"},{"floor":5.0,"key":"LiquidBronze"},{"floor":10.0,"key":"Fire Potion"},{"floor":20.0,"key":"SpeedPotion"},{"floor":21.0,"key":"Poison Potion"},{"floor":29.0,"key":"Weak Potion"}],"is_trial":false,"path_per_floor":["M","M","M","?","M","R","E","R","T","M","$","M","R","E","R","B",null,"M","M","M","M","M","R","?","R","T","R","$","M","E","M","R","B"],"character_chosen":"DEFECT","items_purchased":["Hologram","Rip and Tear","Blind+1","Fruit Juice"],"campfire_rested":4,"item_purchase_floors":[11,11,28,28],"current_hp_per_floor":[64,64,64,64,34,34,29,29,29,33,33,20,42,25,47,22,68,70,68,32,28,24,24,24,51,51,51,51,31,18,7,37,0],"gold":90,"neow_bonus":"THREE_ENEMY_KILL","is_prod":false,"is_daily":false,"chose_seed":false,"campfire_upgraded":4,"win_rate":0,"timestamp":1570029970,"path_taken":["M","M","M","?","M","R","E","R","T","M","$","M","R","E","R","BOSS","M","M","?","M","M","R","?","R","T","R","?","M","E","M","R","BOSS"],"build_version":"2019-07-17","purchased_purges":1,"victory":false,"max_hp_per_floor":[71,71,71,71,71,71,71,71,71,75,75,75,75,75,75,75,81,83,83,85,89,91,91,91,91,91,91,91,96,98,102,102,102],"card_choices":[{"not_picked":["Steam","Tempest"],"picked":"Streamline","floor":1.0},{"not_picked":["Gash","Redo"],"picked":"Rebound","floor":2.0},{"not_picked":["Turbo","Skim"],"picked":"Steam","floor":3.0},{"not_picked":["Sweeping Beam","Biased Cognition"],"picked":"Beam Cell","floor":5.0},{"not_picked":["Storm","Recycle","White Noise"],"picked":"SKIP","floor":7.0},{"not_picked":["Stack","Darkness","Aggregate"],"picked":"Singing Bowl","floor":10.0},{"not_picked":["Blizzard","Steam","Consume"],"picked":"Singing Bowl","floor":10.0},{"not_picked":["Leap","Sweeping Beam"],"picked":"Conserve Battery","floor":12.0},{"not_picked":["Stack","Barrage"],"picked":"FTL","floor":12.0},{"not_picked":["Double Energy","Stack"],"picked":"Go for the Eyes","floor":14.0},{"not_picked":["Rainbow","Biased Cognition"],"picked":"Electrodynamics","floor":16.0},{"not_picked":["Sweeping Beam","Steam","Undo"],"picked":"Singing Bowl","floor":17.0},{"not_picked":["Stack","Rip and Tear","Double Energy"],"picked":"Singing Bowl","floor":17.0},{"not_picked":["Skim","Stack"],"picked":"Hologram","floor":17.0},{"not_picked":["Steam Power","Rebound","Storm"],"picked":"Singing Bowl","floor":17.0},{"not_picked":["Capacitor","Loop"],"picked":"Steam","floor":17.0},{"not_picked":["Capacitor","Rebound"],"picked":"Chill","floor":18.0},{"not_picked":["Tempest","Storm","Darkness"],"picked":"Singing Bowl","floor":18.0},{"not_picked":["Auto Shields","Hologram"],"picked":"Ball Lightning+1","floor":19.0},{"not_picked":["Leap","Genetic Algorithm"],"picked":"All For One","floor":19.0},{"not_picked":["Hologram","Ball Lightning","Rebound"],"picked":"Singing Bowl","floor":20.0},{"not_picked":["Compile Driver","Leap"],"picked":"Gash+1","floor":20.0},{"not_picked":["FTL","Steam Power","Compile Driver"],"picked":"Singing Bowl","floor":21.0},{"not_picked":["White Noise","Steam+1","Compile Driver"],"picked":"Singing Bowl","floor":21.0},{"not_picked":["Biased Cognition","Leap","Stack"],"picked":"Singing Bowl","floor":22.0},{"not_picked":["Tempest","Streamline"],"picked":"Genetic Algorithm+1","floor":22.0},{"not_picked":["Leap+1","All For One"],"picked":"Conserve Battery+1","floor":29.0},{"not_picked":["White Noise+1","Redo+1"],"picked":"Conserve Battery+1","floor":29.0},{"not_picked":["Ball Lightning","Storm","Streamline+1"],"picked":"Singing Bowl","floor":30.0},{"not_picked":["Go for the Eyes","Turbo+1","Reprogram+1"],"picked":"Singing Bowl","floor":31},{"not_picked":["Aggregate+1","Streamline","Storm"],"picked":"Singing Bowl","floor":31}],"player_experience":572972,"relics_obtained":[{"floor":7.0,"key":"Prayer Wheel"},{"floor":9.0,"key":"Singing Bowl"},{"floor":14.0,"key":"Pen Nib"},{"floor":26.0,"key":"Toxic Egg 2"}],"event_choices":[{"damage_healed":0.0,"max_hp_gain":0.0,"max_hp_loss":0.0,"gold_gain":0.0,"event_name":"The Woman in Blue","player_choice":"Bought 1 Potion","floor":4.0,"gold_loss":0.0,"damage_taken":0.0},{"damage_healed":0.0,"max_hp_gain":0.0,"max_hp_loss":0.0,"gold_gain":0.0,"event_name":"Back to Basics","player_choice":"Simplicity","floor":24.0,"gold_loss":0.0,"damage_taken":0.0,"cards_upgraded":["Strike_B","Strike_B","Strike_B","Defend_B","Defend_B","Defend_B","Defend_B"]}],"is_beta":false,"boss_relics":[{"not_picked":["Snecko Eye","Coffee Dripper"],"picked":"Orrery"}],"items_purged_floors":[11],"is_endless":false,"potions_floor_spawned":[5,10,12,20,21,29],"killed_by":"Automaton","ascension_level":20}