{"gold_per_floor":[117,117,42,42,57,57,7,7,7,7,17,17,32,32,32,137,137,148,247,261,104,104,135,152,152,152,152,0,17,35,49,49,49],"floor_reached":33,"playtime":1435,"items_purged":["Strike_B"],"score":344,"play_id":"536b53e1-cc09-48b0-8d60-7ba8d0471d80","local_time":"20180808103256","is_ascension_mode":true,"campfire_choices":[{"data":"Zap","floor":6,"key":"SMITH"},{"data":"Defend_B","floor":10,"key":"PURGE"},{"data":"Strike_B","floor":12,"key":"PURGE"},{"data":"Defragment","floor":15,"key":"SMITH"},{"floor":25,"key":"REST"},{"data":"Defend_B","floor":27,"key":"PURGE"},{"data":"Conserve Battery","floor":32,"key":"SMITH"}],"neow_cost":"NONE","seed_source_timestamp":260525367958955,"circlet_count":0,"master_deck":["Strike_B","Zap+1","Dualcast","Electrodynamics","Conserve Battery+1","Leap","Defragment+1","BootSequence+1","Auto Shields+1","Glacier+1","Recycle","Static Discharge+1"],"relics":["Cracked Core","Centennial Puzzle","Peace Pipe","Lizard Tail","Regal Pillow","Ornamental Fan","Frozen Egg 2"],"potions_floor_usage":[16,16,33],"damage_taken":[{"damage":2,"enemies":"2 Louse","floor":1,"turns":2},{"damage":0,"enemies":"Jaw Worm","floor":5,"turns":4},{"damage":0,"enemies":"Cultist","floor":11,"turns":3},{"damage":5,"enemies":"2 Fungi Beasts","floor":13,"turns":2},{"damage":40,"enemies":"Hexaghost","floor":16,"turns":10},{"damage":24,"enemies":"Chosen","floor":18,"turns":5},{"damage":12,"enemies":"Spheric Guardian","floor":20,"turns":4},{"damage":23,"enemies":"Gremlin Leader","floor":23,"turns":6},{"damage":9,"enemies":"Chosen and Byrds","floor":24,"turns":5},{"damage":8,"enemies":"Snake Plant","floor":29,"turns":5},{"damage":0,"enemies":"3 Cultists","floor":30,"turns":3},{"damage":1,"enemies":"Cultist and Chosen","floor":31,"turns":5},{"damage":83,"enemies":"Automaton","floor":33,"turns":12}],"seed_played":"186332729269167916","potions_obtained":[{"floor":11,"key":"EssenceOfSteel"},{"floor":13,"key":"LiquidBronze"},{"floor":18,"key":"Energy Potion"},{"floor":29,"key":"Block Potion"},{"floor":30,"key":"FocusPotion"}],"is_trial":false,"path_per_floor":["M","?","$","$","M","R","?","?","T","R","M","R","M","$","R","B",null,"M","?","M","$","?","E","M","R","T","R","?","M","M","M","R"],"character_chosen":"DEFECT","items_purchased":["Regal Pillow"],"campfire_rested":1,"item_purchase_floors":[21],"current_hp_per_floor":[66,54,54,54,54,54,54,54,54,54,54,54,49,49,49,9,59,35,35,23,23,23,37,28,65,65,65,65,57,57,56,56,0],"gold":49,"neow_bonus":"TRANSFORM_CARD","is_prod":false,"is_daily":false,"chose_seed":false,"campfire_upgraded":3,"win_rate":0,"timestamp":1533691976,"path_taken":["M","?","?","$","M","R","?","?","T","R","?","R","M","$","R","BOSS","M","?","M","$","?","E","M","R","T","R","?","?","M","?","R","BOSS"],"build_version":"2018-08-02","purchased_purges":1,"victory":false,"max_hp_per_floor":[75,75,75,75,75,75,75,75,75,75,75,75,75,75,75,75,75,75,75,75,75,75,75,75,75,75,75,75,75,75,75,75,75],"card_choices":[{"not_picked":["Barrage","Turbo"],"picked":"Conserve Battery","floor":1},{"not_picked":["Steam Power","Steam"],"picked":"Leap","floor":5},{"not_picked":["Go for the Eyes","Sweeping Beam","Loop"],"picked":"SKIP","floor":11},{"not_picked":["Leap","Chill"],"picked":"Defragment","floor":13},{"not_picked":["Consume+1","Static Discharge","Rebound"],"picked":"SKIP","floor":18},{"not_picked":["Defragment","Melter"],"picked":"BootSequence+1","floor":20},{"not_picked":["Rebound","Creative AI"],"picked":"Auto Shields+1","floor":23},{"not_picked":["Storm+1","Beam Cell"],"picked":"Glacier+1","floor":24},{"not_picked":["Leap","Scrape+1"],"picked":"Recycle","floor":29},{"not_picked":["Steam+1","Conserve Battery+1"],"picked":"Static Discharge+1","floor":30},{"not_picked":["Stack","Darkness","Chill"],"picked":"SKIP","floor":31}],"player_experience":168452,"relics_obtained":[{"floor":9,"key":"Peace Pipe"},{"floor":23,"key":"Ornamental Fan"},{"floor":26,"key":"Frozen Egg 2"}],"event_choices":[{"event_name":"Scrap Ooze","player_choice":"success","floor":2,"damage_taken":12},{"event_name":"The Cleric","player_choice":"Card Removal","floor":7,"damage_taken":0},{"event_name":"Bonfire Elementals","player_choice":"BASIC","floor":8,"damage_taken":0},{"event_name":"Nest","player_choice":"Stole From Cult","floor":19,"damage_taken":0},{"event_name":"Vampires","player_choice":"Ignored","floor":22,"damage_taken":0},{"event_name":"Masked Bandits","player_choice":"Paid Bandits 152 gold","floor":28,"damage_taken":0}],"is_beta":false,"boss_relics":[{"not_picked":["Busted Crown","Black Star"],"picked":"Lizard Tail"}],"items_purged_floors":[3],"is_endless":false,"potions_floor_spawned":[11,13,18,29,30,31],"killed_by":"Automaton","ascension_level":7}