{"gold_per_floor":[109,184,202,202,202,202,222,222,291,317,317,329,343,361,361,361],"floor_reached":16,"playtime":622,"items_purged":[],"score":102,"play_id":"959e7aef-486c-41fb-949d-82614a01f0b4","local_time":"20190816234818","is_ascension_mode":false,"campfire_choices":[{"data":"Bash","floor":6,"key":"SMITH"},{"data":"Clothesline","floor":11,"key":"SMITH"},{"floor":15,"key":"REST"}],"neow_cost":"NONE","seed_source_timestamp":53343691843705,"circlet_count":0,"master_deck":["Strike_R","Strike_R","Strike_R","Strike_R+1","Defend_R","Defend_R+1","Defend_R","Defend_R","Bash+1","Twin Strike","Shockwave","Clothesline+1","Sword Boomerang","Metallicize"],"relics":["Burning Blood","Paper Frog","Bag of Preparation"],"potions_floor_usage":[],"damage_taken":[{"damage":8,"enemies":"Small Slimes","floor":1,"turns":4},{"damage":6,"enemies":"Jaw Worm","floor":3,"turns":3},{"damage":1,"enemies":"2 Louse","floor":7,"turns":3},{"damage":31,"enemies":"Lagavulin","floor":10,"turns":5},{"damage":13,"enemies":"Lots of Slimes","floor":12,"turns":4},{"damage":4,"enemies":"Red Slaver","floor":13,"turns":4},{"damage":20,"enemies":"Exordium Thugs","floor":14,"turns":5},{"damage":49,"enemies":"Slime Boss","floor":16,"turns":6}],"seed_played":"799937628342992231","potions_obtained":[{"floor":3,"key":"Strength Potion"},{"floor":7,"key":"Dexterity Potion"},{"floor":14,"key":"Swift Potion"}],"is_trial":false,"path_per_floor":["M","?","M","?","?","R","M","?","T","E","R","M","M","M","R","B"],"character_chosen":"IRONCLAD","items_purchased":[],"campfire_rested":1,"item_purchase_floors":[],"current_hp_per_floor":[86,75,75,80,61,61,66,66,66,41,41,34,36,22,49,0],"gold":361,"neow_bonus":"TEN_PERCENT_HP_BONUS","is_prod":false,"is_daily":false,"chose_seed":false,"campfire_upgraded":2,"win_rate":0,"timestamp":1565992098,"path_taken":["M","?","M","?","?","R","M","?","T","E","R","M","M","?","R","BOSS"],"build_version":"2019-07-17","purchased_purges":0,"victory":false,"max_hp_per_floor":[88,88,88,93,93,93,93,93,93,93,93,93,93,93,93,93],"card_choices":[{"not_picked":["Heavy Blade","Metallicize","Evolve"],"picked":"SKIP","floor":1},{"not_picked":["Bloodletting","Second Wind"],"picked":"Twin Strike","floor":3},{"not_picked":["Fire Breathing","Body Slam"],"picked":"Shockwave","floor":7},{"not_picked":["Power Through","Iron Wave"],"picked":"Clothesline","floor":10},{"not_picked":["Thunderclap","Warcry"],"picked":"Sword Boomerang","floor":12},{"not_picked":["Havoc","Whirlwind","Pummel"],"picked":"SKIP","floor":13},{"not_picked":["Thunderclap","Dual Wield"],"picked":"Metallicize","floor":14}],"player_experience":959245,"relics_obtained":[{"floor":9,"key":"Paper Frog"},{"floor":10,"key":"Bag of Preparation"}],"event_choices":[{"damage_healed":0,"gold_gain":75,"player_choice":"Gather Gold","damage_taken":11,"max_hp_gain":0,"max_hp_loss":0,"event_name":"World of Goop","floor":2,"gold_loss":0},{"damage_healed":0,"gold_gain":0,"player_choice":"Donut","damage_taken":0,"max_hp_gain":5,"max_hp_loss":0,"event_name":"Big Fish","floor":4,"gold_loss":0},{"damage_healed":0,"gold_gain":0,"player_choice":"Entered Light","damage_taken":19,"max_hp_gain":0,"max_hp_loss":0,"event_name":"Shining Light","floor":5,"gold_loss":0,"cards_upgraded":["Strike_R","Defend_R"]},{"cards_removed":["Strike_R"],"damage_healed":0,"gold_gain":0,"player_choice":"Purged","damage_taken":0,"max_hp_gain":0,"max_hp_loss":0,"event_name":"Purifier","floor":8,"gold_loss":0}],"is_beta":false,"boss_relics":[],"items_purged_floors":[],"is_endless":false,"potions_floor_spawned":[3,7,14],"killed_by":"Slime Boss","ascension_level":0}