{"gold_per_floor":[114,36,48,64,77,77,77,77,100,100,120,139,157,176,176,300,300,321,321,321,341,341,341,375,375,375,375,375,400,418,439,439,570,570,589,603,664,342,1341,1341,1360,1360,1412,453,453,453,491,506,506,506],"floor_reached":51,"playtime":3107,"items_purged":["Defend_B","Defend_B"],"score":689,"play_id":"c3bb145f-eef3-4b7b-89e9-92305fba8e46","local_time":"20181008014643","is_ascension_mode":false,"campfire_choices":[{"data":"Zap","floor":6,"key":"SMITH"},{"data":"Conserve Battery","floor":8,"key":"SMITH"},{"floor":15,"key":"REST"},{"data":"Barrage","floor":23,"key":"SMITH"},{"data":"Echo Form","floor":25,"key":"SMITH"},{"data":"Conserve Battery","floor":27,"key":"SMITH"},{"data":"Seek","floor":28,"key":"SMITH"},{"floor":32,"key":"REST"},{"floor":40,"key":"REST"},{"data":"Consume","floor":42,"key":"SMITH"},{"data":"Conserve Battery","floor":46,"key":"SMITH"},{"data":"Secret Technique","floor":49,"key":"SMITH"}],"neow_cost":"","seed_source_timestamp":12834816169817,"circlet_count":0,"master_deck":["Defend_B","Zap+1","Dualcast","White Noise","Melter","BootSequence","Chill","Conserve Battery+1","Ball Lightning","Echo Form+1","Conserve Battery+1","Capacitor","Seek+1","Barrage+1","Writhe","Sweeping Beam","Heatsinks","Reinforced Body+1","Chill+1","Consume+1","Rebound+1","Creative AI","Ball Lightning+1","White Noise+1","Conserve Battery+1","BootSequence","Secret Technique+1","Panacea","Hologram+1"],"relics":["Cracked Core","Golden Idol","Art of War","Inserter","Omamori","WingedGreaves","Mercury Hourglass","Empty Cage","Turnip","Runic Capacitor","Lantern","Anchor","Bag of Marbles","PrismaticShard","Unceasing Top"],"potions_floor_usage":[16,16,21,24,30,37,50,50,50],"damage_taken":[{"damage":1,"enemies":"Cultist","floor":1,"turns":3},{"damage":0,"enemies":"2 Louse","floor":3,"turns":1},{"damage":0,"enemies":"Small Slimes","floor":4,"turns":2},{"damage":11,"enemies":"Exordium Thugs","floor":5,"turns":5},{"damage":8,"enemies":"Lots of Slimes","floor":11,"turns":5},{"damage":0,"enemies":"Red Slaver","floor":12,"turns":3},{"damage":9,"enemies":"Exordium Wildlife","floor":13,"turns":3},{"damage":0,"enemies":"3 Louse","floor":14,"turns":1},{"damage":19,"enemies":"Hexaghost","floor":16,"turns":9},{"damage":15,"enemies":"Shell Parasite","floor":18,"turns":5},{"damage":0,"enemies":"Chosen","floor":21,"turns":6},{"damage":9,"enemies":"Book of Stabbing","floor":24,"turns":5},{"damage":30,"enemies":"Snake Plant","floor":29,"turns":5},{"damage":0,"enemies":"Snecko","floor":30,"turns":6},{"damage":0,"enemies":"Chosen and Byrds","floor":31,"turns":5},{"damage":6,"enemies":"Automaton","floor":33,"turns":9},{"damage":2,"enemies":"3 Shapes","floor":35,"turns":3},{"damage":0,"enemies":"Orb Walker","floor":36,"turns":4},{"damage":48,"enemies":"Mysterious Sphere","floor":37,"turns":7},{"damage":3,"enemies":"4 Shapes","floor":41,"turns":5},{"damage":3,"enemies":"Giant Head","floor":47,"turns":8},{"damage":5,"enemies":"3 Darklings","floor":48,"turns":7},{"damage":70,"enemies":"Awakened One","floor":50,"turns":10}],"seed_played":"-1926331694579482010","potions_obtained":[{"floor":1,"key":"Strength Potion"},{"floor":10,"key":"SkillPotion"},{"floor":10,"key":"Ancient Potion"},{"floor":13,"key":"Block Potion"},{"floor":16,"key":"LiquidBronze"},{"floor":18,"key":"SteroidPotion"},{"floor":29,"key":"Block Potion"},{"floor":30,"key":"SkillPotion"},{"floor":36,"key":"Ancient Potion"},{"floor":41,"key":"EssenceOfSteel"}],"is_trial":false,"path_per_floor":["M","$","M","M","M","R","?","R","T","?","M","M","M","M","R","B",null,"M","?","?","M","?","R","E","R","T","R","R","M","M","M","R","B",null,"M","M","?","$","?","R","M","R","T","$","?","R","E","M","R","B"],"character_chosen":"DEFECT","items_purchased":["Melter","Runic Capacitor","Conserve Battery","Anchor","Bag of Marbles","Regen Potion","Secret Technique","Panacea","PrismaticShard"],"campfire_rested":3,"item_purchase_floors":[2,38,38,44,44,44,44,44,44],"current_hp_per_floor":[74,74,74,74,63,63,45,45,45,45,37,37,28,28,50,31,75,60,60,60,60,60,60,51,51,51,51,51,21,21,21,43,37,75,73,73,25,25,25,47,44,44,44,44,66,66,63,58,58,3],"gold":506,"neow_bonus":"","is_prod":false,"is_daily":false,"chose_seed":false,"campfire_upgraded":9,"win_rate":0,"timestamp":1538930803,"path_taken":["M","?","M","M","M","R","?","R","T","?","M","M","M","?","R","BOSS","M","?","?","M","?","R","E","R","T","R","R","?","M","M","R","BOSS","M","M","?","$","?","R","M","R","T","$","?","R","E","?","R","BOSS"],"build_version":"2018-10-04v2","purchased_purges":2,"victory":true,"max_hp_per_floor":[75,75,75,75,75,75,75,75,75,75,75,75,75,75,75,75,75,75,75,75,75,75,75,75,75,75,75,75,75,75,75,75,75,75,75,75,75,75,75,75,75,75,75,75,66,66,66,66,66,66],"card_choices":[{"not_picked":["Leap","Barrage"],"picked":"White Noise","floor":1},{"not_picked":["Reprogram","White Noise"],"picked":"BootSequence","floor":3},{"not_picked":["Beam Cell","Consume"],"picked":"Chill","floor":4},{"not_picked":["Reinforced Body","Sweeping Beam"],"picked":"Conserve Battery","floor":5},{"not_picked":["Coolheaded","Recycle"],"picked":"Ball Lightning","floor":11},{"not_picked":["Coolheaded","Turbo"],"picked":"Echo Form","floor":12},{"not_picked":["Loop","Streamline"],"picked":"Conserve Battery","floor":13},{"not_picked":["Turbo","Lockon"],"picked":"Capacitor","floor":14},{"not_picked":["Hyperbeam","Core Surge"],"picked":"Seek","floor":16},{"not_picked":["Lockon","Compile Driver"],"picked":"Barrage","floor":18},{"not_picked":["Heatsinks","Streamline","Hello World"],"picked":"SKIP","floor":21},{"not_picked":["Force Field","Lockon"],"picked":"Reinforced Body+1","floor":24},{"not_picked":["Darkness","Leap"],"picked":"Chill+1","floor":29},{"not_picked":["Undo","Cold Snap"],"picked":"Consume","floor":30},{"not_picked":["Compile Driver","Undo"],"picked":"Rebound+1","floor":31},{"not_picked":["Thunder Strike","Biased Cognition"],"picked":"Creative AI","floor":33},{"not_picked":["Rebound","Streamline"],"picked":"Ball Lightning+1","floor":35},{"not_picked":["Barrage","Beam Cell+1","Genetic Algorithm+1"],"picked":"SKIP","floor":36},{"not_picked":["Beam Cell","Hyperbeam"],"picked":"White Noise+1","floor":37},{"not_picked":["Cold Snap+1","Doom and Gloom"],"picked":"BootSequence","floor":41},{"not_picked":["Perfected Strike","Rupture+1","Heavy Blade+1"],"picked":"SKIP","floor":47},{"not_picked":["Flash of Steel","Dark Shackles+1"],"picked":"Hologram+1","floor":48}],"player_experience":259287,"relics_obtained":[{"floor":9,"key":"Art of War"},{"floor":24,"key":"WingedGreaves"},{"floor":26,"key":"Mercury Hourglass"},{"floor":37,"key":"Turnip"},{"floor":43,"key":"Lantern"},{"floor":47,"key":"Unceasing Top"}],"event_choices":[{"event_name":"Golden Idol","player_choice":"Take Damage","floor":7,"damage_taken":0},{"event_name":"The Lab","player_choice":"Got Potions","floor":10,"damage_taken":0},{"event_name":"Back to Basics","player_choice":"Elegance","floor":19,"damage_taken":0},{"event_name":"The Mausoleum","player_choice":"Yes","floor":20,"damage_taken":0},{"event_name":"Drug Dealer","player_choice":"Became Test Subject","floor":22,"damage_taken":0},{"event_name":"Mysterious Sphere","player_choice":"Fight","floor":37,"damage_taken":0},{"event_name":"MindBloom","player_choice":"Gold","floor":39,"damage_taken":0},{"event_name":"The Moai Head","player_choice":"Heal","floor":45,"damage_taken":0}],"is_beta":false,"boss_relics":[{"not_picked":["Busted Crown","Runic Dome"],"picked":"Inserter"},{"not_picked":["Fusion Hammer","Pandora\u0027s Box"],"picked":"Empty Cage"}],"items_purged_floors":[38,44],"is_endless":false,"potions_floor_spawned":[1,11,13,16,18,29,30,36,41],"ascension_level":0}