{"gold_per_floor":[110,123,223,243,263,263,277,277,352,352,352,365,365,379,379,499,499,512,142,157,178,178],"floor_reached":22,"playtime":873,"items_purged":["Strike_B"],"score":252,"play_id":"1e39788a-1b3f-4e9c-a7fa-ec3b59892109","local_time":"20180808230011","is_ascension_mode":true,"campfire_choices":[{"data":"Redo","floor":6,"key":"SMITH"},{"data":"Sweeping Beam","floor":8,"key":"SMITH"},{"floor":15,"key":"REST"}],"neow_cost":"NONE","seed_source_timestamp":14195509443003,"circlet_count":0,"master_deck":["Strike_B","Strike_B","Defend_B","Defend_B","Defend_B","Defend_B","Zap+1","Dualcast","Sweeping Beam+1","Doom and Gloom","Redo+1","Hologram","Echo Form","Undo","Redo","Leap"],"relics":["Cracked Core","Pantograph","Omamori","Golden Idol","Nuclear Battery","Bottled Flame"],"potions_floor_usage":[16,20,21,22],"damage_taken":[{"damage":1,"enemies":"Cultist","floor":1,"turns":3},{"damage":0,"enemies":"2 Louse","floor":2,"turns":2},{"damage":10,"enemies":"Small Slimes","floor":4,"turns":3},{"damage":9,"enemies":"Red Slaver","floor":5,"turns":3},{"damage":14,"enemies":"Lots of Slimes","floor":7,"turns":2},{"damage":3,"enemies":"Looter","floor":12,"turns":2},{"damage":0,"enemies":"2 Fungi Beasts","floor":14,"turns":2},{"damage":41,"enemies":"Hexaghost","floor":16,"turns":9},{"damage":20,"enemies":"2 Thieves","floor":18,"turns":3},{"damage":3,"enemies":"Spheric Guardian","floor":20,"turns":4},{"damage":21,"enemies":"Snake Plant","floor":21,"turns":4},{"damage":17,"enemies":"Centurion and Healer","floor":22,"turns":2}],"seed_played":"-4862067403676395090","potions_obtained":[{"floor":4,"key":"Swift Potion"},{"floor":7,"key":"SteroidPotion"},{"floor":14,"key":"Energy Potion"},{"floor":16,"key":"Energy Potion"},{"floor":21,"key":"SneckoOil"}],"is_trial":false,"path_per_floor":["M","M","?","M","M","R","M","R","T","?","T","M","?","M","R","B",null,"M","$","M","M"],"character_chosen":"DEFECT","items_purchased":["Undo","Bottled Flame"],"campfire_rested":1,"item_purchase_floors":[19,19],"current_hp_per_floor":[67,67,67,57,48,48,34,34,34,34,34,31,31,31,51,28,59,39,39,36,15,0],"gold":178,"neow_bonus":"UPGRADE_CARD","is_prod":false,"is_daily":false,"chose_seed":false,"campfire_upgraded":2,"win_rate":0,"timestamp":1533736811,"path_taken":["M","?","?","M","M","R","M","R","T","?","?","M","?","M","R","BOSS","M","$","M","M","M"],"build_version":"2018-08-02","purchased_purges":1,"victory":false,"max_hp_per_floor":[75,75,75,75,75,75,75,75,75,75,75,75,69,69,69,69,69,69,69,69,69,69],"card_choices":[{"not_picked":["Hologram","Rip and Tear"],"picked":"Sweeping Beam","floor":1},{"not_picked":["Sweeping Beam","Heatsinks","Loop"],"picked":"SKIP","floor":2},{"not_picked":["Redo","Hologram"],"picked":"Doom and Gloom","floor":4},{"not_picked":["Coolheaded","Go for the Eyes"],"picked":"Redo","floor":5},{"not_picked":["Gash","Static Discharge"],"picked":"Hologram","floor":7},{"not_picked":["Compile Driver","Rainbow","Stack"],"picked":"SKIP","floor":12},{"not_picked":["Coolheaded","Steam","Force Field"],"picked":"SKIP","floor":14},{"not_picked":["Fission","Meteor Strike"],"picked":"Echo Form","floor":16},{"not_picked":["Turbo","Chaos+1","Reinforced Body"],"picked":"SKIP","floor":18},{"not_picked":["Compile Driver+1","Gash"],"picked":"Redo","floor":20},{"not_picked":["Barrage","Cold Snap"],"picked":"Leap","floor":21}],"player_experience":183706,"relics_obtained":[{"floor":9,"key":"Pantograph"},{"floor":11,"key":"Omamori"}],"event_choices":[{"event_name":"Golden Shrine","player_choice":"Pray","floor":3,"damage_taken":0},{"event_name":"Purifier","player_choice":"One Purge","floor":10,"damage_taken":0},{"event_name":"Golden Idol","player_choice":"Lose Max HP","floor":13,"damage_taken":0}],"is_beta":false,"boss_relics":[{"not_picked":["Fusion Hammer","Inserter"],"picked":"Nuclear Battery"}],"items_purged_floors":[19],"is_endless":false,"potions_floor_spawned":[4,7,14,16,18,21],"killed_by":"Centurion and Healer","ascension_level":8}