{"gold_per_floor":[118,43,55,66,81,107,107,140,140,140,140,150,12,40,40,116,116,89,89,0,0,20,20,39,39,66,85,85],"floor_reached":28,"playtime":1052,"items_purged":["Strike_B"],"score":445,"play_id":"42765232-6265-4fca-b811-c6720e5894b9","local_time":"20190928204719","is_ascension_mode":true,"campfire_choices":[{"floor":7,"key":"REST"},{"data":"Sunder","floor":10,"key":"SMITH"},{"floor":15,"key":"REST"},{"data":"Loop","floor":23,"key":"SMITH"},{"floor":25,"key":"REST"}],"neow_cost":"NONE","seed_source_timestamp":530621111841400,"circlet_count":0,"master_deck":["AscendersBane","Defend_B","Defend_B","Defend_B","Zap","Dualcast","Compile Driver","Sunder+1","Conserve Battery","Cold Snap","Loop+1","Conserve Battery","Rebound","Good Instincts","Gash","Core Surge","Gash","Ghostly","Ghostly","Ghostly","Capacitor","Turbo","BootSequence","Glacier","BootSequence"],"relics":["Cracked Core","Bottled Lightning","The Courier","Cables","Sundial","Odd Mushroom","Empty Cage","Art of War"],"potions_floor_usage":[8],"damage_taken":[{"damage":0,"enemies":"Small Slimes","floor":1,"turns":3},{"damage":2,"enemies":"Jaw Worm","floor":3,"turns":4},{"damage":3,"enemies":"2 Louse","floor":4,"turns":2},{"damage":18,"enemies":"Large Slime","floor":5,"turns":5},{"damage":25,"enemies":"Lagavulin","floor":6,"turns":8},{"damage":14,"enemies":"3 Sentries","floor":8,"turns":5},{"damage":2,"enemies":"Looter","floor":12,"turns":3},{"damage":0,"enemies":"The Mushroom Lair","floor":14,"turns":3},{"damage":23,"enemies":"The Guardian","floor":16,"turns":10},{"damage":24,"enemies":"2 Thieves","floor":18,"turns":4},{"damage":11,"enemies":"Shell Parasite","floor":22,"turns":6},{"damage":7,"enemies":"Shelled Parasite and Fungi","floor":24,"turns":8},{"damage":5,"enemies":"Centurion and Healer","floor":27,"turns":9},{"damage":20,"enemies":"Snecko","floor":28,"turns":3}],"seed_played":"3713875844960945438","potions_obtained":[{"floor":1,"key":"Dexterity Potion"},{"floor":3,"key":"Explosive Potion"},{"floor":14,"key":"Swift Potion"}],"is_trial":false,"path_per_floor":["M","?","M","M","M","E","R","E","T","R","?","M","$","?","R","B",null,"M","?","?","?","M","R","M","R","T","M","M"],"character_chosen":"DEFECT","items_purchased":["Good Instincts"],"campfire_rested":3,"item_purchase_floors":[13],"current_hp_per_floor":[64,64,62,59,41,16,37,23,23,23,18,16,16,16,37,14,57,33,33,33,33,22,22,15,25,25,20,0],"gold":85,"neow_bonus":"REMOVE_CARD","is_prod":false,"is_daily":false,"chose_seed":false,"campfire_upgraded":2,"win_rate":0,"timestamp":1569671239,"path_taken":["M","?","M","M","M","E","R","E","T","R","?","M","$","?","R","BOSS","M","?","?","?","M","R","M","R","T","M","M"],"build_version":"2019-07-17","purchased_purges":1,"victory":false,"max_hp_per_floor":[71,71,71,71,71,71,71,71,71,71,71,71,71,71,71,71,71,71,35,35,35,35,35,35,35,35,35,35],"card_choices":[{"not_picked":["Chaos","Go for the Eyes"],"picked":"Compile Driver","floor":1},{"not_picked":["Streamline","Cold Snap"],"picked":"Sunder","floor":3},{"not_picked":["Go for the Eyes","Chaos"],"picked":"Conserve Battery","floor":4},{"not_picked":["Beam Cell","Hologram"],"picked":"Cold Snap","floor":5},{"not_picked":["Rebound","Storm"],"picked":"Loop","floor":6},{"not_picked":["Redo","Hyperbeam"],"picked":"Conserve Battery","floor":8},{"not_picked":["Coolheaded","Gash"],"picked":"Rebound","floor":12},{"not_picked":["Heatsinks","Hologram"],"picked":"Gash","floor":14},{"not_picked":["Thunder Strike","Machine Learning"],"picked":"Core Surge","floor":16},{"not_picked":["Lockon","Compile Driver"],"picked":"Gash","floor":18},{"not_picked":["Turbo","Tempest"],"picked":"BootSequence","floor":22},{"not_picked":["Redo","BootSequence"],"picked":"Glacier","floor":24},{"not_picked":["Stack","Heatsinks"],"picked":"BootSequence","floor":27}],"player_experience":514222,"relics_obtained":[{"floor":6,"key":"Bottled Lightning"},{"floor":8,"key":"The Courier"},{"floor":9,"key":"Cables"},{"floor":14,"key":"Odd Mushroom"},{"floor":26,"key":"Art of War"}],"event_choices":[{"cards_removed":["Strike_B"],"damage_healed":0,"gold_gain":0,"player_choice":"Card Removal","damage_taken":0,"max_hp_gain":0,"max_hp_loss":0,"event_name":"The Cleric","floor":2,"gold_loss":75},{"damage_healed":0,"gold_gain":0,"player_choice":"Success","damage_taken":5,"relics_obtained":["Sundial"],"max_hp_gain":0,"max_hp_loss":0,"event_name":"Scrap Ooze","floor":11,"gold_loss":0},{"damage_healed":0,"gold_gain":0,"player_choice":"Fought Mushrooms","damage_taken":0,"max_hp_gain":0,"max_hp_loss":0,"event_name":"Mushrooms","floor":14,"gold_loss":0},{"damage_healed":0,"gold_gain":0,"player_choice":"Became a Ghost","damage_taken":0,"max_hp_gain":0,"max_hp_loss":36,"event_name":"Ghosts","floor":19,"gold_loss":0,"cards_obtained":["Ghostly","Ghostly","Ghostly"]},{"damage_healed":0,"gold_gain":0,"player_choice":"Paid Fearfully","damage_taken":0,"max_hp_gain":0,"max_hp_loss":0,"event_name":"Masked Bandits","floor":20,"gold_loss":89},{"damage_healed":0,"gold_gain":0,"player_choice":"2 cards matched","damage_taken":0,"max_hp_gain":0,"max_hp_loss":0,"event_name":"Match and Keep!","floor":21,"gold_loss":0,"cards_obtained":["Capacitor","Turbo"]}],"is_beta":false,"boss_relics":[{"not_picked":["Fusion Hammer","Runic Dome"],"picked":"Empty Cage"}],"items_purged_floors":[13],"is_endless":false,"potions_floor_spawned":[1,3,5,14,27],"killed_by":"Snecko","ascension_level":19}