{"gold_per_floor":[20,38,38,38,38,53,53,69,69,15,15,15,58,83,83,83],"floor_reached":16,"playtime":1104,"items_purged":[],"score":200,"play_id":"a5f00bd4-4ee7-4494-bc6d-fefceeae374d","local_time":"20190320165051","is_ascension_mode":true,"campfire_choices":[{"data":"Uppercut","floor":7,"key":"SMITH"},{"data":"Havoc","floor":11,"key":"SMITH"},{"data":"Seeing Red","floor":15,"key":"SMITH"}],"neow_cost":"NO_GOLD","seed_source_timestamp":194852028354900,"circlet_count":0,"master_deck":["AscendersBane","Strike_R","Strike_R","Strike_R","Strike_R","Defend_R","Defend_R","Defend_R","Defend_R","Bash","Dropkick","Havoc+1","Uppercut+1","Pommel Strike","Headbutt","Seeing Red+1"],"relics":["Burning Blood","Charon\u0027s Ashes","Meat on the Bone","Golden Idol","Ornamental Fan"],"potions_floor_usage":[13,16,16],"damage_taken":[{"damage":11,"enemies":"Small Slimes","floor":1,"turns":3},{"damage":9,"enemies":"Jaw Worm","floor":2,"turns":4},{"damage":1,"enemies":"Cultist","floor":6,"turns":4},{"damage":1,"enemies":"2 Fungi Beasts","floor":8,"turns":4},{"damage":22,"enemies":"3 Sentries","floor":13,"turns":5},{"damage":9,"enemies":"Red Slaver","floor":14,"turns":2},{"damage":44,"enemies":"The Guardian","floor":16,"turns":9}],"seed_played":"4138289003032788901","potions_obtained":[{"floor":6,"key":"GamblersBrew"},{"floor":8,"key":"Explosive Potion"},{"floor":13,"key":"PowerPotion"},{"floor":14,"key":"Block Potion"}],"is_trial":false,"path_per_floor":["M","M","$","?","?","M","R","M","T","$","R","?","E","M","R","B"],"character_chosen":"IRONCLAD","items_purchased":["Headbutt"],"campfire_rested":0,"item_purchase_floors":[10],"current_hp_per_floor":[63,60,60,60,53,58,58,63,63,63,63,63,47,44,44,0],"gold":83,"neow_bonus":"ONE_RARE_RELIC","is_prod":false,"is_daily":false,"chose_seed":false,"campfire_upgraded":3,"win_rate":0,"timestamp":1553089851,"path_taken":["M","M","$","?","?","M","R","M","T","$","R","?","E","M","R","BOSS"],"build_version":"2019-01-23","purchased_purges":0,"victory":false,"max_hp_per_floor":[75,75,75,75,75,75,75,75,75,75,75,68,68,68,68,68],"card_choices":[{"not_picked":["Armaments","Flex"],"picked":"Dropkick","floor":1},{"not_picked":["Second Wind","Perfected Strike"],"picked":"Havoc","floor":2},{"not_picked":["Headbutt","Rage"],"picked":"Uppercut","floor":6},{"not_picked":["Sword Boomerang","Rage"],"picked":"Pommel Strike","floor":8},{"not_picked":["Fire Breathing","Sever Soul","Burning Pact"],"picked":"SKIP","floor":13},{"not_picked":["Heavy Blade","Evolve"],"picked":"Seeing Red","floor":14}],"player_experience":960320,"relics_obtained":[{"floor":9,"key":"Meat on the Bone"},{"floor":13,"key":"Ornamental Fan"}],"event_choices":[{"damage_healed":0,"gold_gain":0,"player_choice":"Ignored","damage_taken":0,"max_hp_gain":0,"max_hp_loss":0,"event_name":"Liars Game","floor":4,"gold_loss":0},{"cards_removed":["Strike_R"],"damage_healed":0,"gold_gain":0,"player_choice":"Card Removal","damage_taken":7,"max_hp_gain":0,"max_hp_loss":0,"event_name":"Golden Wing","floor":5,"gold_loss":0},{"damage_healed":0,"gold_gain":0,"player_choice":"Lose Max HP","damage_taken":0,"relics_obtained":["Golden Idol"],"max_hp_gain":0,"max_hp_loss":7,"event_name":"Golden Idol","floor":12,"gold_loss":0}],"is_beta":false,"boss_relics":[],"items_purged_floors":[],"is_endless":false,"potions_floor_spawned":[6,8,13,14],"killed_by":"The Guardian","ascension_level":20}