{"gold_per_floor":[114,130,205,205,13,13,28,54,104,104,116,143,163,182,182,256,256,268,318,318,45,58,77,77],"floor_reached":24,"playtime":1692,"items_purged":["Strike_G"],"score":374,"play_id":"831c520d-b913-4651-a5b8-4fade8153923","local_time":"20190808150922","is_ascension_mode":true,"campfire_choices":[{"floor":6,"key":"REST"},{"floor":10,"key":"REST"},{"floor":15,"key":"REST"}],"neow_cost":"NONE","seed_source_timestamp":15721649711356,"circlet_count":0,"master_deck":["AscendersBane","Strike_G","Strike_G","Strike_G","Defend_G","Defend_G+1","Defend_G+1","Defend_G","Defend_G","Survivor","Neutralize","Endless Agony","Backstab","Dagger Throw","Poisoned Stab","Cloak And Dagger","Flying Knee","Terror","Glass Knife","Acrobatics","Noxious Fumes","Footwork","Catalyst"],"relics":["Ring of the Snake","Lantern","Pen Nib","The Courier","Snecko Eye","Matryoshka"],"potions_floor_usage":[8,8,12,16,24,24],"damage_taken":[{"damage":1,"enemies":"Small Slimes","floor":1,"turns":5},{"damage":4,"enemies":"Jaw Worm","floor":2,"turns":6},{"damage":0,"enemies":"2 Louse","floor":7,"turns":3},{"damage":23,"enemies":"Lagavulin","floor":8,"turns":5},{"damage":0,"enemies":"Looter","floor":11,"turns":2},{"damage":9,"enemies":"3 Sentries","floor":12,"turns":9},{"damage":0,"enemies":"2 Fungi Beasts","floor":13,"turns":1},{"damage":1,"enemies":"Red Slaver","floor":14,"turns":3},{"damage":27,"enemies":"Slime Boss","floor":16,"turns":11},{"damage":9,"enemies":"Shell Parasite","floor":18,"turns":4},{"damage":17,"enemies":"3 Byrds","floor":22,"turns":5},{"damage":14,"enemies":"Sentry and Sphere","floor":23,"turns":6},{"damage":33,"enemies":"Slavers","floor":24,"turns":5}],"seed_played":"1430903437653863372","potions_obtained":[{"floor":7,"key":"Dexterity Potion"},{"floor":11,"key":"GamblersBrew"},{"floor":14,"key":"LiquidBronze"},{"floor":16,"key":"Regen Potion"},{"floor":18,"key":"Poison Potion"}],"is_trial":false,"path_per_floor":["M","M","?","?","$","R","M","E","T","R","M","E","M","M","R","B",null,"M","?","?","$","M","M","E"],"character_chosen":"THE_SILENT","items_purchased":["Backstab","FearPotion","Dagger Throw","Matryoshka"],"campfire_rested":3,"item_purchase_floors":[5,5,5,21],"current_hp_per_floor":[58,54,43,23,23,42,42,19,19,38,38,29,29,28,47,20,55,46,46,46,46,29,15,0],"gold":77,"neow_bonus":"REMOVE_CARD","is_prod":false,"is_daily":false,"chose_seed":false,"campfire_upgraded":0,"win_rate":0,"timestamp":1565269762,"path_taken":["M","M","?","?","$","R","M","E","T","R","M","E","M","M","R","BOSS","M","?","?","$","M","M","E"],"build_version":"2019-07-17","purchased_purges":1,"victory":false,"max_hp_per_floor":[66,66,66,66,66,66,66,66,66,66,66,66,66,66,66,66,66,66,66,66,66,66,66,66],"card_choices":[{"not_picked":["Prepared","Calculated Gamble","Dodge and Roll"],"picked":"SKIP","floor":1},{"not_picked":["Concentrate","Dagger Throw"],"picked":"Endless Agony","floor":2},{"not_picked":["Endless Agony","Accuracy"],"picked":"Poisoned Stab","floor":7},{"not_picked":["A Thousand Cuts","Quick Slash"],"picked":"Cloak And Dagger","floor":8},{"not_picked":["Caltrops","Terror"],"picked":"Flying Knee","floor":11},{"not_picked":["Dodge and Roll","Sucker Punch"],"picked":"Terror","floor":12},{"not_picked":["Outmaneuver","Underhanded Strike","Dagger Throw"],"picked":"SKIP","floor":13},{"not_picked":["Prepared","Flying Knee","Blade Dance"],"picked":"SKIP","floor":14},{"not_picked":["Storm of Steel","Envenom"],"picked":"Glass Knife","floor":16},{"not_picked":["Quick Slash","Bane+1"],"picked":"Acrobatics","floor":18},{"not_picked":["Finisher","Acrobatics"],"picked":"Footwork","floor":22},{"not_picked":["Dagger Throw","Quick Slash+1"],"picked":"Catalyst","floor":23}],"player_experience":765731,"relics_obtained":[{"floor":8,"key":"Lantern"},{"floor":9,"key":"Pen Nib"},{"floor":12,"key":"The Courier"}],"event_choices":[{"damage_healed":0,"gold_gain":75,"player_choice":"Gather Gold","damage_taken":11,"max_hp_gain":0,"max_hp_loss":0,"event_name":"World of Goop","floor":3,"gold_loss":0},{"damage_healed":0,"gold_gain":0,"player_choice":"Entered Light","damage_taken":20,"max_hp_gain":0,"max_hp_loss":0,"event_name":"Shining Light","floor":4,"gold_loss":0,"cards_upgraded":["Defend_G","Defend_G"]},{"damage_healed":0,"gold_gain":50,"player_choice":"Stole From Cult","damage_taken":0,"max_hp_gain":0,"max_hp_loss":0,"event_name":"Nest","floor":19,"gold_loss":0},{"damage_healed":0,"gold_gain":0,"player_choice":"Read","damage_taken":0,"max_hp_gain":0,"max_hp_loss":0,"event_name":"The Library","floor":20,"gold_loss":0,"cards_obtained":["Noxious Fumes"]}],"is_beta":false,"boss_relics":[{"not_picked":["White Beast Statue","Runic Dome"],"picked":"Snecko Eye"}],"items_purged_floors":[21],"is_endless":false,"potions_floor_spawned":[7,11,14,16,18],"killed_by":"Slavers","ascension_level":16}