{"gold_per_floor":[366,11,22,34,34,64,80,80,155,155,0,12,12,12,12,112,112,132,132,132,112,132,132,160,160,160,14,46,146,164,209,209,307,307,326,343,358,374,384,384,384,395,395,409,427,439,449,463,463,463],"floor_reached":51,"playtime":2635,"items_purged":["Strike_G","Strike_G+1"],"score":920,"play_id":"6c3248d5-c001-4853-8cf8-ec80c6406137","local_time":"20190419121820","is_ascension_mode":false,"campfire_choices":[{"floor":8,"key":"REST"},{"data":"Noxious Fumes","floor":13,"key":"SMITH"},{"data":"Neutralize","floor":15,"key":"SMITH"},{"data":"Tools of the Trade","floor":23,"key":"SMITH"},{"data":"Catalyst","floor":25,"key":"SMITH"},{"data":"Strike_G+1","floor":32,"key":"PURGE"},{"data":"Strike_G+1","floor":40,"key":"PURGE"},{"data":"Strike_G+1","floor":49,"key":"PURGE"}],"neow_cost":"PERCENT_DAMAGE","seed_source_timestamp":967938581546700,"circlet_count":0,"master_deck":["Defend_G+1","Defend_G+1","Defend_G+1","Defend_G+1","Defend_G+1","Survivor","Neutralize+1","Noxious Fumes+1","Poisoned Stab","Deflect","Deflect","Backflip","Tools of the Trade+1","Catalyst+1","Ghostly","Ghostly","Ghostly","Ghostly","Ghostly","Poisoned Stab","Catalyst+1","Poisoned Stab","Catalyst+1","Bouncing Flask+1","Poisoned Stab+1","Crippling Poison+1","Crippling Poison","Poisoned Stab+1"],"relics":["Ring of the Serpent","Tiny Chest","WingedGreaves","Boot","Mercury Hourglass","Kunai","Bag of Preparation","Mango","Pen Nib","Orichalcum","Peace Pipe","Molten Egg 2","Happy Flower","Sozu","Blue Candle"],"potions_floor_usage":[6,28,50],"damage_taken":[{"damage":6,"enemies":"Jaw Worm","floor":1,"turns":8},{"damage":1,"enemies":"Cultist","floor":3,"turns":4},{"damage":0,"enemies":"2 Louse","floor":4,"turns":2},{"damage":8,"enemies":"Lagavulin","floor":6,"turns":7},{"damage":5,"enemies":"Looter","floor":7,"turns":3},{"damage":0,"enemies":"Exordium Wildlife","floor":12,"turns":5},{"damage":19,"enemies":"The Guardian","floor":16,"turns":10},{"damage":14,"enemies":"Spheric Guardian","floor":18,"turns":6},{"damage":1,"enemies":"2 Thieves","floor":21,"turns":4},{"damage":0,"enemies":"Snecko","floor":22,"turns":5},{"damage":5,"enemies":"Gremlin Leader","floor":24,"turns":9},{"damage":0,"enemies":"Slavers","floor":28,"turns":6},{"damage":0,"enemies":"Colosseum Slavers","floor":29,"turns":5},{"damage":0,"enemies":"Colosseum Nobs","floor":29,"turns":5},{"damage":0,"enemies":"Shelled Parasite and Fungi","floor":30,"turns":4},{"damage":0,"enemies":"Collector","floor":33,"turns":6},{"damage":0,"enemies":"3 Shapes","floor":35,"turns":5},{"damage":0,"enemies":"3 Darklings","floor":36,"turns":4},{"damage":0,"enemies":"Spire Growth","floor":37,"turns":4},{"damage":0,"enemies":"Writhing Mass","floor":38,"turns":4},{"damage":0,"enemies":"Transient","floor":39,"turns":5},{"damage":0,"enemies":"4 Shapes","floor":42,"turns":4},{"damage":0,"enemies":"Sphere and 2 Shapes","floor":44,"turns":6},{"damage":0,"enemies":"Writhing Mass","floor":45,"turns":4},{"damage":0,"enemies":"4 Shapes","floor":46,"turns":6},{"damage":0,"enemies":"Spire Growth","floor":47,"turns":3},{"damage":0,"enemies":"Sphere and 2 Shapes","floor":48,"turns":4},{"damage":0,"enemies":"Awakened One","floor":50,"turns":11}],"seed_played":"-1636653850814631779","potions_obtained":[{"floor":1,"key":"Strength Potion"},{"floor":7,"key":"Weak Potion"},{"floor":12,"key":"Block Potion"},{"floor":22,"key":"SkillPotion"},{"floor":28,"key":"Ancient Potion"}],"is_trial":false,"path_per_floor":["M","$","M","M","?","E","M","R","T","T","$","M","R","$","R","B",null,"M","?","?","M","M","R","E","R","T","$","E","?","M","T","R","B",null,"M","M","M","M","M","R","?","M","T","M","M","M","M","M","R","B",null],"character_chosen":"THE_SILENT","items_purchased":["Noxious Fumes","Tiny Chest","Bane","Poison Potion","Bag of Preparation","Poisoned Stab"],"campfire_rested":1,"item_purchase_floors":[2,2,2,2,11,27],"current_hp_per_floor":[43,43,42,42,42,34,29,50,50,50,50,50,50,50,50,31,70,56,56,35,34,34,34,43,43,43,43,43,43,43,43,43,43,49,49,49,49,49,49,49,49,49,49,49,49,49,49,49,49,49],"gold":463,"neow_bonus":"TWO_FIFTY_GOLD","is_prod":false,"is_daily":false,"chose_seed":false,"campfire_upgraded":4,"win_rate":0,"timestamp":1555665500,"path_taken":["M","$","M","M","?","E","?","R","T","?","?","?","R","?","R","BOSS","M","?","?","M","M","R","E","R","T","$","E","?","?","?","R","BOSS","M","M","M","M","M","R","?","M","T","M","M","M","M","M","R","BOSS"],"build_version":"2019-01-23","purchased_purges":2,"victory":true,"max_hp_per_floor":[70,70,70,70,70,70,70,70,70,70,70,70,70,70,70,70,70,70,70,35,35,35,35,49,49,49,49,49,49,49,49,49,49,49,49,49,49,49,49,49,49,49,49,49,49,49,49,49,49,49],"card_choices":[{"not_picked":["Choke","Dagger Throw"],"picked":"Leg Sweep","floor":1},{"not_picked":["Endless Agony","Deflect"],"picked":"Poisoned Stab","floor":3},{"not_picked":["Distraction","Skewer","Leg Sweep"],"picked":"SKIP","floor":4},{"not_picked":["Accuracy","Dodge and Roll"],"picked":"Deflect","floor":6},{"not_picked":["Eviscerate","Blade Dance"],"picked":"Deflect","floor":7},{"not_picked":["Underhanded Strike","Outmaneuver"],"picked":"Backflip","floor":12},{"not_picked":["Burst","Unload"],"picked":"Tools of the Trade","floor":16},{"not_picked":["Deflect+1","Cloak And Dagger"],"picked":"Catalyst+1","floor":18},{"not_picked":["Quick Slash","Outmaneuver","Finisher"],"picked":"SKIP","floor":21},{"not_picked":["Backstab","Bane"],"picked":"Poisoned Stab","floor":22},{"not_picked":["Riddle With Holes","Backflip"],"picked":"Catalyst","floor":24},{"not_picked":["Venomology","Underhanded Strike","Prepared"],"picked":"SKIP","floor":28},{"not_picked":["Setup","Flying Knee"],"picked":"Catalyst+1","floor":29},{"not_picked":["Calculated Gamble","Deflect"],"picked":"Bouncing Flask+1","floor":30},{"not_picked":["Terror+1","PiercingWail+1"],"picked":"Poisoned Stab+1","floor":35},{"not_picked":["Dodge and Roll","Quick Slash+1","Dagger Spray+1"],"picked":"SKIP","floor":36},{"not_picked":["Setup+1","PiercingWail+1","Dagger Spray+1"],"picked":"SKIP","floor":37},{"not_picked":["Poisoned Stab+1","Expertise+1","Skewer+1"],"picked":"SKIP","floor":38},{"not_picked":["Deflect","Prepared+1","Cloak And Dagger"],"picked":"SKIP","floor":39},{"not_picked":["Deflect","Prepared+1","Cloak And Dagger"],"picked":"SKIP","floor":39},{"not_picked":["Heel Hook+1","Outmaneuver","Concentrate"],"picked":"SKIP","floor":42},{"not_picked":["Reflex+1","Leg Sweep","Flying Knee+1"],"picked":"SKIP","floor":44},{"not_picked":["Endless Agony+1","A Thousand Cuts","Expertise"],"picked":"SKIP","floor":45},{"not_picked":["Backflip","Dagger Spray+1"],"picked":"Crippling Poison+1","floor":46},{"not_picked":["Dagger Throw+1","Sucker Punch+1"],"picked":"Crippling Poison","floor":47},{"not_picked":["Skewer+1","Underhanded Strike+1"],"picked":"Poisoned Stab+1","floor":48}],"player_experience":1199259,"relics_obtained":[{"floor":6,"key":"Boot"},{"floor":9,"key":"Mercury Hourglass"},{"floor":10,"key":"Kunai"},{"floor":24,"key":"Mango"},{"floor":26,"key":"Pen Nib"},{"floor":28,"key":"Orichalcum"},{"floor":29,"key":"Peace Pipe"},{"floor":29,"key":"Molten Egg 2"},{"floor":31,"key":"Happy Flower"},{"floor":43,"key":"Blue Candle"}],"event_choices":[{"cards_removed":["Leg Sweep"],"damage_healed":0,"gold_gain":0,"player_choice":"Gave Card","damage_taken":0,"relics_obtained":["WingedGreaves"],"max_hp_gain":0,"max_hp_loss":0,"event_name":"WeMeetAgain","floor":5,"gold_loss":0},{"damage_healed":0,"gold_gain":0,"player_choice":"Simplicity","damage_taken":0,"max_hp_gain":0,"max_hp_loss":0,"event_name":"Back to Basics","floor":19,"gold_loss":0,"cards_upgraded":["Defend_G","Defend_G","Defend_G","Defend_G","Defend_G","Strike_G","Strike_G","Strike_G","Strike_G"]},{"damage_healed":0,"gold_gain":0,"player_choice":"Became a Ghost","damage_taken":0,"max_hp_gain":0,"max_hp_loss":35,"event_name":"Ghosts","floor":20,"gold_loss":0,"cards_obtained":["Ghostly","Ghostly","Ghostly","Ghostly","Ghostly"]},{"damage_healed":0,"gold_gain":0,"player_choice":"Fight","damage_taken":0,"max_hp_gain":0,"max_hp_loss":0,"event_name":"Colosseum","floor":29,"gold_loss":0},{"damage_healed":0,"gold_gain":0,"player_choice":"Fought Nobs","damage_taken":0,"max_hp_gain":0,"max_hp_loss":0,"event_name":"Colosseum","floor":29,"gold_loss":0},{"cards_removed":["Bane"],"damage_healed":0,"gold_gain":0,"player_choice":"Removed Attack","damage_taken":0,"max_hp_gain":0,"max_hp_loss":0,"event_name":"Falling","floor":41,"gold_loss":0}],"is_beta":false,"boss_relics":[{"not_picked":["Astrolabe","Lizard Tail"],"picked":"Ring of the Serpent"},{"not_picked":["Empty Cage","Cursed Key"],"picked":"Sozu"}],"items_purged_floors":[2,27],"is_endless":false,"potions_floor_spawned":[1,7,12,16,22,24,28,29,36,38,39,42,46,47],"ascension_level":0}