{"gold_per_floor":[112,112,132,142,31,31,63,63,63,63,63,74,74,103,103,177,177,194,210,210,226,32,32,61,74,98,123,123,150,150,150,150,227,227,247,260,9,29,41,66,66,84,84,4,18,48,48,61,61,61,61],"floor_reached":51,"playtime":3117,"items_purged":["Strike_G","Strike_G"],"score":1725,"play_id":"ebd79911-9188-4f64-ae2b-6a9c1f2e6ecc","local_time":"20190520123204","is_ascension_mode":true,"campfire_choices":[{"data":"Bouncing Flask","floor":6.0,"key":"SMITH"},{"data":"Poisoned Stab","floor":8.0,"key":"SMITH"},{"data":"Neutralize","floor":11.0,"key":"SMITH"},{"floor":15.0,"key":"REST"},{"data":"Apotheosis","floor":23.0,"key":"SMITH"},{"data":"Footwork","floor":32.0,"key":"SMITH"},{"floor":49,"key":"RECALL"}],"neow_cost":"NONE","seed_source_timestamp":683454380328800,"circlet_count":0,"master_deck":["AscendersBane","Defend_G","Defend_G","Defend_G","Defend_G","Defend_G","Strike_G","Survivor","Neutralize+1","Poisoned Stab+1","Cloak And Dagger","Bouncing Flask+1","Footwork+1","Dodge and Roll","Deflect","PiercingWail","Corpse Explosion","PiercingWail","Crippling Poison","Crippling Poison","Apotheosis+1","Night Terror","PiercingWail","PiercingWail","Footwork","Wraith Form v2","Acrobatics","Catalyst","Well Laid Plans","Acrobatics","Calculated Gamble","Deflect","PiercingWail+1","Parasite"],"special_seed":0,"relics":["Ring of the Snake","NeowsBlessing","Boot","Happy Flower","Coffee Dripper","Oddly Smooth Stone","Omamori","Pantograph","Meat on the Bone","Philosopher\u0027s Stone","ClockworkSouvenir","The Courier","Orichalcum","Blue Candle"],"potions_floor_usage":[51],"damage_taken":[{"damage":0.0,"enemies":"Jaw Worm","floor":1.0,"turns":1.0},{"damage":0.0,"enemies":"2 Louse","floor":3.0,"turns":1.0},{"damage":0.0,"enemies":"Small Slimes","floor":4.0,"turns":1.0},{"damage":21.0,"enemies":"Lagavulin","floor":7.0,"turns":5.0},{"damage":4.0,"enemies":"Looter","floor":12.0,"turns":4.0},{"damage":14.0,"enemies":"3 Sentries","floor":14.0,"turns":11.0},{"damage":48.0,"enemies":"Slime Boss","floor":16.0,"turns":15.0},{"damage":2.0,"enemies":"Spheric Guardian","floor":18.0,"turns":4.0},{"damage":3.0,"enemies":"Chosen","floor":19.0,"turns":5.0},{"damage":3.0,"enemies":"Snake Plant","floor":21.0,"turns":5.0},{"damage":15.0,"enemies":"Gremlin Leader","floor":24.0,"turns":6.0},{"damage":8.0,"enemies":"3 Cultists","floor":25.0,"turns":5.0},{"damage":18.0,"enemies":"Book of Stabbing","floor":27.0,"turns":7.0},{"damage":0.0,"enemies":"Slavers","floor":29.0,"turns":3.0},{"damage":0.0,"enemies":"Colosseum Slavers","floor":30.0,"turns":4.0},{"damage":0.0,"enemies":"Automaton","floor":33.0,"turns":13.0},{"damage":0.0,"enemies":"3 Shapes","floor":35.0,"turns":3.0},{"damage":0.0,"enemies":"Orb Walker","floor":36.0,"turns":5.0},{"damage":0.0,"enemies":"Maw","floor":38.0,"turns":3.0},{"damage":1.0,"enemies":"Writhing Mass","floor":39.0,"turns":7.0},{"damage":38,"enemies":"Reptomancer","floor":40,"turns":11},{"damage":0,"enemies":"4 Shapes","floor":42,"turns":4},{"damage":5,"enemies":"Spire Growth","floor":45,"turns":5},{"damage":0,"enemies":"Nemesis","floor":46,"turns":5},{"damage":19,"enemies":"Writhing Mass","floor":48,"turns":5},{"damage":26,"enemies":"Time Eater","floor":50,"turns":15},{"damage":70,"enemies":"Awakened One","floor":51,"turns":4}],"seed_played":"4143316830949626294","potions_obtained":[{"floor":3.0,"key":"Energy Potion"},{"floor":4.0,"key":"PowerPotion"},{"floor":14.0,"key":"PowerPotion"},{"floor":16.0,"key":"GhostInAJar"},{"floor":21.0,"key":"Energy Potion"},{"floor":24.0,"key":"SneckoOil"},{"floor":29.0,"key":"Swift Potion"},{"floor":36.0,"key":"Ancient Potion"}],"is_trial":false,"path_per_floor":["M","?","M","M","$","R","E","R","T","?","R","M","?","E","R","B",null,"M","M","?","M","$","R","E","M","T","E","?","E","?","?","R","B",null,"M","M","$","M","M","E","?","M","T","$","M","E","?","M","R","B","B"],"character_chosen":"THE_SILENT","items_purchased":["Footwork","Apotheosis","ClockworkSouvenir","Well Laid Plans"],"campfire_rested":1,"item_purchase_floors":[5,22,37,37],"current_hp_per_floor":[59,52,52,52,52,52,31,31,31,31,31,27,49,35,54,6,51,49,46,46,43,43,43,28,20,20,2,2,2,14,14,14,39,59,59,59,59,59,58,32,32,44,44,44,39,39,52,45,45,40,0],"gold":61,"neow_bonus":"THREE_ENEMY_KILL","is_prod":false,"is_daily":false,"chose_seed":false,"campfire_upgraded":5,"win_rate":0,"timestamp":1558344724,"path_taken":["M","?","M","M","$","R","E","R","T","?","R","M","?","E","R","BOSS","M","M","?","?","$","R","E","M","T","E","?","E","?","?","R","BOSS","M","?","$","M","M","E","?","M","T","?","M","E","?","M","R","BOSS","BOSS"],"build_version":"2019-01-23","purchased_purges":2,"victory":false,"max_hp_per_floor":[66,66,66,66,66,66,66,66,66,66,66,66,66,66,66,66,66,66,66,66,66,66,66,66,66,66,66,66,66,66,66,66,66,66,66,66,66,66,66,66,66,66,66,66,66,66,66,66,66,66,66],"card_choices":[{"not_picked":["Outmaneuver","Flying Knee"],"picked":"Poisoned Stab","floor":1.0},{"not_picked":["Outmaneuver","Skewer"],"picked":"Cloak And Dagger","floor":3.0},{"not_picked":["Outmaneuver","Slice"],"picked":"Bouncing Flask","floor":4.0},{"not_picked":["Blade Dance","Cloak And Dagger"],"picked":"Dodge and Roll","floor":7.0},{"not_picked":["Flechettes","Slice"],"picked":"Deflect","floor":12.0},{"not_picked":["Underhanded Strike","Reflex"],"picked":"PiercingWail","floor":14.0},{"not_picked":["Glass Knife","Tools of the Trade"],"picked":"Corpse Explosion","floor":16.0},{"not_picked":["Cloak And Dagger","Dash"],"picked":"PiercingWail","floor":18.0},{"not_picked":["Prepared","Backflip"],"picked":"Crippling Poison","floor":19.0},{"not_picked":["Eviscerate","Underhanded Strike"],"picked":"Crippling Poison","floor":21.0},{"not_picked":["Backflip","Slice"],"picked":"Night Terror","floor":24.0},{"not_picked":["Quick Slash","Expertise"],"picked":"PiercingWail","floor":25.0},{"not_picked":["Noxious Fumes","Deflect"],"picked":"PiercingWail","floor":27.0},{"not_picked":["Flying Knee","Blade Dance","Predator"],"picked":"SKIP","floor":29.0},{"not_picked":["Flying Knee","Blade Dance","Predator"],"picked":"SKIP","floor":29.0},{"not_picked":["Die Die Die","Unload"],"picked":"Wraith Form v2","floor":33.0},{"not_picked":["Sucker Punch","Choke"],"picked":"Acrobatics","floor":35.0},{"not_picked":["Acrobatics","Endless Agony"],"picked":"Catalyst","floor":36.0},{"not_picked":["Concentrate","Choke","Skewer"],"picked":"SKIP","floor":38.0},{"not_picked":["All Out Attack","Outmaneuver"],"picked":"Acrobatics","floor":39.0},{"not_picked":["Dagger Spray","Dagger Throw+1","Expertise"],"picked":"SKIP","floor":40},{"not_picked":["Reflex","Endless Agony"],"picked":"PiercingWail+1","floor":42},{"not_picked":["Acrobatics","Poisoned Stab","Flying Knee"],"picked":"SKIP","floor":45},{"not_picked":["Predator","Dash","Eviscerate"],"picked":"SKIP","floor":46},{"not_picked":["Backstab","Deflect+1","Prepared+1"],"picked":"SKIP","floor":48}],"player_experience":1319614,"relics_obtained":[{"floor":7.0,"key":"Boot"},{"floor":14.0,"key":"Happy Flower"},{"floor":24.0,"key":"Oddly Smooth Stone"},{"floor":26.0,"key":"Omamori"},{"floor":27.0,"key":"Pantograph"},{"floor":29.0,"key":"Meat on the Bone"},{"floor":40,"key":"The Courier"},{"floor":43,"key":"Orichalcum"},{"floor":46,"key":"Blue Candle"}],"event_choices":[{"cards_removed":["Strike_G"],"damage_healed":0.0,"max_hp_gain":0.0,"max_hp_loss":0.0,"gold_gain":0.0,"event_name":"Golden Wing","player_choice":"Card Removal","floor":2.0,"gold_loss":0.0,"damage_taken":7.0},{"damage_healed":0.0,"max_hp_gain":0.0,"max_hp_loss":0.0,"gold_gain":0.0,"event_name":"Liars Game","player_choice":"Ignored","floor":10.0,"gold_loss":0.0,"damage_taken":0.0},{"damage_healed":22.0,"max_hp_gain":0.0,"max_hp_loss":0.0,"gold_gain":0.0,"event_name":"Big Fish","player_choice":"Banana","floor":13.0,"gold_loss":0.0,"damage_taken":0.0},{"cards_removed":["Strike_G"],"damage_healed":0.0,"max_hp_gain":0.0,"max_hp_loss":0.0,"gold_gain":0.0,"event_name":"Bonfire Elementals","player_choice":"Offered Basic","floor":20.0,"gold_loss":0.0,"damage_taken":0.0},{"damage_healed":0.0,"max_hp_gain":0.0,"max_hp_loss":0.0,"gold_gain":0.0,"event_name":"Forgotten Altar","player_choice":"Smashed Altar","floor":28.0,"gold_loss":0.0,"damage_taken":0.0,"cards_obtained":["Decay"]},{"damage_healed":0.0,"max_hp_gain":0.0,"max_hp_loss":0.0,"gold_gain":0.0,"event_name":"Colosseum","player_choice":"Fight","floor":30.0,"gold_loss":0.0,"damage_taken":0.0},{"damage_healed":0.0,"max_hp_gain":0.0,"max_hp_loss":0.0,"gold_gain":0.0,"event_name":"Colosseum","player_choice":"Fled From Nobs","floor":30.0,"gold_loss":0.0,"damage_taken":0.0},{"damage_healed":0.0,"max_hp_gain":0.0,"max_hp_loss":0.0,"gold_gain":0.0,"event_name":"Duplicator","player_choice":"Copied","floor":31.0,"gold_loss":0.0,"damage_taken":0.0,"cards_obtained":["Footwork"]},{"damage_healed":0,"gold_gain":0,"player_choice":"2 cards matched","damage_taken":0,"max_hp_gain":0,"max_hp_loss":0,"event_name":"Match and Keep!","floor":41,"gold_loss":0,"cards_obtained":["Calculated Gamble","Deflect"]},{"damage_healed":13,"gold_gain":0,"player_choice":"Writhe","damage_taken":0,"max_hp_gain":0,"max_hp_loss":0,"event_name":"Winding Halls","floor":47,"gold_loss":0,"cards_obtained":["Writhe"]}],"is_beta":false,"boss_relics":[{"not_picked":["Tiny House","Ring of the Serpent"],"picked":"Coffee Dripper"},{"not_picked":["Cursed Key","White Beast Statue"],"picked":"Philosopher\u0027s Stone"}],"items_purged_floors":[5,44],"is_endless":false,"potions_floor_spawned":[3,4,14,16,21,24,29,30,36,39,42],"killed_by":"Awakened One","ascension_level":20}