{"gold_per_floor":[109,128,146,158,233,233,233,233,287,321,338,350,360,374,374,475,475,489,503,516,534,551,551,571,571],"floor_reached":25,"playtime":1645,"items_purged":[],"score":213,"play_id":"419be1c8-023d-4fbf-9dd0-7b3282e91975","local_time":"20190919131518","is_ascension_mode":false,"campfire_choices":[{"data":"Neutralize","floor":6.0,"key":"SMITH"},{"data":"Blade Dance","floor":8.0,"key":"SMITH"},{"floor":15,"key":"REST"},{"floor":23,"key":"REST"}],"neow_cost":"NONE","seed_source_timestamp":472919093312900,"circlet_count":0,"master_deck":["Defend_G","Defend_G","Defend_G","Defend_G","Survivor","Neutralize+1","Escape Plan","Blade Dance+1","PiercingWail","Backstab","Deadly Poison","Catalyst","Deadly Poison","Malaise","Infinite Blades","Venomology","Reflex+1","Slice+1","Dodge and Roll+1","Bane+1","Deadly Poison","Caltrops","Caltrops","Footwork","Escape Plan"],"special_seed":0,"relics":["Empty Cage","Dream Catcher","Bag of Preparation","Astrolabe"],"potions_floor_usage":[10,21,22,24],"damage_taken":[{"damage":9.0,"enemies":"2 Louse","floor":1.0,"turns":3.0},{"damage":9.0,"enemies":"Cultist","floor":2.0,"turns":5.0},{"damage":3.0,"enemies":"Jaw Worm","floor":3.0,"turns":5.0},{"damage":0.0,"enemies":"2 Fungi Beasts","floor":4.0,"turns":3.0},{"damage":13,"enemies":"Lagavulin","floor":10,"turns":9},{"damage":0,"enemies":"Gremlin Gang","floor":11,"turns":6},{"damage":0,"enemies":"Red Slaver","floor":12,"turns":3},{"damage":3,"enemies":"3 Louse","floor":13,"turns":3},{"damage":5,"enemies":"Large Slime","floor":14,"turns":8},{"damage":19,"enemies":"Hexaghost","floor":16,"turns":12},{"damage":1,"enemies":"Chosen","floor":18,"turns":4},{"damage":13,"enemies":"Shell Parasite","floor":19,"turns":6},{"damage":11,"enemies":"Centurion and Healer","floor":20,"turns":8},{"damage":8,"enemies":"Shelled Parasite and Fungi","floor":21,"turns":8},{"damage":12,"enemies":"Snecko","floor":22,"turns":6},{"damage":13,"enemies":"Snake Plant","floor":24,"turns":5},{"damage":35,"enemies":"Slavers","floor":25,"turns":3}],"seed_played":"218310563865023085","potions_obtained":[{"floor":2.0,"key":"Dexterity Potion"},{"floor":3.0,"key":"Strength Potion"},{"floor":4.0,"key":"Weak Potion"},{"floor":10,"key":"Weak Potion"},{"floor":16,"key":"Explosive Potion"},{"floor":22,"key":"GhostInAJar"}],"is_trial":false,"path_per_floor":["M","M","M","M","?","R","?","R","T","E","M","M","M","M","R","B",null,"M","M","M","M","M","R","M","E"],"character_chosen":"THE_SILENT","items_purchased":[],"campfire_rested":2,"item_purchase_floors":[],"current_hp_per_floor":[61,52,49,49,38,38,38,38,38,25,25,25,22,17,38,19,70,69,56,45,37,25,46,33,0],"gold":571,"neow_bonus":"BOSS_RELIC","is_prod":false,"is_daily":false,"chose_seed":false,"campfire_upgraded":2,"win_rate":0,"timestamp":1568866518,"path_taken":["M","M","M","M","?","R","?","R","T","E","?","M","M","M","R","BOSS","M","M","M","M","M","R","M","E"],"build_version":"2019-07-17","purchased_purges":0,"victory":false,"max_hp_per_floor":[70,70,70,70,70,70,70,70,70,70,70,70,70,70,70,70,70,70,70,70,70,70,70,70,70],"card_choices":[{"not_picked":["Underhanded Strike","Backflip"],"picked":"Escape Plan","floor":1.0},{"not_picked":["Dash","Flechettes","Deadly Poison"],"picked":"SKIP","floor":2.0},{"not_picked":["Terror","Deflect"],"picked":"Blade Dance","floor":3.0},{"not_picked":["Sucker Punch","Concentrate"],"picked":"PiercingWail","floor":4.0},{"not_picked":["Choke","Poisoned Stab"],"picked":"Backstab","floor":10},{"not_picked":["Poisoned Stab","Dagger Throw"],"picked":"Deadly Poison","floor":11},{"not_picked":["Acrobatics","Finisher"],"picked":"Catalyst","floor":12},{"not_picked":["Dash","Acrobatics"],"picked":"Deadly Poison","floor":13},{"not_picked":["Blur","Masterful Stab"],"picked":"Malaise","floor":14},{"not_picked":["Sucker Punch","Backflip"],"picked":"Infinite Blades","floor":15},{"not_picked":["Glass Knife","Storm of Steel"],"picked":"Venomology","floor":16},{"not_picked":["Choke","Acrobatics+1"],"picked":"Bane+1","floor":18},{"not_picked":["Dodge and Roll","Reflex+1"],"picked":"Deadly Poison","floor":19},{"not_picked":["Skewer","Dash","PiercingWail"],"picked":"SKIP","floor":20},{"not_picked":["Bouncing Flask","Sucker Punch+1"],"picked":"Caltrops","floor":21},{"not_picked":["Terror","Dagger Spray"],"picked":"Caltrops","floor":22},{"not_picked":["PiercingWail+1","Tactician"],"picked":"Footwork","floor":23},{"not_picked":["Backflip","Sucker Punch"],"picked":"Escape Plan","floor":24}],"player_experience":430918,"relics_obtained":[{"floor":9.0,"key":"Dream Catcher"},{"floor":10,"key":"Bag of Preparation"}],"event_choices":[{"damage_healed":0.0,"max_hp_gain":0.0,"max_hp_loss":0.0,"gold_gain":75.0,"event_name":"World of Goop","player_choice":"Gather Gold","floor":5.0,"gold_loss":0.0,"damage_taken":11.0},{"cards_removed":["Strike_G"],"damage_healed":0.0,"max_hp_gain":0.0,"max_hp_loss":0.0,"gold_gain":0.0,"event_name":"Bonfire Elementals","player_choice":"Offered Basic","floor":7.0,"gold_loss":0.0,"damage_taken":0.0}],"is_beta":false,"boss_relics":[{"not_picked":["Sozu","Tiny House"],"picked":"Astrolabe"}],"items_purged_floors":[],"is_endless":false,"potions_floor_spawned":[2,3,4,10,14,16,20,22],"killed_by":"Slavers","ascension_level":0}