{"gold_per_floor":[111,111,181,198,216,216,232,262,262,312,380,103,171,183,183,257,257,269,319,369,429,547,547,566,566,566,582,582],"floor_reached":28,"playtime":1367,"items_purged":["Pain"],"score":448,"play_id":"66fd728f-254b-4af1-9e6f-ab2a71d83a93","local_time":"20190411102805","is_ascension_mode":true,"campfire_choices":[{"data":"Carnage","floor":6,"key":"SMITH"},{"data":"Demon Form","floor":15,"key":"SMITH"},{"floor":23,"key":"REST"},{"floor":25,"key":"REST"}],"neow_cost":"CURSE","seed_source_timestamp":271351727421400,"circlet_count":0,"master_deck":["AscendersBane","Strike_R","Strike_R","Strike_R","Strike_R","Strike_R","Defend_R","Defend_R","Defend_R","Defend_R","Bash","Carnage+1","Intimidate","Demon Form+1","Iron Wave","Burning Pact","Corruption","Shrug It Off","Offering","Cleave","RitualDagger","Uppercut","Shrug It Off"],"relics":["Burning Blood","StoneCalendar","SsserpentHead","Letter Opener","Bottled Flame","Orichalcum","Sozu","Self Forming Clay","Singing Bowl"],"potions_floor_usage":[7,28],"damage_taken":[{"damage":8,"enemies":"2 Louse","floor":1,"turns":4},{"damage":5,"enemies":"Cultist","floor":3,"turns":4},{"damage":12,"enemies":"Jaw Worm","floor":4,"turns":5},{"damage":15,"enemies":"Red Slaver","floor":5,"turns":3},{"damage":29,"enemies":"Gremlin Gang","floor":7,"turns":5},{"damage":25,"enemies":"3 Sentries","floor":8,"turns":7},{"damage":10,"enemies":"Blue Slaver","floor":11,"turns":3},{"damage":12,"enemies":"Exordium Thugs","floor":13,"turns":5},{"damage":21,"enemies":"Large Slime","floor":14,"turns":7},{"damage":18,"enemies":"Slime Boss","floor":16,"turns":7},{"damage":21,"enemies":"Spheric Guardian","floor":18,"turns":5},{"damage":22,"enemies":"2 Thieves","floor":21,"turns":5},{"damage":15,"enemies":"Snake Plant","floor":24,"turns":3},{"damage":17,"enemies":"Chosen and Byrds","floor":27,"turns":5},{"damage":69,"enemies":"Gremlin Leader","floor":28,"turns":7}],"seed_played":"-1403155988249588917","potions_obtained":[{"floor":1,"key":"Poison Potion"},{"floor":4,"key":"Weak Potion"},{"floor":8,"key":"EssenceOfSteel"},{"floor":16,"key":"BloodPotion"}],"is_trial":false,"path_per_floor":["M","?","M","M","M","R","M","E","T","?","M","$","M","M","R","B",null,"M","?","?","M","T","R","M","R","T","M","E"],"character_chosen":"IRONCLAD","items_purchased":["Corruption","Orichalcum"],"campfire_rested":2,"item_purchase_floors":[12,12],"current_hp_per_floor":[66,66,67,61,52,52,29,10,10,75,71,71,65,50,50,38,66,51,45,45,29,29,51,42,64,64,55,0],"gold":582,"neow_bonus":"ONE_RARE_RELIC","is_prod":false,"is_daily":false,"chose_seed":false,"campfire_upgraded":2,"win_rate":0,"timestamp":1554967685,"path_taken":["M","?","?","M","M","R","M","E","T","?","?","$","?","M","R","BOSS","M","?","?","?","?","R","M","R","T","M","E"],"build_version":"2019-01-23","purchased_purges":1,"victory":false,"max_hp_per_floor":[75,75,75,75,75,75,75,75,75,75,75,75,75,75,75,75,75,75,75,75,75,75,75,75,75,75,77,77],"card_choices":[{"not_picked":["Cleave","Anger"],"picked":"Carnage","floor":1},{"not_picked":["Evolve","Pommel Strike"],"picked":"Intimidate","floor":3},{"not_picked":["Warcry","Rupture","Perfected Strike"],"picked":"SKIP","floor":4},{"not_picked":["Ghostly Armor","Hemokinesis"],"picked":"Demon Form","floor":5},{"not_picked":["Headbutt","True Grit"],"picked":"Iron Wave","floor":7},{"not_picked":["Inflame","Body Slam","Intimidate"],"picked":"SKIP","floor":8},{"not_picked":["Pummel","Clash"],"picked":"Burning Pact","floor":11},{"not_picked":["Dropkick","Headbutt"],"picked":"Shrug It Off","floor":13},{"not_picked":["Headbutt","Barricade","True Grit"],"picked":"SKIP","floor":14},{"not_picked":["Juggernaut","Demon Form"],"picked":"Offering","floor":16},{"not_picked":["Perfected Strike","Flex"],"picked":"Cleave","floor":18},{"not_picked":["Anger","Bloodletting"],"picked":"Uppercut","floor":21},{"not_picked":["Clash","Body Slam"],"picked":"Shrug It Off","floor":24},{"not_picked":["Inflame","Carnage","Warcry"],"picked":"Singing Bowl","floor":27}],"player_experience":1148094,"relics_obtained":[{"floor":8,"key":"Letter Opener"},{"floor":9,"key":"Bottled Flame"},{"floor":22,"key":"Self Forming Clay"},{"floor":26,"key":"Singing Bowl"}],"event_choices":[{"damage_healed":0,"gold_gain":0,"player_choice":"Trade","damage_taken":0,"relics_obtained":["SsserpentHead"],"max_hp_gain":0,"max_hp_loss":0,"event_name":"FaceTrader","floor":2,"gold_loss":0},{"damage_healed":65,"gold_gain":0,"player_choice":"Full Heal","damage_taken":0,"max_hp_gain":0,"max_hp_loss":0,"event_name":"Wheel of Change","floor":10,"gold_loss":0},{"damage_healed":0,"gold_gain":0,"player_choice":"Joined the Cult","damage_taken":6,"max_hp_gain":0,"max_hp_loss":0,"event_name":"Nest","floor":19,"gold_loss":0,"cards_obtained":["RitualDagger"]},{"damage_healed":0,"gold_gain":0,"player_choice":"Got Potions","damage_taken":0,"max_hp_gain":0,"max_hp_loss":0,"event_name":"Lab","floor":20,"gold_loss":0}],"is_beta":false,"boss_relics":[{"not_picked":["Eternal Feather","Runic Cube"],"picked":"Sozu"}],"items_purged_floors":[12],"is_endless":false,"potions_floor_spawned":[1,4,8,16,18],"killed_by":"Gremlin Leader","ascension_level":20}