{"gold_per_floor":[116,134,216,232,242,242,267,267,267,20,20,33,33,33],"floor_reached":14,"playtime":681,"items_purged":[],"score":171,"play_id":"5b03236e-47dd-4bd8-b72e-690319c4a6f0","local_time":"20190919212816","is_ascension_mode":true,"campfire_choices":[{"data":"Dagger Spray","floor":6,"key":"SMITH"},{"data":"Glass Knife","floor":8,"key":"SMITH"},{"floor":11,"key":"REST"}],"neow_cost":"NONE","seed_source_timestamp":24567878284503,"circlet_count":0,"master_deck":["AscendersBane","Strike_G","Strike_G","Strike_G","Strike_G","Strike_G","Defend_G","Defend_G","Defend_G","Defend_G","Defend_G","Survivor","Neutralize","Quick Slash","Dagger Spray+1","Blade Dance","Footwork","Glass Knife+1","Noxious Fumes","Backflip"],"relics":["Snecko Eye","Mercury Hourglass","Ancient Tea Set","Kunai","Snake Skull"],"potions_floor_usage":[14],"damage_taken":[{"damage":19,"enemies":"Cultist","floor":1,"turns":6},{"damage":1,"enemies":"2 Louse","floor":2,"turns":5},{"damage":4,"enemies":"Small Slimes","floor":4,"turns":3},{"damage":8,"enemies":"Exordium Wildlife","floor":5,"turns":3},{"damage":22,"enemies":"3 Sentries","floor":7,"turns":6},{"damage":6,"enemies":"Blue Slaver","floor":12,"turns":3},{"damage":35,"enemies":"Gremlin Nob","floor":14,"turns":3}],"seed_played":"5104608316413742002","potions_obtained":[{"floor":5,"key":"Poison Potion"}],"is_trial":false,"path_per_floor":["M","M","T","M","M","R","E","R","T","$","R","M","?","E"],"character_chosen":"THE_SILENT","items_purchased":["Noxious Fumes","Snake Skull"],"campfire_rested":1,"item_purchase_floors":[10,10],"current_hp_per_floor":[40,39,39,35,27,27,5,5,5,5,24,18,18,0],"gold":33,"neow_bonus":"BOSS_RELIC","is_prod":false,"is_daily":false,"chose_seed":false,"campfire_upgraded":2,"win_rate":0,"timestamp":1568921296,"path_taken":["M","M","?","?","M","R","E","R","T","$","R","M","?","E"],"build_version":"2019-07-17","purchased_purges":0,"victory":false,"max_hp_per_floor":[66,66,66,66,66,66,66,66,66,66,66,66,66,66],"card_choices":[{"not_picked":["Slice","Skewer"],"picked":"Quick Slash","floor":1},{"not_picked":["Heel Hook","Flying Knee"],"picked":"Dagger Spray","floor":2},{"not_picked":["Deflect","Slice"],"picked":"Blade Dance","floor":4},{"not_picked":["Outmaneuver","Deflect"],"picked":"Footwork","floor":5},{"not_picked":["Expertise","Quick Slash"],"picked":"Glass Knife","floor":7},{"not_picked":["Acrobatics","Well Laid Plans"],"picked":"Backflip","floor":12}],"player_experience":1068039,"relics_obtained":[{"floor":3,"key":"Mercury Hourglass"},{"floor":7,"key":"Ancient Tea Set"},{"floor":9,"key":"Kunai"}],"event_choices":[{"damage_healed":0,"gold_gain":0,"player_choice":"Searched \u00270\u0027 times","damage_taken":0,"max_hp_gain":0,"max_hp_loss":0,"event_name":"Dead Adventurer","floor":13,"gold_loss":0}],"is_beta":false,"boss_relics":[],"items_purged_floors":[],"is_endless":false,"potions_floor_spawned":[5],"killed_by":"Gremlin Nob","ascension_level":18}