{"gold_per_floor":[119,129,229,248,323,323,340,340,418,418,250,250,269,269,269,373,403,343,343,53,66,85,85,85,105,130,130],"floor_reached":27,"playtime":2873,"items_purged":["Strike_G","Injury"],"score":201,"play_id":"c04458d0-b419-44ae-ab63-53c5d0cbb205","local_time":"20180624230820","is_ascension_mode":false,"campfire_choices":[{"floor":6,"key":"REST"},{"floor":8,"key":"REST"},{"data":"Neutralize","floor":10,"key":"SMITH"},{"data":"Dagger Throw","floor":12,"key":"SMITH"},{"floor":15,"key":"REST"},{"floor":23,"key":"REST"}],"neow_cost":"FIFTY_PERCENT_DAMAGE","seed_source_timestamp":173824186906154,"circlet_count":0,"master_deck":["Defend_G+1","Defend_G+1","Defend_G","Defend_G","Defend_G","Strike_G","Strike_G","Strike_G","Strike_G","Survivor","Neutralize+1","Venomology","PiercingWail","Underhanded Strike","Blur+1","Dagger Throw+1","Good Instincts","Dagger Throw+1","A Thousand Cuts","Backflip","Riddle With Holes+1","Flying Knee","Backflip+1","Dodge and Roll","Prepared"],"relics":["Ring of the Snake","Bottled Lightning","Tiny House","Potion Belt","Vajra"],"potions_floor_usage":[1,7,13,16,16,16,16,22,22,27,27],"damage_taken":[{"damage":5,"enemies":"Jaw Worm","floor":1,"turns":7},{"damage":0,"enemies":"Cultist","floor":2,"turns":6},{"damage":0,"enemies":"Small Slimes","floor":4,"turns":6},{"damage":0,"enemies":"3 Louse","floor":7,"turns":6},{"damage":0,"enemies":"Looter","floor":13,"turns":4},{"damage":40,"enemies":"Slime Boss","floor":16,"turns":20},{"damage":1,"enemies":"2 Thieves","floor":18,"turns":4},{"damage":24,"enemies":"3 Byrds","floor":21,"turns":7},{"damage":12,"enemies":"Snake Plant","floor":22,"turns":9},{"damage":16,"enemies":"Centurion and Healer","floor":25,"turns":16},{"damage":53,"enemies":"Cultist and Chosen","floor":27,"turns":5}],"seed_played":"-5784960902961992173","potions_obtained":[{"floor":4,"key":"SteroidPotion"},{"floor":17,"key":"GamblersBrew"},{"floor":22,"key":"Poison Potion"},{"floor":25,"key":"Energy Potion"}],"is_trial":false,"path_per_floor":["M","M","?","M","?","R","M","R","T","R","$","R","M","?","R","B",null,"M","?","$","M","M","R","$","M","T"],"character_chosen":"THE_SILENT","items_purchased":["Good Instincts","Flying Knee","Potion Belt"],"campfire_rested":4,"item_purchase_floors":[11,20,20],"current_hp_per_floor":[30,30,30,30,19,40,40,61,61,61,61,61,61,47,68,28,75,74,74,74,50,38,60,60,44,44,0],"gold":130,"neow_bonus":"THREE_RARE_CARDS","is_prod":false,"is_daily":false,"chose_seed":false,"campfire_upgraded":2,"win_rate":0.0,"timestamp":1529849300,"path_taken":["M","M","?","M","?","R","M","R","T","R","$","R","M","?","R","BOSS","M","?","$","M","M","R","$","M","T","?"],"build_version":"2018-06-21v2","purchased_purges":2,"victory":false,"max_hp_per_floor":[70,70,70,70,70,70,70,70,70,70,70,70,70,70,70,70,75,75,75,75,75,75,75,75,75,75,75],"card_choices":[{"not_picked":["Adrenaline","Tactician"],"picked":"Venomology","floor":0},{"not_picked":["Deadly Poison","Dodge and Roll"],"picked":"PiercingWail","floor":1},{"not_picked":["Malaise","Poisoned Stab"],"picked":"Underhanded Strike","floor":2},{"not_picked":["Prepared","Blade Dance"],"picked":"Blur","floor":4},{"not_picked":["Deadly Poison","Dagger Spray"],"picked":"Dagger Throw","floor":7},{"not_picked":["Slice","Sucker Punch"],"picked":"Dagger Throw","floor":13},{"not_picked":["Glass Knife","Doppelganger"],"picked":"A Thousand Cuts","floor":16},{"not_picked":["Crippling Poison","PiercingWail"],"picked":"Backflip","floor":17},{"not_picked":["Quick Slash","Escape Plan"],"picked":"Riddle With Holes+1","floor":18},{"not_picked":["Eviscerate+1","Calculated Gamble"],"picked":"Backflip+1","floor":21},{"not_picked":["Acrobatics+1","Finisher"],"picked":"Dodge and Roll","floor":22},{"not_picked":["Sucker Punch","Dagger Spray"],"picked":"Prepared","floor":25}],"player_experience":9623,"relics_obtained":[{"floor":9,"key":"Bottled Lightning"},{"floor":26,"key":"Vajra"}],"event_choices":[{"event_name":"Golden Shrine","player_choice":"Pray","floor":3,"damage_taken":0},{"event_name":"World of Goop","player_choice":"Gather Gold","floor":5,"damage_taken":0},{"event_name":"Shining Light","player_choice":"Entered Light","floor":14,"damage_taken":0},{"event_name":"Accursed Blacksmith","player_choice":"Forge","floor":19,"damage_taken":0}],"boss_relics":[{"not_picked":["Ectoplasm","Calling Bell"],"picked":"Tiny House"}],"items_purged_floors":[11,20],"is_endless":false,"potions_floor_spawned":[4,13,22,25],"killed_by":"Cultist and Chosen","ascension_level":0}