{"gold_per_floor":[111,122,172,83,102,137,137,162,162,180,30,30],"floor_reached":12,"playtime":9313,"items_purged":["Strike_G"],"score":163,"play_id":"cae76b01-67ca-4740-a5a2-f0c897292db7","local_time":"20190810131852","is_ascension_mode":true,"campfire_choices":[{"data":"Predator","floor":7,"key":"SMITH"}],"neow_cost":"NONE","seed_source_timestamp":5410152583055,"circlet_count":0,"master_deck":["AscendersBane","Strike_G","Strike_G","Strike_G","Strike_G","Defend_G","Defend_G","Defend_G","Defend_G","Defend_G","Survivor","Neutralize","Predator+1","Caltrops","Dark Shackles","Poisoned Stab","Noxious Fumes","Blur","Deadly Poison","Footwork+1"],"relics":["Ring of the Snake","Bronze Scales","Frozen Egg 2","Regal Pillow"],"potions_floor_usage":[6,8,12],"damage_taken":[{"damage":7,"enemies":"Small Slimes","floor":1,"turns":4},{"damage":0,"enemies":"Cultist","floor":2,"turns":4},{"damage":7,"enemies":"Jaw Worm","floor":5,"turns":3},{"damage":22,"enemies":"Lagavulin","floor":6,"turns":7},{"damage":17,"enemies":"Gremlin Nob","floor":8,"turns":4},{"damage":10,"enemies":"Large Slime","floor":10,"turns":6},{"damage":5,"enemies":"Gremlin Gang","floor":12,"turns":3}],"seed_played":"3392552433814933493","potions_obtained":[{"floor":1,"key":"Block Potion"},{"floor":2,"key":"FearPotion"},{"floor":8,"key":"Swift Potion"}],"is_trial":false,"path_per_floor":["M","M","?","$","M","E","R","E","T","M","$","M"],"character_chosen":"THE_SILENT","items_purchased":["Dark Shackles","Footwork+1"],"campfire_rested":0,"item_purchase_floors":[4,11],"current_hp_per_floor":[58,58,58,58,51,29,29,12,12,2,2,0],"gold":30,"neow_bonus":"TEN_PERCENT_HP_BONUS","is_prod":false,"is_daily":false,"chose_seed":false,"campfire_upgraded":1,"win_rate":0,"timestamp":1565435932,"path_taken":["M","M","?","$","M","E","R","E","T","?","$","M"],"build_version":"2019-07-17","purchased_purges":1,"victory":false,"max_hp_per_floor":[72,72,72,72,72,72,72,72,72,72,72,72],"card_choices":[{"not_picked":["Dodge and Roll","Underhanded Strike"],"picked":"Predator","floor":1},{"not_picked":["Backflip","Acrobatics"],"picked":"Caltrops","floor":2},{"not_picked":["Well Laid Plans","Backflip"],"picked":"Poisoned Stab","floor":5},{"not_picked":["Unload","PiercingWail"],"picked":"Noxious Fumes","floor":6},{"not_picked":["Reflex","Night Terror"],"picked":"Blur","floor":8},{"not_picked":["Underhanded Strike","Acrobatics"],"picked":"Deadly Poison","floor":10}],"player_experience":811627,"relics_obtained":[{"floor":6,"key":"Bronze Scales"},{"floor":8,"key":"Frozen Egg 2"},{"floor":9,"key":"Regal Pillow"}],"event_choices":[{"damage_healed":0,"gold_gain":50,"player_choice":"Pray","damage_taken":0,"max_hp_gain":0,"max_hp_loss":0,"event_name":"Golden Shrine","floor":3,"gold_loss":0}],"is_beta":false,"boss_relics":[],"items_purged_floors":[11],"is_endless":false,"potions_floor_spawned":[1,2,8],"killed_by":"Gremlin Gang","ascension_level":17}