{"gold_per_floor":[118,118,135,77,77,77,96,128,128,145,145,178,195,207,207,281,281,292,292,74,94,106,106],"floor_reached":23,"playtime":937,"items_purged":[],"score":506,"play_id":"3ece89ed-7a04-42ff-80de-e32dc1a55ec9","local_time":"20191007221738","is_ascension_mode":true,"campfire_choices":[{"data":"Coolheaded","floor":6,"key":"SMITH"},{"data":"Recycle","floor":11,"key":"SMITH"},{"floor":15,"key":"REST"}],"neow_cost":"TEN_PERCENT_HP_LOSS","seed_source_timestamp":223417436994100,"circlet_count":0,"master_deck":["AscendersBane","Strike_B","Defend_B","Defend_B","Defend_B","Zap","Dualcast","Metamorphosis","Magnetism","Coolheaded+1","Steam","Go for the Eyes","Skim","Recycle+1","BootSequence","Ball Lightning","Buffer","Electrodynamics+1","Consume+1","Lockon+1","Conserve Battery","Coolheaded+1","All Out Attack+1","Defragment"],"relics":["Cracked Core","Turnip","Prayer Wheel","Happy Flower","Astrolabe","PrismaticShard"],"potions_floor_usage":[8,16],"damage_taken":[{"damage":1,"enemies":"Cultist","floor":1,"turns":3},{"damage":3,"enemies":"2 Louse","floor":3,"turns":4},{"damage":9,"enemies":"Small Slimes","floor":7,"turns":3},{"damage":11,"enemies":"3 Sentries","floor":8,"turns":7},{"damage":7,"enemies":"Exordium Wildlife","floor":10,"turns":5},{"damage":12,"enemies":"Lagavulin","floor":12,"turns":7},{"damage":0,"enemies":"Large Slime","floor":13,"turns":5},{"damage":5,"enemies":"Blue Slaver","floor":14,"turns":4},{"damage":0,"enemies":"Slime Boss","floor":16,"turns":5},{"damage":7,"enemies":"Shell Parasite","floor":18,"turns":5},{"damage":18,"enemies":"3 Byrds","floor":21,"turns":3},{"damage":35,"enemies":"3 Cultists","floor":22,"turns":4},{"damage":0,"enemies":"Slavers","floor":23,"turns":1}],"seed_played":"-5925672831188201021","potions_obtained":[{"floor":5,"key":"FairyPotion"},{"floor":5,"key":"SkillPotion"},{"floor":8,"key":"Swift Potion"},{"floor":10,"key":"Fire Potion"},{"floor":21,"key":"Strength Potion"},{"floor":22,"key":"FearPotion"}],"is_trial":false,"path_per_floor":["M","?","M","$","?","R","M","E","T","M","R","E","M","M","R","B",null,"M","?","$","M","M","E"],"character_chosen":"DEFECT","items_purchased":["Steam","PrismaticShard"],"campfire_rested":1,"item_purchase_floors":[4,20],"current_hp_per_floor":[63,56,53,53,53,53,44,33,33,26,26,14,14,9,28,28,55,48,48,48,30,6,6],"gold":106,"neow_bonus":"RANDOM_COLORLESS_2","is_prod":false,"is_daily":false,"chose_seed":false,"campfire_upgraded":2,"win_rate":0,"timestamp":1570454258,"path_taken":["M","?","M","$","?","R","M","E","T","M","R","E","?","M","R","BOSS","M","?","$","M","M","E"],"build_version":"2019-07-17","purchased_purges":0,"victory":false,"max_hp_per_floor":[64,64,64,64,64,64,64,64,64,64,64,64,64,64,64,64,64,64,64,64,64,64,64],"card_choices":[{"not_picked":["Rebound","Compile Driver","Double Energy"],"picked":"SKIP","floor":1},{"not_picked":["Sweeping Beam","Redo"],"picked":"Coolheaded","floor":3},{"not_picked":["Tempest","Turbo","Barrage"],"picked":"SKIP","floor":7},{"not_picked":["Darkness","Rip and Tear"],"picked":"Go for the Eyes","floor":8},{"not_picked":["Rip and Tear","Hello World"],"picked":"Skim","floor":10},{"not_picked":["Redo","Beam Cell"],"picked":"Recycle","floor":10},{"not_picked":["Rip and Tear","Echo Form"],"picked":"BootSequence","floor":12},{"not_picked":["Static Discharge","Reinforced Body"],"picked":"Ball Lightning","floor":13},{"not_picked":["Sunder","White Noise","Storm"],"picked":"SKIP","floor":13},{"not_picked":["Steam","Melter","Double Energy"],"picked":"SKIP","floor":14},{"not_picked":["Turbo","BootSequence","Redo"],"picked":"SKIP","floor":14},{"not_picked":["Fission","Biased Cognition"],"picked":"Buffer","floor":16},{"not_picked":["Gash","Streamline+1"],"picked":"Conserve Battery","floor":18},{"not_picked":["Lockon","Blizzard+1","Sweeping Beam"],"picked":"SKIP","floor":18},{"not_picked":["Heavy Blade","Bloodletting"],"picked":"All Out Attack+1","floor":21},{"not_picked":["Adrenaline","Dagger Throw"],"picked":"Defragment","floor":21},{"not_picked":["Steam Power+1","Perfected Strike","Body Slam"],"picked":"SKIP","floor":22},{"not_picked":["Clash","Backflip","Warcry"],"picked":"SKIP","floor":22}],"player_experience":593275,"relics_obtained":[{"floor":8,"key":"Turnip"},{"floor":9,"key":"Prayer Wheel"},{"floor":12,"key":"Happy Flower"}],"event_choices":[{"cards_removed":["Strike_B"],"damage_healed":0,"gold_gain":0,"player_choice":"Card Removal","damage_taken":7,"max_hp_gain":0,"max_hp_loss":0,"event_name":"Golden Wing","floor":2,"gold_loss":0},{"damage_healed":0,"gold_gain":0,"player_choice":"Got Potions","damage_taken":0,"max_hp_gain":0,"max_hp_loss":0,"event_name":"Lab","floor":5,"gold_loss":0},{"damage_healed":0,"gold_gain":0,"player_choice":"Copied","damage_taken":0,"max_hp_gain":0,"max_hp_loss":0,"event_name":"Duplicator","floor":19,"gold_loss":0,"cards_obtained":["Coolheaded"]}],"is_beta":false,"boss_relics":[{"not_picked":["Busted Crown","Sozu"],"picked":"Astrolabe"}],"items_purged_floors":[],"is_endless":false,"potions_floor_spawned":[7,8,10,12,21,22],"killed_by":"Slavers","ascension_level":20}