{"gold_per_floor":[114,114,39,114,114,143,143,178,178,197,97,126,126,137,137,208,208,224,99,116,391,403,403,449,483,483,483,496,509,359,274,274,274],"floor_reached":33,"playtime":1139,"items_purged":["Strike_B","Strike_B","Undo","Regret"],"score":694,"play_id":"16a1b3cd-a532-445f-a7c3-ded4a9079885","local_time":"20190413115759","is_ascension_mode":true,"campfire_choices":[{"data":"Sunder","floor":7,"key":"SMITH"},{"data":"Streamline","floor":13,"key":"SMITH"},{"data":"Undo","floor":15,"key":"SMITH"},{"data":"Hyperbeam","floor":23,"key":"SMITH"},{"floor":27,"key":"REST"},{"floor":32,"key":"REST"}],"neow_cost":"NONE","seed_source_timestamp":449784218500200,"circlet_count":0,"master_deck":["AscendersBane","Strike_B","Defend_B+1","Defend_B","Defend_B","Defend_B","Zap","Dualcast","Sunder+1","Conserve Battery+1","Streamline+1","BootSequence","Undo+1","Hyperbeam+1","Hyperbeam"],"relics":["Cracked Core","NeowsBlessing","Orichalcum","Darkstone Periapt","War Paint","Pear","Snecko Eye","Lantern","Potion Belt","Mercury Hourglass","Bronze Scales"],"potions_floor_usage":[12,25],"damage_taken":[{"damage":0,"enemies":"Small Slimes","floor":1,"turns":1},{"damage":0,"enemies":"Lagavulin","floor":6,"turns":1},{"damage":0,"enemies":"Gremlin Nob","floor":8,"turns":1},{"damage":0,"enemies":"2 Louse","floor":10,"turns":2},{"damage":0,"enemies":"3 Sentries","floor":12,"turns":4},{"damage":0,"enemies":"Jaw Worm","floor":14,"turns":2},{"damage":6,"enemies":"The Guardian","floor":16,"turns":12},{"damage":1,"enemies":"3 Byrds","floor":18,"turns":5},{"damage":7,"enemies":"2 Thieves","floor":20,"turns":2},{"damage":17,"enemies":"Chosen and Byrds","floor":22,"turns":4},{"damage":61,"enemies":"Book of Stabbing","floor":25,"turns":5},{"damage":1,"enemies":"Cultist and Chosen","floor":28,"turns":2},{"damage":8,"enemies":"Snecko","floor":29,"turns":3},{"damage":64,"enemies":"Collector","floor":33,"turns":9}],"seed_played":"-7652833685683124154","potions_obtained":[{"floor":8,"key":"AttackPotion"},{"floor":10,"key":"SteroidPotion"},{"floor":14,"key":"Regen Potion"},{"floor":18,"key":"Strength Potion"},{"floor":25,"key":"Dexterity Potion"}],"is_trial":false,"path_per_floor":["M","?","$","?","?","E","R","E","T","M","$","E","R","M","R","B",null,"M","$","M","?","M","R","T","E","T","R","M","M","$","?","R","B"],"character_chosen":"DEFECT","items_purchased":[],"campfire_rested":2,"item_purchase_floors":[],"current_hp_per_floor":[64,64,64,53,48,48,48,48,48,48,48,58,58,58,58,52,74,73,73,66,72,55,55,55,6,6,32,31,23,23,23,49,0],"gold":274,"neow_bonus":"THREE_ENEMY_KILL","is_prod":false,"is_daily":false,"chose_seed":false,"campfire_upgraded":4,"win_rate":0,"timestamp":1555145879,"path_taken":["M","?","$","?","?","E","R","E","T","M","?","E","R","M","R","BOSS","M","$","M","?","?","R","?","E","T","R","M","M","$","?","R","BOSS"],"build_version":"2019-01-23","purchased_purges":4,"victory":false,"max_hp_per_floor":[71,71,71,71,71,71,71,71,71,71,71,81,81,81,81,81,81,81,81,81,87,87,87,87,87,87,87,87,87,87,87,87,87],"card_choices":[{"not_picked":["Streamline","Stack"],"picked":"Sunder","floor":1},{"not_picked":["Turbo","Gash"],"picked":"Conserve Battery","floor":6},{"not_picked":["Sunder","Compile Driver"],"picked":"Streamline","floor":8},{"not_picked":["Hologram","Coolheaded"],"picked":"BootSequence","floor":10},{"not_picked":["Steam","White Noise"],"picked":"Undo","floor":12},{"not_picked":["Chill","Stack"],"picked":"Undo","floor":14},{"not_picked":["All For One","Rainbow"],"picked":"Hyperbeam","floor":16},{"not_picked":["Tempest+1","Leap","Coolheaded"],"picked":"SKIP","floor":18},{"not_picked":["Conserve Battery","Coolheaded+1","Heatsinks"],"picked":"SKIP","floor":20},{"not_picked":["Stack","Heatsinks","Tempest"],"picked":"SKIP","floor":22},{"not_picked":["BootSequence","Hologram"],"picked":"Hyperbeam","floor":25},{"not_picked":["Steam","Reinforced Body","Stack"],"picked":"SKIP","floor":28},{"not_picked":["Lockon+1","Tempest","Storm"],"picked":"SKIP","floor":29}],"player_experience":1159608,"relics_obtained":[{"floor":6,"key":"Darkstone Periapt"},{"floor":8,"key":"War Paint"},{"floor":12,"key":"Pear"},{"floor":24,"key":"Lantern"},{"floor":25,"key":"Potion Belt"},{"floor":26,"key":"Mercury Hourglass"}],"event_choices":[{"cards_removed":["Strike_B"],"damage_healed":0,"gold_gain":0,"player_choice":"Forget","damage_taken":0,"max_hp_gain":0,"max_hp_loss":0,"event_name":"Living Wall","floor":2,"gold_loss":0},{"damage_healed":0,"gold_gain":75,"player_choice":"Gather Gold","damage_taken":11,"max_hp_gain":0,"max_hp_loss":0,"event_name":"World of Goop","floor":4,"gold_loss":0},{"damage_healed":0,"gold_gain":0,"player_choice":"Success","damage_taken":5,"relics_obtained":["Orichalcum"],"max_hp_gain":0,"max_hp_loss":0,"event_name":"Scrap Ooze","floor":5,"gold_loss":0},{"damage_healed":0,"gold_gain":275,"player_choice":"Desecrate","damage_taken":0,"max_hp_gain":0,"max_hp_loss":0,"event_name":"Golden Shrine","floor":21,"gold_loss":0,"cards_obtained":["Regret"]},{"damage_healed":0,"gold_gain":0,"player_choice":"Obtained Relic","damage_taken":0,"relics_obtained":["Bronze Scales"],"max_hp_gain":0,"max_hp_loss":0,"event_name":"Addict","floor":31,"gold_loss":85}],"is_beta":false,"boss_relics":[{"not_picked":["Cursed Key","Black Star"],"picked":"Snecko Eye"}],"items_purged_floors":[3,11,19,30],"is_endless":false,"potions_floor_spawned":[8,10,14,18,22,25],"killed_by":"Collector","ascension_level":19}