{"gold_per_floor":[113,126,126,145,164,198,198,229,229,78,92,126,126,138,138,213,213,187,0,19,19,19,19,19,19,19,48,48,82,82,95,95,168,168,183,144,159,159,74,106,106,136,136,136,151,476,576,608,608,608,608],"floor_reached":52,"playtime":3469,"items_purged":["Strike_G"],"score":2198,"play_id":"66b6ded6-9351-4c69-8b12-70262dba608a","local_time":"20190505131100","is_ascension_mode":true,"campfire_choices":[{"floor":7,"key":"REST"},{"data":"Bouncing Flask","floor":15,"key":"SMITH"},{"data":"Calculated Gamble","floor":23,"key":"SMITH"},{"data":"Flechettes","floor":28,"key":"SMITH"},{"floor":30,"key":"REST"},{"data":"Noxious Fumes","floor":32,"key":"SMITH"},{"data":"Setup","floor":41,"key":"SMITH"},{"data":"Calculated Gamble","floor":44,"key":"SMITH"},{"floor":49,"key":"REST"}],"neow_cost":"NONE","seed_source_timestamp":1055783529843600,"circlet_count":0,"master_deck":["AscendersBane","Defend_G","Defend_G","Defend_G","Defend_G","Strike_G","Survivor","Neutralize","Deadly Poison","Backflip","Flechettes+1","Cloak And Dagger","After Image","Bouncing Flask+1","Calculated Gamble+1","Well Laid Plans","Quick Slash","Noxious Fumes+1","Adrenaline","Crippling Poison+1","Shame","Setup+1","Escape Plan","Backflip+1","Blur","Corpse Explosion","Crippling Poison","Calculated Gamble+1","Noxious Fumes+1","Doppelganger","Footwork+1","Dodge and Roll"],"relics":["Ring of the Snake","PreservedInsect","Thread and Needle","Art of War","Mango","Letter Opener","Bottled Tornado","Black Star","Mummified Hand","Gremlin Horn","Frozen Egg 2","Dream Catcher","Darkstone Periapt","Runic Pyramid","Singing Bowl","Potion Belt","Pear","Bottled Lightning","Old Coin","Orichalcum","StoneCalendar","FossilizedHelix","Happy Flower"],"potions_floor_usage":[6,18,27,33],"damage_taken":[{"damage":9,"enemies":"Jaw Worm","floor":1,"turns":7},{"damage":0,"enemies":"Cultist","floor":2,"turns":5},{"damage":0,"enemies":"Small Slimes","floor":4,"turns":6},{"damage":2,"enemies":"3 Louse","floor":5,"turns":4},{"damage":0,"enemies":"Gremlin Nob","floor":6,"turns":3},{"damage":6,"enemies":"3 Sentries","floor":8,"turns":12},{"damage":0,"enemies":"Large Slime","floor":11,"turns":7},{"damage":1,"enemies":"Lagavulin","floor":12,"turns":6},{"damage":0,"enemies":"Looter","floor":14,"turns":3},{"damage":4,"enemies":"The Guardian","floor":16,"turns":9},{"damage":10,"enemies":"2 Thieves","floor":18,"turns":4},{"damage":0,"enemies":"Chosen","floor":20,"turns":6},{"damage":21,"enemies":"Slavers","floor":27,"turns":4},{"damage":20,"enemies":"Book of Stabbing","floor":29,"turns":4},{"damage":7,"enemies":"Shelled Parasite and Fungi","floor":31,"turns":4},{"damage":35,"enemies":"Automaton","floor":33,"turns":10},{"damage":0,"enemies":"Orb Walker","floor":35,"turns":4},{"damage":4,"enemies":"3 Shapes","floor":37,"turns":4},{"damage":19,"enemies":"Giant Head","floor":40,"turns":7},{"damage":2,"enemies":"Nemesis","floor":42,"turns":5},{"damage":6,"enemies":"Maw","floor":45,"turns":7},{"damage":0,"enemies":"Reptomancer","floor":46,"turns":5},{"damage":0,"enemies":"Mind Bloom Boss Battle","floor":47,"turns":6},{"damage":9,"enemies":"Giant Head","floor":48,"turns":8},{"damage":12,"enemies":"Time Eater","floor":50,"turns":13},{"damage":18,"enemies":"Awakened One","floor":51,"turns":15}],"seed_played":"6338498466993933719","potions_obtained":[{"floor":1,"key":"Poison Potion"},{"floor":6,"key":"Fruit Juice"},{"floor":16,"key":"GamblersBrew"},{"floor":18,"key":"LiquidBronze"},{"floor":29,"key":"PowerPotion"},{"floor":31,"key":"Fire Potion"},{"floor":37,"key":"AttackPotion"},{"floor":42,"key":"SpeedPotion"},{"floor":45,"key":"Strength Potion"},{"floor":48,"key":"PowerPotion"}],"is_trial":false,"path_per_floor":["M","M","?","M","M","E","R","E","T","$","M","E","?","M","R","B",null,"M","?","M","?","?","R","?","$","T","E","R","E","R","M","R","B",null,"M","$","M","?","$","E","R","E","T","R","M","E","?","E","R","B","B",null],"character_chosen":"THE_SILENT","items_purchased":["Calculated Gamble","Calculated Gamble","Noxious Fumes+1"],"campfire_rested":3,"item_purchase_floors":[10,36,39],"current_hp_per_floor":[50,50,32,32,30,30,49,57,57,57,57,56,56,56,56,52,73,68,68,68,68,68,68,68,68,68,47,47,27,52,45,45,10,66,66,66,62,62,62,45,45,55,55,55,49,51,51,44,74,62,44],"gold":608,"neow_bonus":"RANDOM_COMMON_RELIC","is_prod":false,"is_daily":false,"chose_seed":false,"campfire_upgraded":6,"win_rate":0,"timestamp":1557051060,"path_taken":["M","M","?","M","M","E","R","E","T","$","M","E","?","?","R","BOSS","M","?","M","?","?","R","?","$","T","E","R","E","R","M","R","BOSS","M","$","M","?","$","E","R","E","T","R","M","E","?","E","R","BOSS","BOSS"],"build_version":"2019-01-23","purchased_purges":1,"victory":true,"max_hp_per_floor":[66,66,66,66,66,66,66,80,80,80,80,80,80,80,80,80,80,85,85,85,85,85,85,85,85,85,85,85,85,85,85,85,85,85,85,85,85,85,85,87,87,99,99,99,99,101,101,103,103,103,103],"card_choices":[{"not_picked":["Concentrate","Dodge and Roll"],"picked":"Deadly Poison","floor":1},{"not_picked":["Cloak And Dagger","Blade Dance"],"picked":"Backflip","floor":2},{"not_picked":["Dodge and Roll","Dagger Throw"],"picked":"Flechettes","floor":4},{"not_picked":["Prepared","Reflex"],"picked":"Cloak And Dagger","floor":5},{"not_picked":["Bane","Dagger Throw"],"picked":"After Image","floor":6},{"not_picked":["Dagger Spray","Accuracy"],"picked":"Bouncing Flask","floor":8},{"not_picked":["Sucker Punch","Prepared"],"picked":"Well Laid Plans","floor":11},{"not_picked":["Terror","Masterful Stab","Dagger Throw"],"picked":"SKIP","floor":12},{"not_picked":["Sucker Punch","Underhanded Strike"],"picked":"Noxious Fumes","floor":14},{"not_picked":["Burst","Venomology"],"picked":"Adrenaline","floor":16},{"not_picked":["Acrobatics","Slice+1","Flying Knee"],"picked":"SKIP","floor":18},{"not_picked":["Acrobatics","Backflip"],"picked":"Crippling Poison+1","floor":20},{"not_picked":["Bane","Endless Agony","Dagger Spray"],"picked":"SKIP","floor":27},{"not_picked":["Heel Hook","Blade Dance"],"picked":"Backflip+1","floor":29},{"not_picked":["Deadly Poison","Masterful Stab"],"picked":"Blur","floor":31},{"not_picked":["Unload","Phantasmal Killer"],"picked":"Corpse Explosion","floor":33},{"not_picked":["Deflect","Acrobatics"],"picked":"Crippling Poison","floor":35},{"not_picked":["Riddle With Holes","Poisoned Stab","Choke"],"picked":"SKIP","floor":37},{"not_picked":["Flying Knee","Blade Dance","Dagger Throw"],"picked":"Singing Bowl","floor":40},{"not_picked":["Deadly Poison","Flying Knee","Backflip"],"picked":"Singing Bowl","floor":42},{"not_picked":["Quick Slash","Flying Knee"],"picked":"Doppelganger","floor":45},{"not_picked":["Underhanded Strike+1","Backflip","Bane"],"picked":"Singing Bowl","floor":46},{"not_picked":["Cloak And Dagger","Dagger Throw"],"picked":"Footwork+1","floor":47},{"not_picked":["Accuracy+1","Storm of Steel","Outmaneuver"],"picked":"Singing Bowl","floor":48},{"not_picked":["Acrobatics","Infinite Blades+1"],"picked":"Dodge and Roll","floor":49}],"player_experience":1293573,"relics_obtained":[{"floor":6,"key":"Art of War"},{"floor":8,"key":"Mango"},{"floor":9,"key":"Letter Opener"},{"floor":12,"key":"Bottled Tornado"},{"floor":27,"key":"Gremlin Horn"},{"floor":27,"key":"Frozen Egg 2"},{"floor":29,"key":"Dream Catcher"},{"floor":29,"key":"Darkstone Periapt"},{"floor":40,"key":"Singing Bowl"},{"floor":40,"key":"Potion Belt"},{"floor":42,"key":"Pear"},{"floor":43,"key":"Bottled Lightning"},{"floor":46,"key":"Old Coin"},{"floor":46,"key":"Orichalcum"},{"floor":47,"key":"StoneCalendar"},{"floor":48,"key":"FossilizedHelix"},{"floor":48,"key":"Happy Flower"}],"event_choices":[{"damage_healed":0,"gold_gain":0,"player_choice":"Success","damage_taken":18,"relics_obtained":["Thread and Needle"],"max_hp_gain":0,"max_hp_loss":0,"event_name":"Scrap Ooze","floor":3,"gold_loss":0},{"damage_healed":0,"gold_gain":0,"cards_transformed":["Strike_G"],"player_choice":"Transformed","damage_taken":0,"max_hp_gain":0,"max_hp_loss":0,"event_name":"Transmorgrifier","floor":13,"gold_loss":0,"cards_obtained":["Quick Slash"]},{"damage_healed":0,"gold_gain":0,"player_choice":"Paid Fearfully","damage_taken":0,"max_hp_gain":0,"max_hp_loss":0,"event_name":"Masked Bandits","floor":19,"gold_loss":187},{"damage_healed":0,"gold_gain":0,"player_choice":"Stole Relic","damage_taken":0,"relics_obtained":["Mummified Hand"],"max_hp_gain":0,"max_hp_loss":0,"event_name":"Addict","floor":21,"gold_loss":0,"cards_obtained":["Shame"]},{"damage_healed":0,"gold_gain":0,"cards_transformed":["Strike_G","Strike_G"],"player_choice":"Became Test Subject","damage_taken":0,"max_hp_gain":0,"max_hp_loss":0,"event_name":"Drug Dealer","floor":22,"gold_loss":0,"cards_obtained":["Setup","Escape Plan"]},{"damage_healed":0,"gold_gain":0,"player_choice":"Ignored","damage_taken":0,"max_hp_gain":0,"max_hp_loss":0,"event_name":"Ghosts","floor":24,"gold_loss":0},{"cards_removed":["Defend_G"],"damage_healed":0,"gold_gain":0,"player_choice":"Removed Skill","damage_taken":0,"max_hp_gain":0,"max_hp_loss":0,"event_name":"Falling","floor":38,"gold_loss":0},{"damage_healed":0,"gold_gain":0,"player_choice":"Fight","damage_taken":0,"max_hp_gain":0,"max_hp_loss":0,"event_name":"MindBloom","floor":47,"gold_loss":0}],"is_beta":false,"boss_relics":[{"not_picked":["Eternal Feather","Velvet Choker"],"picked":"Black Star"},{"not_picked":["Snecko Eye","Philosopher\u0027s Stone"],"picked":"Runic Pyramid"}],"items_purged_floors":[10],"is_endless":false,"potions_floor_spawned":[1,6,16,18,29,31,37,42,45,48],"ascension_level":20}