{"gold_per_floor":[209,26,46,58,58,93,93,118,118,118,118,143,158,175,175,175],"floor_reached":16,"playtime":907,"items_purged":["Strike_G"],"score":216,"play_id":"9deb6683-a39b-4627-a9c9-4461684d8c08","local_time":"20190808152441","is_ascension_mode":true,"campfire_choices":[{"data":"Neutralize","floor":7,"key":"SMITH"},{"floor":10,"key":"REST"},{"floor":15,"key":"REST"}],"neow_cost":"NONE","seed_source_timestamp":17427750678508,"circlet_count":0,"master_deck":["AscendersBane","Strike_G","Strike_G","Strike_G","Strike_G","Defend_G","Defend_G","Defend_G","Defend_G","Defend_G","Survivor","Neutralize+1","Dagger Throw","Poisoned Stab","Backflip","Skewer","Well Laid Plans","Slice","Blade Dance"],"relics":["Ring of the Snake","Du-Vu Doll","Bottled Lightning","Letter Opener","Blue Candle","The Courier"],"potions_floor_usage":[6,8,12,16],"damage_taken":[{"damage":4,"enemies":"Jaw Worm","floor":1,"turns":6},{"damage":6,"enemies":"Cultist","floor":3,"turns":5},{"damage":1,"enemies":"Small Slimes","floor":4,"turns":3},{"damage":28,"enemies":"Lagavulin","floor":6,"turns":11},{"damage":21,"enemies":"Gremlin Nob","floor":8,"turns":4},{"damage":15,"enemies":"3 Sentries","floor":12,"turns":8},{"damage":0,"enemies":"3 Louse","floor":13,"turns":4},{"damage":0,"enemies":"Large Slime","floor":14,"turns":4},{"damage":32,"enemies":"Slime Boss","floor":16,"turns":7}],"seed_played":"133573186057891403","potions_obtained":[{"floor":8,"key":"EssenceOfSteel"},{"floor":12,"key":"SkillPotion"}],"is_trial":false,"path_per_floor":["M","$","M","M","?","E","R","E","T","R","T","E","M","M","R","B"],"character_chosen":"THE_SILENT","items_purchased":["Dexterity Potion","Strength Potion"],"campfire_rested":2,"item_purchase_floors":[2,2],"current_hp_per_floor":[55,55,49,48,53,25,25,4,4,25,25,10,10,10,31,0],"gold":175,"neow_bonus":"HUNDRED_GOLD","is_prod":false,"is_daily":false,"chose_seed":false,"campfire_upgraded":1,"win_rate":0,"timestamp":1565270681,"path_taken":["M","$","M","M","?","E","R","E","T","R","?","E","M","?","R","BOSS"],"build_version":"2019-07-17","purchased_purges":1,"victory":false,"max_hp_per_floor":[66,66,66,66,71,71,71,71,71,71,71,71,71,71,71,71],"card_choices":[{"not_picked":["Underhanded Strike","Eviscerate"],"picked":"Dagger Throw","floor":1},{"not_picked":["Prepared","Blade Dance"],"picked":"Poisoned Stab","floor":3},{"not_picked":["Dodge and Roll","Underhanded Strike","Prepared"],"picked":"SKIP","floor":4},{"not_picked":["Dodge and Roll","Setup"],"picked":"Backflip","floor":6},{"not_picked":["Infinite Blades","Catalyst"],"picked":"Skewer","floor":8},{"not_picked":["Expertise","Heel Hook"],"picked":"Well Laid Plans","floor":12},{"not_picked":["Choke","Backflip"],"picked":"Slice","floor":13},{"not_picked":["Heel Hook","Masterful Stab"],"picked":"Blade Dance","floor":14}],"player_experience":767423,"relics_obtained":[{"floor":6,"key":"Du-Vu Doll"},{"floor":8,"key":"Bottled Lightning"},{"floor":9,"key":"Letter Opener"},{"floor":11,"key":"Blue Candle"},{"floor":12,"key":"The Courier"}],"event_choices":[{"damage_healed":0,"gold_gain":0,"player_choice":"Donut","damage_taken":0,"max_hp_gain":5,"max_hp_loss":0,"event_name":"Big Fish","floor":5,"gold_loss":0}],"is_beta":false,"boss_relics":[],"items_purged_floors":[2],"is_endless":false,"potions_floor_spawned":[3,8,12],"killed_by":"Slime Boss","ascension_level":16}