{"gold_per_floor":[114,124,14,14,25,25,25,55,55,65,65,90,90,90,90,90],"floor_reached":16,"playtime":922,"items_purged":[],"score":216,"play_id":"6cebef83-196c-4bca-beec-242fb600e9d9","local_time":"20190413112803","is_ascension_mode":true,"campfire_choices":[{"data":"Uppercut","floor":6,"key":"SMITH"},{"data":"Carnage","floor":13,"key":"SMITH"},{"data":"Bash","floor":15,"key":"SMITH"}],"neow_cost":"NONE","seed_source_timestamp":448205383822700,"circlet_count":0,"master_deck":["AscendersBane","Strike_R","Strike_R","Strike_R","Strike_R","Defend_R","Defend_R","Defend_R","Defend_R","Bash+1","Twin Strike","Metallicize","Uppercut+1","Cleave","Headbutt","Carnage+1","True Grit","Shrug It Off"],"relics":["Burning Blood","Dream Catcher","Shuriken","Anchor"],"potions_floor_usage":[8],"damage_taken":[{"damage":9,"enemies":"Jaw Worm","floor":1,"turns":4},{"damage":9,"enemies":"2 Louse","floor":2,"turns":3},{"damage":1,"enemies":"Cultist","floor":5,"turns":3},{"damage":20,"enemies":"3 Sentries","floor":8,"turns":11},{"damage":15,"enemies":"Lots of Slimes","floor":10,"turns":3},{"damage":20,"enemies":"Gremlin Nob","floor":12,"turns":4},{"damage":43,"enemies":"Slime Boss","floor":16,"turns":6}],"seed_played":"9141469872372131799","potions_obtained":[{"floor":2,"key":"PowerPotion"},{"floor":12,"key":"SmokeBomb"}],"is_trial":false,"path_per_floor":["M","M","$","?","M","R","?","E","T","M","$","E","R","?","R","B"],"character_chosen":"IRONCLAD","items_purchased":["Uppercut","Cleave"],"campfire_rested":0,"item_purchase_floors":[3,3],"current_hp_per_floor":[65,62,62,55,60,60,75,61,61,52,52,38,38,38,38,0],"gold":90,"neow_bonus":"RANDOM_COMMON_RELIC","is_prod":false,"is_daily":false,"chose_seed":false,"campfire_upgraded":3,"win_rate":0,"timestamp":1555144083,"path_taken":["M","M","$","?","M","R","?","E","T","?","?","E","R","?","R","BOSS"],"build_version":"2019-01-23","purchased_purges":0,"victory":false,"max_hp_per_floor":[75,75,75,75,75,75,75,75,75,75,75,75,75,75,75,75],"card_choices":[{"not_picked":["Rupture","Cleave"],"picked":"Twin Strike","floor":1},{"not_picked":["Iron Wave","Evolve"],"picked":"Metallicize","floor":2},{"not_picked":["Rupture","Wild Strike"],"picked":"Headbutt","floor":5},{"not_picked":["True Grit","Rampage"],"picked":"Carnage","floor":8},{"not_picked":["Body Slam","Burning Pact"],"picked":"True Grit","floor":10},{"not_picked":["Heavy Blade","Dual Wield"],"picked":"Shrug It Off","floor":12}],"player_experience":1158129,"relics_obtained":[{"floor":8,"key":"Shuriken"},{"floor":12,"key":"Anchor"}],"event_choices":[{"cards_removed":["Strike_R"],"damage_healed":0,"gold_gain":0,"player_choice":"Card Removal","damage_taken":7,"max_hp_gain":0,"max_hp_loss":0,"event_name":"Golden Wing","floor":4,"gold_loss":0},{"damage_healed":15,"gold_gain":0,"player_choice":"Full Heal","damage_taken":0,"max_hp_gain":0,"max_hp_loss":0,"event_name":"Wheel of Change","floor":7,"gold_loss":0},{"damage_healed":0,"gold_gain":0,"player_choice":"Ignored","damage_taken":0,"max_hp_gain":0,"max_hp_loss":0,"event_name":"Liars Game","floor":14,"gold_loss":0}],"is_beta":false,"boss_relics":[],"items_purged_floors":[],"is_endless":false,"potions_floor_spawned":[2,12],"killed_by":"Slime Boss","ascension_level":20}