{"gold_per_floor":[112,128,140,140,2,2,42,42,42,77,77,77,95,95,95,225,225,246,171,190,190,204,204,217,217,271,309,309,353,24,123,123,123],"floor_reached":33,"playtime":1344,"items_purged":["Strike_R"],"score":476,"play_id":"49bce93a-3414-42fc-9586-7c101e7fe65e","local_time":"20190813212836","is_ascension_mode":true,"campfire_choices":[{"data":"Bash","floor":6,"key":"SMITH"},{"floor":8,"key":"REST"},{"data":"Demon Form","floor":15,"key":"SMITH"},{"floor":23,"key":"RECALL"},{"floor":25,"key":"REST"},{"floor":28,"key":"REST"},{"floor":32,"key":"REST"}],"neow_cost":"NONE","seed_source_timestamp":43629528668511,"circlet_count":0,"master_deck":["AscendersBane","Strike_R","Strike_R","Strike_R","Defend_R","Defend_R","Defend_R+1","Defend_R+1","Bash+1","Disarm","Pommel Strike","Anger","Inflame","Shrug It Off","Demon Form+1","Flame Barrier","Shrug It Off","Twin Strike","Heavy Blade","Clothesline","Havoc+1","True Grit+1","Headbutt","Sword Boomerang","Shrug It Off","Disarm","Reaper"],"relics":["Burning Blood","Golden Idol","Kunai","Smiling Mask","Prayer Wheel","Mercury Hourglass","Blue Candle","Fusion Hammer","Omamori","PreservedInsect","Magic Flower","War Paint"],"potions_floor_usage":[10,16,16,24,29,33,33],"damage_taken":[{"damage":3,"enemies":"Small Slimes","floor":1,"turns":5},{"damage":1,"enemies":"2 Louse","floor":2,"turns":3},{"damage":4,"enemies":"Cultist","floor":3,"turns":3},{"damage":26,"enemies":"Gremlin Nob","floor":7,"turns":4},{"damage":22,"enemies":"Lagavulin","floor":10,"turns":6},{"damage":11,"enemies":"Blue Slaver","floor":13,"turns":4},{"damage":47,"enemies":"Slime Boss","floor":16,"turns":7},{"damage":17,"enemies":"Shell Parasite","floor":18,"turns":6},{"damage":14,"enemies":"Chosen","floor":20,"turns":5},{"damage":15,"enemies":"Snake Plant","floor":22,"turns":4},{"damage":39,"enemies":"Cultist and Chosen","floor":24,"turns":5},{"damage":12,"enemies":"Book of Stabbing","floor":27,"turns":4},{"damage":4,"enemies":"Gremlin Leader","floor":29,"turns":5},{"damage":112,"enemies":"Automaton","floor":33,"turns":12}],"seed_played":"-6691019134445960941","potions_obtained":[{"floor":1,"key":"SpeedPotion"},{"floor":7,"key":"PowerPotion"},{"floor":10,"key":"SpeedPotion"},{"floor":22,"key":"SkillPotion"},{"floor":27,"key":"EssenceOfSteel"},{"floor":29,"key":"Fire Potion"}],"is_trial":false,"path_per_floor":["M","M","M","?","$","R","E","R","T","E","?","?","M","T","R","B",null,"M","?","M","?","M","R","M","R","T","E","R","E","$","?","R","B"],"character_chosen":"IRONCLAD","items_purchased":["Inflame","Shrug It Off","Poison Potion","Reaper","PowerPotion","War Paint"],"campfire_rested":4,"item_purchase_floors":[5,5,5,30,30,30],"current_hp_per_floor":[83,88,88,66,66,66,46,72,72,56,56,53,48,48,48,7,68,57,57,49,98,89,89,56,85,85,79,98,98,98,98,98,0],"gold":123,"neow_bonus":"TEN_PERCENT_HP_BONUS","is_prod":false,"is_daily":false,"chose_seed":false,"campfire_upgraded":2,"win_rate":0,"timestamp":1565724516,"path_taken":["M","M","M","?","$","R","E","R","T","E","?","?","M","?","R","BOSS","M","?","M","?","?","R","M","R","T","E","R","E","$","?","R","BOSS"],"build_version":"2019-07-17","purchased_purges":1,"victory":false,"max_hp_per_floor":[88,88,88,88,88,88,88,88,88,88,88,88,88,88,88,88,88,88,88,88,98,98,98,98,98,98,98,98,98,98,98,98,98],"card_choices":[{"not_picked":["Dropkick","Heavy Blade"],"picked":"Disarm","floor":1},{"not_picked":["Intimidate","Heavy Blade"],"picked":"Pommel Strike","floor":2},{"not_picked":["Pommel Strike","Flex"],"picked":"Anger","floor":3},{"not_picked":["Headbutt","Power Through"],"picked":"Demon Form","floor":7},{"not_picked":["Cleave","Perfected Strike"],"picked":"Flame Barrier","floor":10},{"not_picked":["Dual Wield","Entrench"],"picked":"Shrug It Off","floor":13},{"not_picked":["Body Slam","Clash"],"picked":"Twin Strike","floor":13},{"not_picked":["Bludgeon","Brutality"],"picked":"Limit Break","floor":16},{"not_picked":["Warcry","Inflame"],"picked":"Heavy Blade","floor":18},{"not_picked":["Twin Strike+1","Perfected Strike","Flex"],"picked":"SKIP","floor":18},{"not_picked":["Heavy Blade","Double Tap"],"picked":"Clothesline","floor":20},{"not_picked":["Flame Barrier","Cleave"],"picked":"Havoc+1","floor":20},{"not_picked":["Corruption","Havoc+1"],"picked":"True Grit+1","floor":22},{"not_picked":["Perfected Strike","Wild Strike"],"picked":"Headbutt","floor":22},{"not_picked":["Havoc","Perfected Strike"],"picked":"Sword Boomerang","floor":24},{"not_picked":["Sword Boomerang","Iron Wave"],"picked":"Shrug It Off","floor":24},{"not_picked":["Warcry","Sever Soul"],"picked":"Disarm","floor":27},{"not_picked":["Flex","Wild Strike","Rage"],"picked":"SKIP","floor":29}],"player_experience":871204,"relics_obtained":[{"floor":7,"key":"Kunai"},{"floor":9,"key":"Smiling Mask"},{"floor":10,"key":"Prayer Wheel"},{"floor":14,"key":"Blue Candle"},{"floor":26,"key":"Omamori"},{"floor":27,"key":"PreservedInsect"},{"floor":29,"key":"Magic Flower"}],"event_choices":[{"damage_healed":0,"gold_gain":0,"player_choice":"Take Damage","damage_taken":22,"relics_obtained":["Golden Idol"],"max_hp_gain":0,"max_hp_loss":0,"event_name":"Golden Idol","floor":4,"gold_loss":0},{"damage_healed":0,"gold_gain":0,"player_choice":"Ignored","damage_taken":0,"max_hp_gain":0,"max_hp_loss":0,"event_name":"Liars Game","floor":11,"gold_loss":0},{"damage_healed":0,"gold_gain":0,"player_choice":"Success","damage_taken":3,"relics_obtained":["Mercury Hourglass"],"max_hp_gain":0,"max_hp_loss":0,"event_name":"Scrap Ooze","floor":12,"gold_loss":0},{"cards_removed":["Strike_R"],"damage_healed":0,"gold_gain":0,"player_choice":"Gave Gold","damage_taken":0,"max_hp_gain":0,"max_hp_loss":0,"event_name":"Beggar","floor":19,"gold_loss":75},{"cards_removed":["Limit Break"],"damage_healed":39,"gold_gain":0,"player_choice":"Offered Rare","damage_taken":0,"max_hp_gain":10,"max_hp_loss":0,"event_name":"Bonfire Elementals","floor":21,"gold_loss":0},{"damage_healed":0,"gold_gain":99,"player_choice":"Stole From Cult","damage_taken":0,"max_hp_gain":0,"max_hp_loss":0,"event_name":"Nest","floor":31,"gold_loss":0}],"is_beta":false,"boss_relics":[{"not_picked":["Astrolabe","Mark of Pain"],"picked":"Fusion Hammer"}],"items_purged_floors":[30],"is_endless":false,"potions_floor_spawned":[1,7,10,22,27,29],"killed_by":"Automaton","ascension_level":11}