{"gold_per_floor":[118,136,116,11,25,25,25,41,67,96,96,111,130,143,143,143],"floor_reached":16,"playtime":786,"items_purged":[],"score":208,"play_id":"0a25571e-b1bd-4b43-b125-2bb38c7a380a","local_time":"20190416112641","is_ascension_mode":true,"campfire_choices":[{"data":"Neutralize","floor":6,"key":"SMITH"},{"floor":11,"key":"REST"},{"floor":15,"key":"REST"}],"neow_cost":"NONE","seed_source_timestamp":707482830390400,"circlet_count":0,"master_deck":["AscendersBane","Defend_G","Defend_G","Defend_G","Defend_G","Defend_G","Strike_G","Strike_G","Strike_G","Strike_G","Strike_G","Survivor","Neutralize+1","Noxious Fumes","Poisoned Stab","Deflect","Poisoned Stab","Cloak And Dagger","Poisoned Stab","Noxious Fumes","PiercingWail","Backflip"],"relics":["Ring of the Snake","Omamori","Potion Belt","PreservedInsect"],"potions_floor_usage":[10,10,14,16],"damage_taken":[{"damage":7,"enemies":"Jaw Worm","floor":1,"turns":7},{"damage":4,"enemies":"Cultist","floor":2,"turns":5},{"damage":0,"enemies":"2 Louse","floor":5,"turns":3},{"damage":20,"enemies":"Gremlin Gang","floor":8,"turns":6},{"damage":11,"enemies":"Lagavulin","floor":10,"turns":8},{"damage":20,"enemies":"Exordium Thugs","floor":12,"turns":5},{"damage":7,"enemies":"Large Slime","floor":13,"turns":4},{"damage":6,"enemies":"Gremlin Gang","floor":14,"turns":5},{"damage":25,"enemies":"The Guardian","floor":16,"turns":5}],"seed_played":"2729550623552459709","potions_obtained":[{"floor":3,"key":"Block Potion"},{"floor":8,"key":"SpeedPotion"},{"floor":10,"key":"Dexterity Potion"},{"floor":12,"key":"LiquidBronze"},{"floor":14,"key":"Strength Potion"}],"is_trial":false,"path_per_floor":["M","M","?","$","M","R","?","M","T","E","R","M","M","M","R","B"],"character_chosen":"THE_SILENT","items_purchased":["Deflect","Poisoned Stab"],"campfire_rested":2,"item_purchase_floors":[4,4],"current_hp_per_floor":[52,48,48,48,48,48,48,28,28,17,36,16,9,3,22,0],"gold":143,"neow_bonus":"RANDOM_COMMON_RELIC","is_prod":false,"is_daily":false,"chose_seed":false,"campfire_upgraded":1,"win_rate":0,"timestamp":1555403201,"path_taken":["M","M","?","$","?","R","?","M","T","E","R","M","M","M","R","BOSS"],"build_version":"2019-01-23","purchased_purges":0,"victory":false,"max_hp_per_floor":[66,66,66,66,66,66,66,66,66,66,66,66,66,66,66,66],"card_choices":[{"not_picked":["PiercingWail","Accuracy"],"picked":"Noxious Fumes","floor":1},{"not_picked":["Blade Dance","Slice"],"picked":"Poisoned Stab","floor":2},{"not_picked":["Caltrops","Slice"],"picked":"Cloak And Dagger","floor":5},{"not_picked":["Flechettes","Flying Knee"],"picked":"Poisoned Stab","floor":8},{"not_picked":["Slice","Die Die Die"],"picked":"Noxious Fumes","floor":10},{"not_picked":["Bane","Blur"],"picked":"PiercingWail","floor":12},{"not_picked":["Setup","Bane","Poisoned Stab"],"picked":"SKIP","floor":13},{"not_picked":["Outmaneuver","Dagger Spray"],"picked":"Backflip","floor":14}],"player_experience":1173089,"relics_obtained":[{"floor":9,"key":"Potion Belt"},{"floor":10,"key":"PreservedInsect"}],"event_choices":[{"damage_healed":0,"gold_gain":0,"player_choice":"Bought 1 Potion","damage_taken":0,"max_hp_gain":0,"max_hp_loss":0,"event_name":"The Woman in Blue","floor":3,"gold_loss":0},{"damage_healed":0,"gold_gain":0,"player_choice":"Leave","damage_taken":0,"max_hp_gain":0,"max_hp_loss":0,"event_name":"FaceTrader","floor":7,"gold_loss":0}],"is_beta":false,"boss_relics":[],"items_purged_floors":[],"is_endless":false,"potions_floor_spawned":[8,10,12,14],"killed_by":"The Guardian","ascension_level":20}