{"gold_per_floor":[111,111,126,126,51,95,95,129,129,129,168,168,189,208,208,208],"floor_reached":16,"playtime":475,"items_purged":[],"score":286,"play_id":"6d141312-3a42-4e23-9010-fa294f85776f","local_time":"20190505133125","is_ascension_mode":true,"campfire_choices":[{"data":"Bash","floor":7,"key":"SMITH"},{"data":"Twin Strike","floor":10,"key":"SMITH"},{"data":"1","floor":12,"key":"LIFT"},{"data":"2","floor":15,"key":"LIFT"}],"neow_cost":"NONE","seed_source_timestamp":1060010736047399,"circlet_count":0,"master_deck":["AscendersBane","Strike_R","Strike_R","Strike_R","Strike_R","Defend_R","Defend_R","Defend_R","Defend_R","Bash+1","Twin Strike+1","Feel No Pain","Headbutt","Spot Weakness","Corruption","Burning Pact","Shrug It Off"],"relics":["Burning Blood","NeowsBlessing","Question Card","Golden Idol","Sundial","Blood Vial","Mummified Hand","Girya"],"potions_floor_usage":[6,8,16],"damage_taken":[{"damage":0,"enemies":"Jaw Worm","floor":1,"turns":1},{"damage":0,"enemies":"2 Louse","floor":3,"turns":1},{"damage":0,"enemies":"3 Sentries","floor":6,"turns":1},{"damage":35,"enemies":"Lagavulin","floor":8,"turns":5},{"damage":12,"enemies":"3 Sentries","floor":11,"turns":8},{"damage":10,"enemies":"Small Slimes","floor":13,"turns":3},{"damage":1,"enemies":"Exordium Thugs","floor":14,"turns":3},{"damage":58,"enemies":"Hexaghost","floor":16,"turns":8}],"seed_played":"2807369191599531257","potions_obtained":[{"floor":1,"key":"BloodPotion"},{"floor":3,"key":"Fruit Juice"},{"floor":6,"key":"SkillPotion"}],"is_trial":false,"path_per_floor":["M","?","M","?","?","E","R","E","T","R","E","R","M","M","R","B"],"character_chosen":"IRONCLAD","items_purchased":[],"campfire_rested":0,"item_purchase_floors":[],"current_hp_per_floor":[74,63,69,68,68,73,73,44,44,44,40,40,38,45,45,0],"gold":208,"neow_bonus":"THREE_ENEMY_KILL","is_prod":false,"is_daily":false,"chose_seed":false,"campfire_upgraded":2,"win_rate":0,"timestamp":1557052285,"path_taken":["M","?","M","?","?","E","R","E","T","R","E","R","M","?","R","BOSS"],"build_version":"2019-01-23","purchased_purges":0,"victory":false,"max_hp_per_floor":[75,75,75,68,68,73,73,73,73,73,73,73,73,73,73,73],"card_choices":[{"not_picked":["Infernal Blade","Seeing Red"],"picked":"Twin Strike","floor":1},{"not_picked":["Armaments","Shrug It Off","Bloodletting"],"picked":"Feel No Pain","floor":3},{"not_picked":["Sword Boomerang","True Grit","Cleave"],"picked":"Headbutt","floor":6},{"not_picked":["Whirlwind","Hemokinesis","Sword Boomerang"],"picked":"Spot Weakness","floor":8},{"not_picked":["Havoc","Shockwave","Uppercut"],"picked":"Corruption","floor":11},{"not_picked":["Sword Boomerang","Perfected Strike","Ghostly Armor"],"picked":"Burning Pact","floor":13},{"not_picked":["Blood for Blood","Sentinel","Headbutt"],"picked":"Shrug It Off","floor":14}],"player_experience":1297678,"relics_obtained":[{"floor":6,"key":"Sundial"},{"floor":8,"key":"Blood Vial"},{"floor":9,"key":"Mummified Hand"},{"floor":11,"key":"Girya"}],"event_choices":[{"damage_healed":0,"gold_gain":0,"player_choice":"Success","damage_taken":11,"relics_obtained":["Question Card"],"max_hp_gain":0,"max_hp_loss":0,"event_name":"Scrap Ooze","floor":2,"gold_loss":0},{"damage_healed":0,"gold_gain":0,"player_choice":"Lose Max HP","damage_taken":0,"relics_obtained":["Golden Idol"],"max_hp_gain":0,"max_hp_loss":7,"event_name":"Golden Idol","floor":4,"gold_loss":0},{"cards_removed":["Strike_R"],"damage_healed":0,"gold_gain":0,"player_choice":"Card Removal","damage_taken":0,"max_hp_gain":0,"max_hp_loss":0,"event_name":"The Cleric","floor":5,"gold_loss":75}],"is_beta":false,"boss_relics":[],"items_purged_floors":[],"is_endless":false,"potions_floor_spawned":[1,3,6],"killed_by":"Hexaghost","ascension_level":20}