{"gold_per_floor":[119,130,130,149,149,149,178,178,178,191,207,237,237,254,254,357,357,371,54,64,64],"floor_reached":21,"playtime":1459,"items_purged":["Strike_B"],"score":201,"play_id":"ca2170d7-fa82-460f-a43a-c03f9f3c7dc5","local_time":"20190724004516","is_ascension_mode":true,"campfire_choices":[{"data":"Double Energy","floor":6,"key":"SMITH"},{"data":"Echo Form","floor":8,"key":"SMITH"},{"floor":13,"key":"REST"},{"floor":15,"key":"REST"}],"neow_cost":"NONE","seed_source_timestamp":49835073826321,"circlet_count":0,"master_deck":["Strike_B","Strike_B","Strike_B","Defend_B","Defend_B","Defend_B","Defend_B","Zap+1","Dualcast","White Noise","Double Energy+1","Echo Form+1","Lockon","Go for the Eyes","Gash","Biased Cognition","Ball Lightning","Capacitor","Ball Lightning"],"relics":["Cracked Core","Blue Candle","Blood Vial","Juzu Bracelet","Busted Crown","PreservedInsect"],"potions_floor_usage":[11,12,16],"damage_taken":[{"damage":0,"enemies":"2 Louse","floor":1,"turns":3},{"damage":1,"enemies":"Cultist","floor":2,"turns":3},{"damage":11,"enemies":"Jaw Worm","floor":4,"turns":2},{"damage":23,"enemies":"Lagavulin","floor":7,"turns":8},{"damage":16,"enemies":"Lots of Slimes","floor":10,"turns":3},{"damage":3,"enemies":"Blue Slaver","floor":11,"turns":3},{"damage":19,"enemies":"3 Sentries","floor":12,"turns":7},{"damage":18,"enemies":"Gremlin Gang","floor":14,"turns":5},{"damage":6,"enemies":"Slime Boss","floor":16,"turns":7},{"damage":37,"enemies":"Shell Parasite","floor":18,"turns":6},{"damage":22,"enemies":"Spheric Guardian","floor":20,"turns":4},{"damage":29,"enemies":"3 Cultists","floor":21,"turns":3}],"seed_played":"-4174633196553558639","potions_obtained":[{"floor":1,"key":"FairyPotion"},{"floor":4,"key":"EssenceOfSteel"},{"floor":10,"key":"Swift Potion"},{"floor":11,"key":"Strength Potion"}],"is_trial":false,"path_per_floor":["M","M","?","M","$","R","E","R","T","M","M","E","R","M","R","B",null,"M","$","M","M"],"character_chosen":"DEFECT","items_purchased":["Ball Lightning","PreservedInsect","Capacitor"],"campfire_rested":2,"item_purchase_floors":[19,19,19],"current_hp_per_floor":[75,74,74,63,63,63,40,40,40,26,25,8,30,14,36,32,75,38,38,18,0],"gold":64,"neow_bonus":"UPGRADE_CARD","is_prod":false,"is_daily":false,"chose_seed":false,"campfire_upgraded":2,"win_rate":0,"timestamp":1563921916,"path_taken":["M","M","?","M","$","R","E","R","T","M","M","E","R","M","R","BOSS","M","$","M","M"],"build_version":"2019-07-17","purchased_purges":1,"victory":false,"max_hp_per_floor":[75,75,75,75,75,75,75,75,75,75,75,75,75,75,75,75,75,75,75,75,75],"card_choices":[{"not_picked":["Chill","Hologram"],"picked":"White Noise","floor":1},{"not_picked":["Hello World","Steam Power","Heatsinks"],"picked":"SKIP","floor":2},{"not_picked":["Leap","Conserve Battery"],"picked":"Double Energy","floor":4},{"not_picked":["Sweeping Beam","Chill"],"picked":"Echo Form","floor":7},{"not_picked":["Aggregate","Reprogram"],"picked":"Lockon","floor":10},{"not_picked":["Leap","Fusion"],"picked":"Go for the Eyes","floor":11},{"not_picked":["Tempest","Turbo"],"picked":"Gash","floor":12},{"not_picked":["Compile Driver","Storm","Force Field"],"picked":"SKIP","floor":14},{"not_picked":["All For One","Hyperbeam"],"picked":"Biased Cognition","floor":16},{"not_picked":["Beam Cell"],"picked":"SKIP","floor":18},{"not_picked":[],"picked":"Ball Lightning","floor":20}],"player_experience":583354,"relics_obtained":[{"floor":7,"key":"Blue Candle"},{"floor":9,"key":"Blood Vial"},{"floor":12,"key":"Juzu Bracelet"}],"event_choices":[{"damage_healed":0,"gold_gain":0,"player_choice":"Ignored","damage_taken":0,"max_hp_gain":0,"max_hp_loss":0,"event_name":"NoteForYourself","floor":3,"gold_loss":0}],"is_beta":false,"boss_relics":[{"not_picked":["Lizard Tail","FrozenCore"],"picked":"Busted Crown"}],"items_purged_floors":[19],"is_endless":false,"potions_floor_spawned":[1,4,10,11],"killed_by":"3 Cultists","ascension_level":1}